2553 3526
142 299 201 328 505
980 285 1224 330 QUINZIEME
1247 284 1406 321 ANNEE.
2187 298 2243 326 505

145 363 327 403 prestiterit
339 362 578 401 juramentum,
596 361 744 399 prefatus
762 360 1031 398 archiepiscopus
1050 358 1152 397 proti-

144 425 208 446 nus
224 415 370 454 injunxit
385 414 504 451 eidem,
515 418 549 443 ut
562 413 733 450 sexaginta
745 422 873 442 marcas
890 412 966 447 sihi,
985 420 1042 450 pro
1059 411 1153 441 satis-

144 469 290 500 factione
305 467 391 497 dicte
407 467 614 497 contumacie
631 475 666 495 ac
684 466 837 504 expensis
854 474 936 504 quas
951 469 1082 503 propter
1092 463 1153 493 hoc

142 532 180 552 se
210 521 330 551 fecisse
358 519 504 555 dicebat,
532 519 619 549 idem
649 519 822 556 episcopus
852 517 1039 551 exhiberet;
1071 525 1153 555 quas

142 575 176 605 ei
210 574 298 609 licet,
338 574 423 603 non¹
455 572 601 602 relaxata
634 572 781 610 predicta
813 570 1045 609 suspensionis
1082 578 1153 598 sen—

143 626 261 660 tentia,
292 630 406 655 contra
433 625 598 664 justitiam
631 624 845 662 persolvisset
874 623 1012 656 invitus,
1045 621 1154 650 nichi-

142 679 290 710 lominus
319 683 428 708 tamen
453 678 541 707 idem
564 677 834 715 archiepiscopus
861 676 970 714 ipsum
993 674 1153 714 quasdam

141 732 272 762 litteras
287 730 446 770 compulit
463 730 624 769 sigillare.
644 739 702 768 per
718 738 800 768 quas
817 738 852 759 se
869 728 946 763 sibi,
964 728 1154 767 juramento

142 789 176 815 et
193 793 278 823 pena
295 789 429 814 centum
447 792 633 813 marcarum
650 782 871 820 interpositis,
889 780 1048 818 obligavit
1067 780 1154 819 quod

140 838 183 868 de
201 843 311 868 cetero
327 837 367 867 ab
380 837 505 876 injusta
517 836 597 866 cleri
613 841 644 865 et
658 834 769 874 populi
787 834 1045 872 Oxorien[sium]
1061 842 1155 863 vexa-

144 891 234 921 tione
256 895 413 920 cessaret.
434 890 523 926 Quos
546 889 699 928 quamvis
721 888 808 918 idem
832 888 1005 926 episcopus
1029 896 1063 916 se
1090 895 1155 916 non

142 944 256 975 credat
272 943 398 983 injuste
415 952 570 981 gravasse
588 947 619 972 et
636 946 793 980 proponat
810 942 844 971 in
863 946 1041 979 posterum.
1058 940 1155 969 dante

143 997 297 1033 Domino,
316 1005 382 1026 non
400 1005 549 1034 gravare,
572 995 651 1034 quia
674 1000 782 1024 tamen
806 999 919 1024 contra
935 993 1154 1032 episcopalem

145 1051 354 1081 honestatem
378 1050 510 1080 videtur
536 1049 622 1088 quod
649 1049 719 1087 ipse
751 1057 785 1078 se
810 1048 850 1078 ad
876 1047 948 1081 hoc,
969 1047 1155 1076 litterarum

142 1103 359 1141 obligatione,
375 1103 566 1142 juramento
586 1106 616 1132 et
640 1110 724 1140 pena
743 1100 962 1139 interpositis.
981 1099 1154 1137 obligaret,

142 1161 177 1187 et
194 1156 274 1195 quia
295 1165 354 1194 pro
375 1155 504 1185 modico
530 1154 581 1185 vel
605 1154 697 1184 nullo
717 1163 854 1184 excessu
879 1153 919 1183 ab
942 1152 1062 1182 emulis
1085 1152 1155 1182 suis

145 1209 285 1248 perjurii
300 1208 441 1238 infamia
456 1207 700 1246 impingeretur
719 1207 838 1240 eidem,
863 1215 922 1235 nos
941 1205 1028 1235 dicto
1045 1204 1155 1234 archi-

143 1262 299 1301 episcopo
313 1271 371 1301 per
386 1261 515 1291 litteras
530 1265 660 1290 nostras
674 1260 882 1299 injunximus
894 1264 938 1295 ut,
956 1259 984 1288 si
996 1263 1082 1288 esset
1097 1258 1154 1293 ita,

143 1316 251 1346 forma
265 1319 441 1346 contentus
457 1314 628 1348 canonica,
647 1322 746 1352 quam
766 1312 912 1351 episcopi
930 1311 1156 1350 metropolita-

145 1370 198 1400 nis
214 1369 286 1400 suis
304 1368 395 1399 soliti
410 1372 489 1398 sunt
505 1372 665 1406 prestare.
682 1367 910 1406 juramentum
928 1366 976 1395 sic
992 1369 1155 1396 extortum

144 1427 177 1453 et
199 1431 319 1461 penam
341 1421 525 1460 predictam
546 1420 694 1450 relaxare
717 1428 914 1458 procurans,
938 1428 1099 1457 expensas
1125 1422 1153 1448 et

144 1475 321 1515 pecuniam
352 1483 435 1514 quas
468 1474 508 1504 ab
538 1482 576 1504 eo
602 1478 715 1503 contra
741 1473 908 1511 justitiam
940 1473 1063 1502 fecerat
1090 1471 1155 1501 sibi

144 1528 242 1563 solvi,
258 1532 290 1558 et
303 1527 434 1557 litteras
450 1526 559 1557 eidem
578 1525 767 1556 restitueret
786 1525 985 1559 antedictas;
1005 1525 1155 1564 injuncto

145 1580 396 1612 venerabilibus
425 1579 586 1609 fratribus
614 1579 738 1608 nostris
766 1601 790 1607 ..
813 1578 1044 1615 VVigorniensi
1073 1582 1103 1607 et
1135 1601 1154 1606 ..

146 1632 385 1664 lleresordensi
396 1631 561 1671 episcopis
578 1635 609 1661 et
627 1654 646 1660 ..
663 1631 787 1660 decano
802 1631 1039 1661 Heresordensi
1057 1631 1154 1669 quod,

145 1687 175 1718 si
193 1687 342 1726 prefatus
365 1685 635 1724 archiepiscopus
658 1684 851 1714 mandatum
878 1688 1028 1713 nostrum
1051 1683 1158 1721 negli-

146 1745 237 1779 geret
260 1739 452 1778 adimplere,
470 1738 536 1777 ipsi
552 1746 627 1768 eum
645 1737 685 1766 ad
702 1737 735 1766 id
751 1754 790 1758 --
809 1746 925 1775 cogere
942 1740 1158 1774 procurarent

145 1804 198 1830 —-;
218 1792 395 1823 commisso
418 1791 658 1821 nichilominus
679 1790 816 1824 eisdem,
835 1799 893 1828 per
909 1789 992 1819 alias
1015 1789 1154 1823 litteras,

143 1847 207 1878 sub
222 1845 390 1876 communi
406 1845 524 1880 forma,
542 1843 673 1881 negotio
691 1852 789 1881 super
807 1843 915 1873 terris,
935 1842 1068 1872 debitis.
1087 1852 1156 1880 pos.

145 1898 353 1930 sessionibus
374 1903 405 1928 et
423 1897 522 1927 rebus
539 1896 616 1926 aliis
633 1896 776 1934 quihus²
793 1896 881 1925 idem
899 1896 1072 1934 episcopus
1092 1895 1157 1925 sibi

145 1953 270 1989 dictum
300 1951 587 1988 archiepiscopum
620 1949 776 1988 injuriari
813 1949 954 1978 dicebat.
990 1949 1155 1987 Cumque,

144 2006 218 2044 ipso
238 2004 486 2043 archiepiscopo
510 2003 701 2032 mandatum
725 2007 874 2032 nostrum
895 2002 1076 2040 adimplere
1099 2011 1157 2031 no-

146 2058 247 2093 lente,
269 2057 348 2087 dicti
365 2057 507 2096 judices,
526 2055 648 2095 quihus
667 2055 874 2093 postmodum
893 2064 949 2092 per
966 2054 1049 2084 alias
1068 2054 1157 2083 litte-

147 2121 202 2141 ras
230 2111 350 2141 iterato
377 2109 609 2139 mandavimus
631 2113 683 2138 ut.
710 2118 784 2137 cum
811 2108 852 2137 al)
877 2108 941 2138 eis.
972 2113 1157 2146 opponente

147 2165 220 2203 ipso
235 2163 485 2202 archiepiscopo
502 2162 600 2201 quod,
616 2167 760 2199 tempore
778 2161 1022 2199 impetrationis
1035 2161 1157 2190 littera-

148 2226 222 2255 rum
241 2222 441 2249 nostrarum,
459 2216 567 2245 dictus
579 2215 754 2253 episcopus
772 2214 903 2243 vinculo
920 2214 1021 2245 suerit
1034 2223 1159 2243 excom-

149 2270 388 2305 municationis
418 2269 591 2302 astrictus,
623 2268 657 2297 in
688 2268 798 2297 causis
832 2277 895 2297 non
926 2268 1159 2306 procederetur

148 2312 287 2357 eisdem,
314 2327 345 2353 et
365 2323 433 2362 jam
457 2327 544 2351 esset
568 2321 640 2360 ipsa
666 2321 833 2350 sententia
855 2320 1010 2350 relaxata.
1038 2321 1102 2359 ipsi
1125 2321 1159 2349 in

150 2365 323 2415 premissis
340 2375 451 2405 causis
470 2380 501 2405 et
520 2374 664 2413 negotiis
684 2374 749 2404 sibi
771 2374 959 2404 commissis
976 2374 1068 2413 juxta
1086 2383 1160 2412 pre-

148 2429 312 2459 dictarum
340 2428 556 2467 procederent
580 2427 821 2457 continentiam
850 2426 1052 2461 litterarum,
1079 2436 1161 2465 qua-

151 2482 302 2512 rumdam
317 2480 699 2511 excommunicationum
716 2484 745 2509 et
764 2479 840 2509 aliis
857 2480 1105 2518 exceptionibus
1123 2489 1160 2510 ex

151 2539 243 2574 parte
258 2534 338 2564 dicti
352 2533 594 2572 archiepiscopi
608 2533 781 2571 oppositis,
796 2538 891 2571 prout
902 2533 941 2563 de
951 2534 1026 2572 jure
1039 2534 1160 2567 suerat,

151 2587 345 2626 reprobatis,
375 2587 482 2616 eidem
507 2586 774 2624 archiepiscopo,
804 2595 903 2625 quem
929 2586 994 2616 sihi
1020 2595 1078 2624 pro
1102 2595 1162 2615 sua

150 2640 360 2671 contumacia
380 2640 414 2669 in
435 2639 657 2678 quadraginta
680 2639 829 2677 quinque
846 2639 967 2668 marcis
985 2639 1163 2677 condemp-

152 2697 313 2724 naverant
327 2701 385 2731 pro
397 2692 562 2731 expensis,
576 2692 751 2731 questione
765 2701 864 2730 super
875 2692 1075 2730 quibusdam
1087 2691 1163 2721 aliis

150 2746 306 2785 expensis
322 2745 469 2784 episcopi
485 2749 663 2780 reservata,
683 2745 723 2774 ad
739 2745 990 2775 contestandum
1008 2745 1100 2774 litem
1115 2754 1164 2774 co-

187 2878 208 2902 1.
229 2877 282 2902 Les
301 2881 372 2901 mots
393 2884 448 2900 non
466 2881 492 2900 et
508 2878 647 2900 sententia
665 2880 713 2900 ont
729 2876 772 2900 ete
788 2877 896 2907 ajoutes
911 2876 992 2907 apres
1007 2884 1079 2907 coup
1096 2876 1165 2900 dans

154 2921 328 2952 l'interligne.

187 2965 212 2989 2.
229 2968 287 2996 Sic,
301 2967 435 2996 peut-c'tre
453 2972 524 2996 pour
539 2972 625 2994 super
640 2966 753 2994 quibus.

1236 366 1305 386 ram
1320 357 1368 387 eis
1383 363 1507 387 certum
1522 359 1699 388 terminum
1718 360 1925 397 pretixissent
1940 370 1945 388 ε
1960 360 2237 399 archiepiscopus.

1236 409 1276 438 ab
1302 409 1427 439 eisdem
1452 410 1621 448 judicibus
1648 421 1682 441 se
1704 412 1887 450 appellasse
1912 413 2116 449 confingens.
2144 423 2242 451 super

1236 462 1456 500 appellatione
1482 473 1540 493 sua
1567 465 1607 493 ad
1631 464 1854 494 venerabilem
1880 466 2016 494 fratrem
2044 471 2191 495 nostrum
2222 490 2240 495 ..

1237 515 1481 546 Lismorensem
1507 517 1708 555 episcopum.
1737 518 1807 556 ejus
1833 518 2060 547 adversarium
2083 520 2241 550 manifes-

1237 573 1316 600 tum.
1341 573 1373 598 et
1396 578 1472 599 suos
1499 570 1700 609 conjudices.
1722 576 1754 600 ut
1774 571 1882 609 ipsum
1903 571 2054 609 fatigaret
2073 571 2241 601 laboribus

1237 625 1267 650 et
1284 622 1448 659 expensis.
1467 632 1483 651 a
1504 623 1599 652 nobis
1618 623 1746 653 litteras
1766 624 1966 662 impetravit.
1984 626 2009 654 Α
2027 625 2149 663 quihus
2169 635 2242 663 pro-

1236 678 1368 703 curator
1392 674 1498 712 ipsius
1517 675 1673 714 episcopi.
1699 685 1735 706 cx
1757 685 1794 706 eo
1811 677 1959 706 sentiens
1976 685 2010 706 se
2027 677 2150 716 injuste
2167 687 2244 715 gra-

1238 727 1318 761 vari,
1341 727 1427 766 quod
1446 728 1593 758 indutias
1620 729 1660 757 ad
1681 729 1943 764 deliberandum,
1966 739 2048 768 quas
2074 739 2244 769 nunquam

1237 779 1432 815 habuerant,
1459 781 1546 810 infra
1575 791 1657 820 quas
1683 782 1873 820 episcopum
1904 782 2012 820 ipsum
2043 783 2240 819 consuleret,

1238 837 1348 862 utrum
1363 833 1461 863 vellet
1480 834 1677 864 contendere
1698 835 1875 864 velcedere
1893 836 2073 874 questioni.
2092 836 2155 865 sihi
2171 846 2244 866 con—

1237 885 1352 915 cedere
1368 891 1480 915 contra
1494 887 1660 925 justitiam
1677 887 1895 925 denegabant.
1915 898 1950 918 ac
1970 889 2007 918 de
2025 889 2244 927 appellatione

1237 938 1343 976 ipsius
1359 938 1614 977 archiepiscopi.
1633 940 1771 970 minime
1795 941 1926 978 cognito
1949 950 2048 979 super
2068 942 2244 980 principali

1238 991 1378 1028 negotio,
1396 1001 1566 1029 perperam
1584 993 1815 1030 procedebant,
1832 1002 1888 1031 pro
1905 994 2018 1023 eodem
2037 994 2189 1033 episcopo
2206 996 2245 1025 ad

1238 1049 1384 1073 nostram
1402 1045 1606 1074 audientiam
1626 1045 1816 1083 appellavit.
1836 1046 1899 1076 Sed
1916 1047 2147 1085 dictijudices,
2167 1047 2246 1085 legi-

1238 1097 1318 1126 tima
1337 1097 1408 1135 ejus
1430 1097 1650 1135 appellatione
1671 1104 1868 1137 contempta.
1893 1100 2245 1130 excommunicationis

1238 1150 1437 1180 sententiam
1462 1150 1496 1179 in
1523 1151 1662 1180 eundem
1679 1151 1910 1181 Ossoriensem
1928 1152 2116 1190 episcopum
2134 1158 2246 1191 protu—

1237 1202 1360 1232 lerunt.
1384 1203 1500 1232 Dictus
1524 1208 1633 1233 autem
1659 1203 1939 1242 archiepiscopus.
1961 1206 2153 1242 gravamina
2172 1215 2246 1243 gra-

1238 1255 1429 1285 vaminibus
1445 1255 1619 1285 cumulans
1632 1261 1661 1285 et
1675 1257 1899 1295 episcopatum
1916 1257 2146 1288 Ossoriensem
2165 1264 2246 1288 tota-

1238 1308 1314 1338 liter
1332 1317 1508 1346 occupans.
1526 1309 1571 1338 ita
1585 1309 1672 1347 quod
1687 1318 1743 1347 per
1757 1310 1937 1339 triennium
1956 1315 1987 1340 et
2003 1311 2145 1349 amplius
2159 1312 2245 1341 idem

1238 1361 1446 1391 Ossoriensis
1470 1361 1573 1391 nichil
1602 1362 1771 1400 percipere
1794 1363 1898 1400 potuit
1927 1372 1963 1393 ex
1987 1363 2111 1393 eodem.
2136 1365 2247 1393 onmia

1239 1414 1324 1443 bona
1342 1415 1448 1452 ipsius
1468 1415 1688 1449 Ossoriensis,
1714 1424 1777 1454 que
1799 1416 1832 1444 in
1858 1416 1952 1445 domo
1970 1416 2111 1445 fratrum
2132 1417 2246 1447 Predi-

1239 1472 1385 1496 catorum
1405 1467 1443 1497 de
1464 1467 1636 1506 Kilkenny
1655 1468 1784 1498 invenit
1802 1468 1961 1506 deposita.
1983 1477 2039 1506 per
2055 1468 2247 1498 violentiam

1239 1520 1431 1558 asportavit.
1459 1521 1609 1558 Insuper,
1639 1521 1679 1550 ab
1705 1521 1898 1550 hominihus
1927 1522 2074 1560 ejusdem
2103 1522 2247 1560 episcopi

1236 1574 1463 1613 juramentum
1484 1573 1653 1603 tidelitatis
1670 1579 1881 1613 extorquens,
1900 1580 1930 1604 et
1945 1575 2104 1605 beneficia
2122 1575 2155 1604 in
2177 1575 2247 1605 dio-

1240 1627 1307 1657 cesi
1330 1627 1521 1657 Ossoriensi
1546 1628 1695 1657 vacantia
1719 1628 1757 1658 de
1780 1629 1866 1658 facto
1893 1629 2083 1661 conferens,
2109 1628 2183 1658 licet
2209 1629 2247 1658 de

1237 1680 1311 1719 jure
1329 1679 1528 1718 nequiverit,
1552 1680 1740 1710 heneficiis¹
1760 1690 1823 1719 que
1840 1681 1927 1710 idem
1945 1681 2118 1719 episcopus
2135 1682 2247 1711 conse-

1241 1733 1342 1762 renda
1351 1733 1499 1762 duxerat.
1515 1733 1652 1763 clericos
1666 1734 1722 1772 qui
1738 1733 1851 1763 eadem
1867 1734 2091 1772 possidebant,
2105 1734 2247 1772 spoliare

1241 1790 1271 1815 et
1295 1785 1370 1815 aliis
1396 1786 1467 1823 ipsa
1495 1794 1552 1823 pro
1577 1795 1636 1815 sua
1662 1786 1831 1816 voluntate
1859 1787 2008 1816 conferre
2034 1788 2246 1825 presumpsit.

1240 1839 1348 1875 Quare
1366 1838 1461 1867 nobis
1477 1838 1564 1868 idem
1590 1839 1763 1877 episcopus
1790 1839 1963 1869 humiliter
1983 1840 2181 1878 supplicavit
2200 1847 2246 1870 ut.

1240 1900 1315 1920 cum
1332 1892 1402 1929 ipse
1418 1892 1464 1921 ita
1485 1892 1527 1920 sit
1551 1892 1662 1922 labore
1679 1893 1825 1930 corporis
1852 1898 1882 1922 et
1903 1892 2014 1923 dolore
2034 1894 2154 1923 mentis
2173 1903 2247 1931 gra-

1240 1945 1403 1983 viterjam
1420 1945 1564 1974 attritus.
1583 1945 1669 1983 quod
1689 1945 1722 1974 in
1739 1946 1849 1975 causis
1864 1946 1951 1975 istis.
1971 1955 2027 1984 pro
2042 1947 2163 1985 quibus
2180 1947 2249 1985 plu-

1240 1997 1306 2027 ries
1321 2006 1339 2026 a
1355 1997 1478 2027 finibus
1496 1998 1612 2027 mundi
1633 1998 1671 2027 ad
1695 1999 1813 2028 Sedem
1834 1999 2056 2036 Apostolicam
2074 1999 2247 2029 laboravit.

1240 2056 1269 2080 et
1294 2060 1368 2089 que.
1396 2060 1453 2089 per
1478 2056 1620 2090 quatuor
1641 2060 1746 2081 annos
1769 2057 1799 2081 et
1821 2052 1963 2090 amplius
1981 2053 2050 2091 jam
2074 2057 2247 2090 protracte.

1240 2104 1386 2133 nondum
1410 2104 1449 2133 ad
1475 2104 1544 2133 litis
1568 2104 1844 2134 contestationem
1868 2110 2043 2142 potuerunt
2065 2105 2248 2143 pervenire.

1240 2156 1390 2187 laborare
1408 2166 1472 2186 non
1491 2157 1606 2195 possit.
1622 2162 1651 2187 et
1666 2157 1773 2187 dictus
1790 2157 2059 2196 archiepiscopus
2075 2158 2116 2187 sit
2132 2158 2166 2187 in
2181 2168 2252 2196 par-

1240 2209 1330 2239 tibus
1347 2210 1492 2239 Ybernie
1512 2210 1557 2239 ita
1577 2215 1692 2248 potens
1712 2216 1742 2240 et
1763 2211 1808 2239 sic
1833 2210 2057 2249 episcopatum
2077 2211 2252 2241 Ossorien-

1242 2272 1310 2293 sem
1335 2263 1538 2299 exhauserit,
1562 2264 1648 2302 quod
1671 2264 1818 2301 prefatus
1845 2264 2018 2302 episcopus
2044 2273 2118 2293 cum
2144 2273 2180 2293 eo
2204 2264 2251 2293 ibi

1243 2326 1302 2346 nec
1329 2317 1431 2354 possit
1459 2326 1519 2346 nec
1549 2317 1665 2346 audeat
1690 2317 1832 2354 litigare.
1867 2317 2039 2354 providere
2069 2326 2167 2355 super
2190 2317 2250 2346 hoc

1243 2369 1320 2402 sibi,
1339 2378 1403 2399 non
1419 2369 1571 2399 obstante
1592 2370 1677 2408 quod
1695 2370 1734 2399 ad
1754 2369 2009 2407 appellationem
2026 2378 2119 2398 suam
2141 2379 2252 2407 prose-

1244 2422 1409 2461 quendam
1426 2422 1514 2451 infra
1531 2431 1654 2451 annum
1668 2422 1785 2452 Sedem
1803 2421 2036 2460 Apostolicam,
2055 2422 2253 2460 impeditus2

1244 2484 1439 2512 guerrarum
1456 2474 1628 2513 periculis,
1649 2475 1739 2504 adire
1758 2484 1822 2504 non
1840 2475 1956 2512 potuit.
1977 2479 2112 2512 paterna
2129 2475 2254 2505 sollici-

1245 2528 1359 2557 tudine
1377 2537 1569 2557 curaremus
1586 2545 1637 2556 —.
1662 2528 1735 2556 Dat.
1755 2527 1920 2557 Laterani.
1944 2527 2010 2557 XII
2027 2527 2185 2557 kalendas
2199 2528 2254 2566 ju-

1246 2581 1305 2615 nii.
1324 2590 1411 2610 anno
1428 2581 1685 2620 quintodecimo.
1707 2594 1718 2606 n

1319 2739 1436 2766 8⁰28
1846 2738 1966 2771 Latran,
1981 2739 2013 2766 14
2029 2739 2088 2766 mai
2105 2739 2183 2765 1241.

1283 2799 1549 2834 Archipresbytero
1576 2799 1777 2828 L'rbevetano.
1801 2815 1835 2818 —
1866 2800 2113 2834 conquerentibus
2141 2800 2256 2826 clericis

1282 2915 1303 2938 1.
1322 2918 1371 2939 Ms.
1389 2924 1394 2938 :
1413 2915 1554 2938 beneficia.

1280 2960 1304 2983 ⁶2.
1320 2961 1369 2982 Ms.
1385 2968 1391 2982 ;
1406 2959 1554 2989 impeditis.
