2553 3526
297 300 349 329 2201
1024 292 1262 323 REGISTRES
1286 290 1341 319 DE
1364 283 1586 320 GREGOIHE
1611 291 1666 320 ix.
2339 289 2396 319 292

295 367 363 394 aliis
389 365 538 392 mandatis
563 364 597 391 ad
624 373 683 390 rem
710 364 832 389 ean-lem
859 361 1087 397 pertinentibus,
1111 359 1245 392 adjectis.
1272 372 1304 375 —

295 417 382 448 (Rae.
400 415 443 441 20.
461 415 480 440 f.
496 414 528 440 22
545 419 590 445 1·“’;
607 422 677 439 ann.
694 413 775 443 XIV,
794 421 817 438 c.
837 412 900 438 133:
919 426 949 428 —
967 412 1004 436 vt'.
1022 416 1117 441 supra,
1133 412 1161 434 11ο
1178 407 1269 438 4034.)

337 529 349 543 α
370 540 389 545 ..
410 517 518 545 Sancte
538 516 700 544 Trinitatis
722 513 947 542 Londom'vnsis.
967 517 992 540 cl
1011 535 1030 539 ..
1051 512 1083 539 cie·
1103 511 1224 547 Spinelo
1240 514 1265 537 el
1284 532 1303 537 ..

295 571 329 598 tle
346 570 533 601 Blalsenzora,
550 568 750 596 ,vora-iwnsis
768 572 792 594 cl
810 566 1027 594 Londotzirnsis
1043 564 1204 592 diocesani.
1221 563 1307 599 prio-

1092 615 1250 654 priorisse
1276 619 1307 644 et

298 679 479 705 conventus
511 673 572 712 [de]
603 671 799 702 Haltiwetl..
836 671 963 700 ordinis
993 669 1080 699 lteati
1113 668 1304 706 Augustini,

298 624 392 651 ribus.
423 621 624 651 Dilectarum
651 620 684 648 in
711 619 843 649 Christo
870 617 1013 647 tiliarum
1042 640 1061 645 ..

300 726 542 757 Londoniensis
557 725 710 756 diocesis,
724 724 818 753 nobis
829 723 975 753 exhibita
990 723 1104 761 petitio
1116 721 1305 751 continebat

297 781 392 819 quod,
417 788 491 809 cum
515 779 567 817 pie
587 778 744 808 memorie
771 781 905 806 sanctus
931 777 1035 813 Ilugo.
1060 774 1306 804 Lincolniensis

297 834 483 872 episcopus,
506 831 755 870 possessionum
778 835 805 859 et
831 829 1017 859 reddituum
1036 828 1182 866 ipsarum
1204 827 1307 856 nimia

298 887 458 916 tenuitate
485 889 634 924 pensata.
663 883 835 913 ecclesiam
866 883 903 911 de
927 881 1123 911 XYellcwes.
1143 881 1217 919 jure
1243 880 1308 909 sibi

298 941 476 970 diocesano
492 938 687 977 subjectam,
702 942 795 975 prout
808 935 973 974 spectabat
988 935 1025 964 ad
1044 934 1164 972 ipsum.
1179 932 1308 971 patroni

298 993 447 1032 ejusdem
464 991 638 1021 accedente
656 998 832 1023 consensu,
852 989 898 1018 eis
916 988 949 1017 in
967 997 1047 1017 usus
1065 987 1214 1025 proprios
1231 995 1309 1016 con-

299 1046 466 1079 cessisset,
489 1044 658 1081 assignata
675 1043 743 1072 illis
761 1042 894 1071 interim
914 1041 948 1070 in
968 1041 1039 1079 ipsa
1056 1040 1203 1079 quinque
1222 1048 1310 1068 mar-

299 1107 412 1128 carum
443 1097 571 1135 argenti
601 1106 711 1126 annua
738 1095 910 1134 pensione,
941 1099 969 1124 et
1002 1103 1060 1123 nos
1089 1093 1306 1132 postmodum,

300 1152 379 1181 dicti
402 1151 508 1180 sancti
534 1149 783 1180 concessionem
809 1152 911 1177 ratam
932 1147 1048 1176 haberi
1072 1146 1230 1180 volentes,
1254 1155 1310 1184 ap-

299 1204 526 1244 prehendendi
556 1203 801 1242 possessionem
832 1202 953 1240 ipsius,
985 1210 1059 1230 cum
1084 1205 1228 1235 vacaret,
1263 1199 1310 1229 eis

299 1258 495 1289 auctoritate
524 1256 703 1295 apostolica
727 1255 915 1285 dederimus
937 1254 1144 1287 facultatem,
1169 1254 1311 1283 maxime

299 1321 375 1341 cum
393 1310 629 1340 Lincolniense
647 1308 827 1347 capitulum
850 1308 886 1337 de
911 1307 1062 1336 mandato
1087 1311 1198 1336 nostro
1215 1315 1312 1335 suum

299 1364 417 1394 adhoc
436 1362 637 1401 prestitisset
661 1370 846 1394 assensum,
872 1384 890 1389 ..
916 1360 1018 1398 priori
1038 1360 1150 1390 Sancti
1168 1359 1314 1389 Salvato-

301 1418 356 1449 risv
378 1415 627 1446 NVintoniensis
645 1415 799 1444 diocesis.
819 1418 849 1443 ct
867 1413 1002 1451 collegis
1020 1413 1089 1443 suis
1108 1422 1166 1451 per
1183 1417 1313 1442 nostras

300 1470 430 1499 litteras
449 1468 689 1498 nichilominus
709 1468 922 1507 injungentes
941 1471 973 1496 ut
991 1476 1046 1496 eas
1063 1475 1126 1496 non
1144 1466 1314 1504 permitte-

303 1528 386 1557 rent,
405 1527 520 1552 contra
541 1521 749 1559 indulgentie
770 1521 915 1559 predicte
937 1525 1094 1554 tenorem,
1120 1528 1218 1557 super
1242 1528 1315 1557 pre-

303 1576 416 1605 missis
439 1575 478 1605 ab
507 1575 677 1614 aliquibus
705 1574 852 1603 indebite
878 1573 1059 1607 molestari,
1086 1572 1315 1602 molestatores

304 1634 375 1659 etc..
395 1637 501 1667 usque
520 1639 526 1657 z
545 1627 781 1666 compescendo
800 1637 806 1656 :
825 1626 1027 1656 venerabilis
1045 1626 1147 1655 frater
1164 1630 1276 1655 noster
1295 1648 1314 1654 ..

304 1682 551 1712 Lincolniensis
566 1682 753 1720 episcopus.
769 1689 868 1719 super
883 1680 996 1710 eadem
1014 1679 1152 1709 ecclesia
1170 1679 1252 1717 ipsis
1269 1679 1317 1708 in-

300 1736 450 1775 juriosus
476 1736 633 1769 01151005,
659 1735 780 1764 dictam
806 1734 1001 1772 pensionem
1030 1742 1087 1771 per
1112 1757 1131 1763 ..
1156 1737 1317 1762 rectorem

304 1789 453 1828 ejt1sdem
480 1788 618 1818 ecclesie
645 1787 813 1819 subtrahi.
842 1787 927 1817 sicut
957 1791 1120 1818 asserunt.
1150 1787 1320 1816 mandavit

305 1843 441 1873 eisdem.
466 1843 585 1879 Quare.
608 1851 681 1872 cum
707 1842 796 1880 prior
816 1846 845 1871 et
869 1841 940 1880 ejus
964 1841 1086 1878 college
1111 1841 1242 1879 prefati,
1261 1849 1318 1878 pro

304 1906 342 1926 eo
369 1896 457 1935 quod
479 1895 626 1934 ejusdem
652 1895 898 1924 Lincolniensis
925 1894 1071 1932 episcopi
1098 1898 1175 1923 sunt
1194 1893 1317 1928 clerici,

305 1949 495 1979 recusarint
522 1948 697 1987 procedere
722 1953 835 1977 contra
858 1948 978 1986 ipsum,
1007 1947 1172 1985 provideri
1199 1946 1264 1976 sibi
1285 1947 1319 1975 in

307 2002 369 2032 hac
401 2007 492 2040 parte
523 2001 696 2031 humiliter
725 2001 902 2039 petierunt.
933 2001 1094 2037 Quocirca
1125 2000 1321 2029 mandamus

310 2060 485 2094 quatenus,
506 2055 534 2083 si
558 2059 607 2084 est.
630 2054 686 2084 ita.
705 2054 868 2092 prefatum
887 2053 1076 2091 episcopum
1094 2057 1128 2082 ut
1146 2053 1185 2081 ab
1205 2052 1322 2091 hujus-

307 2108 394 2137 modi
427 2116 541 2137 earum
571 2095 719 2136 indebita
748 2106 977 2135 molestatione
1004 2106 1160 2135 desistat.
1188 2114 1323 2135 monere

309 2170 345 2190 ac
365 2161 522 2190 inducere
547 2160 742 2198 procuretis.
772 2159 806 2189 Si
833 2168 908 2188 vero
932 2159 1020 2188 idem
1044 2159 1179 2188 monitis
1204 2158 1323 2188 vestris

307 2215 519 2253 acquiescere
546 2215 629 2243 forte
660 2213 814 2244 noluerit.
840 2222 907 2242 vos.
934 2213 1024 2252 juxta
1051 2213 1151 2251 primi
1178 2213 1326 2255 mandati

308 2268 414 2297 nostri
437 2272 596 2301 tenorem,
622 2276 686 2296 non
712 2266 913 2305 permittatis
937 2266 1069 2295 easdem
1091 2266 1130 2295 ab
1156 2265 1325 2305 aliquibus

308 2321 456 2350 indebite
476 2320 658 2353 molestari,
678 2319 906 2349 molestatores
926 2319 1141 2358 l1[ujusmodi]
1162 2319 1248 2359 [etc..
1270 2329 1326 2349 us-

309 2383 373 2412 que
393 2373 413 2412 z]
431 2373 680 2411 compescendo,
704 2372 844 2401 taxaturi
862 2372 1081 2410 postmodum.
1101 2372 1238 2402 ecclesie
1252 2381 1326 2410 pre-

309 2428 375 2457 fate
391 2427 528 2457 cedente
550 2425 601 2456 vel
618 2426 797 2456 decedente
815 2430 952 2459 rectore,
972 2425 1005 2454 in
1024 2435 1058 2455 ea
1079 2434 1258 2463 congruam
1278 2425 1326 2454 vi-

309 2480 443 2516 cariam,
463 2489 500 2510 ex
517 2489 582 2518 qua
596 2479 742 2509 vicarius
763 2479 821 2517 qui
844 2488 900 2517 pro
923 2483 1067 2516 tempore
1088 2479 1200 2513 fuerit,
1219 2478 1326 2508 valeat

310 2542 454 2571 congrue
471 2533 665 2567 sustentari,
680 2542 716 2562 ac
734 2531 934 2570 episcopalia
947 2536 976 2561 et
990 2531 1055 2561 alia
1068 2531 1174 2569 ipsius
1187 2531 1325 2561 ecclesie

310 2595 411 2617 onera
439 2586 615 2621 sustinere,
650 2585 820 2615 diocesani
846 2585 993 2623 episcopi
1015 2585 1049 2614 in
1071 2584 1226 2614 omnibus
1252 2584 1325 2623 jure

311 2640 413 2670 salve.
432 2639 524 2676 Quod
542 2639 570 2669 si
587 2647 652 2669 non
668 2648 782 2668 omnes
798 2643 859 2669 etc.
878 2639 950 2668 Dat.
970 2638 1137 2674 Laterani,
1156 2639 1256 2668 XIIII
1271 2637 1325 2667 ka-

309 2693 424 2723 lendas
438 2693 583 2730 augusti.
605 2701 692 2722 anno
707 2692 969 2731 (piat-[odecimo.
991 2704 1003 2718 »

385 2867 504 2895 5268
778 2866 883 2893 Grotta
898 2866 1028 2897 Fert-ata,
1045 2865 1078 2892 24
1092 2867 1160 2892 aout
1174 2865 1254 2892 1240.

352 2929 496 2964 Episcopo
512 2928 717 2960 Praenestino,
731 2928 919 2962 Apostolicae
935 2927 1020 2954 Sedis
1034 2928 1139 2961 legato,
1154 2928 1211 2954 late
1223 2926 1327 2954 scribit

314 2979 349 3006 de
366 2978 481 3012 negotio
497 2977 637 3005 abbatum
651 2977 687 3004 de
704 2977 863 3004 Saviniaco
877 2980 905 3003 et
920 2976 1130 3008 Maceriarum,
1148 2976 1326 3004 Cistercien-

1387 357 1426 383 sis
1440 357 1563 389 ordinis,
1581 360 1608 384 ct
1625 357 1754 391 priorum
1772 358 1807 383 de
1821 357 1982 384 Loviniaco
1999 358 2026 383 et
2038 356 2073 383 de
2088 356 2258 387 Glanderio,
2271 356 2397 383 Carthu-

1387 406 1493 432 sicnsis
1511 406 1634 435 ordinis,
1657 405 1762 440 quibus
1780 406 1843 440 ipse
1863 414 1940 440 papa
1962 405 2201 432 reformationem
2224 405 2396 431 monasterii

1388 455 1669 481 Grandimontensis
1680 455 1880 486 commiserat,
1893 457 1994 480 contra
2010 454 2142 486 Heliam,
2159 454 2306 488 quondam
2322 454 2397 487 ejus-

1387 504 1453 529 dem
1465 503 1636 530 monasterii
1649 503 1786 537 priorem,
1797 511 1849 529 nec
1862 503 1966 529 nonde
1976 503 2123 529 amotione
2136 503 2280 536 praedicti
2293 502 2398 528 Heliae

1387 553 1423 579 ab
1438 552 1699 579 administratione
1715 552 1847 586 ejusdem
1869 551 2041 578 monasterii
2063 554 2089 578 et
2111 551 2146 577 de
2166 551 2331 578 intrusione
2351 551 2398 578 Jo-

1389 602 1496 628 hannis
1508 602 1580 628 dicti
1592 602 1628 627 (10
1641 602 1750 635 Aquila
1766 601 1796 627 in
1814 601 1939 635 priorem
1953 609 1958 631 ;
1976 600 2002 627 ei
2019 601 2142 627 mandat
2155 602 2299 634 quatenus
2312 608 2396 634 prae-

1388 651 1467 677 dicto
1480 651 1607 678 Jolianni
1620 651 1655 676 de
1667 650 1776 684 Aquila
1793 658 1849 676 non
1861 650 1921 683 jam
1938 651 2044 675 festum
2060 649 2204 676 Omnium
2220 648 2396 675 Sanctorum

1389 700 1522 734 proximo
1540 701 1688 729 futurum.
1710 699 1787 726 sient
1810 699 1871 733 ipse
1894 707 1969 733 papa
1994 700 2082 724 antea
2108 698 2312 725 mandaverat.
2335 697 2397 725 sed.

1389 757 1454 774 cum
1471 748 1638 782 praedictus
1650 748 1753 775 Helias
1765 748 1886 774 interim
1902 747 2077 778 interiisset,
2089 749 2208 779 octavas
2220 746 2398 773 Nativitatis

1390 796 1564 823 Dominicae
1594 797 1733 830 praefigat
1763 796 1925 822 terminum
1954 794 2201 829 peremptorium,
2232 803 2302 828 quo,
2328 793 2399 819 duos

1390 845 1511 872 clericos
1527 848 1555 871 et
1568 845 1639 871 duos
1656 854 1810 871 conversos
1827 853 1924 871 seeum
1944 844 2065 875 babens,
2087 852 2153 870 cum
2175 843 2313 870 omnibus
2334 851 2400 869 mu-

1391 894 1534 920 nimentis
1550 894 1586 920 ad
1599 894 1673 920 illud
1689 894 1837 927 negotium
1854 893 2044 923 facientibus,
2057 893 2216 927 apostolico
2230 891 2400 926 conspectui

1391 953 1420 970 se
1438 946 1614 977 praesentet,
1638 943 1723 976 eique
1746 943 1893 976 significat
1910 951 1940 969 se
1955 942 2072 969 clericis
2087 944 2115 968 et
2131 941 2280 968 conversis
2299 941 2347 974 qui
2364 940 2401 967 ad

1394 993 1499 1019 Sedem
1523 992 1724 1026 Apostolicam
1748 1000 1815 1017 cum
1841 991 1990 1025 praedicto
2015 990 2119 1022 Helia,
2148 998 2227 1016 nunc
2251 989 2400 1019 defuncto,

1393 1050 1443 1075 pro
1455 1050 1484 1067 se
1495 1044 1523 1067 et
1534 1041 1591 1067 sibi
1603 1040 1832 1067 adhaerentibus
1845 1042 2000 1071 venerant,
2018 1039 2122 1065 fecisse
2136 1047 2186 1073 per
2204 1038 2402 1072 Stephanum,

1393 1091 1475 1117 tituli
1493 1090 1620 1117 Sanctae
1632 1089 1746 1116 Mariae
1756 1089 1972 1116 Transtiberim
1989 1088 2193 1123 presbyterum
2208 1087 2402 1118 cardinalem,

1394 1139 1529 1166 mandari
1546 1141 1578 1165 ut
1600 1138 1722 1165 totidem
1745 1138 1867 1164 clericos
1883 1140 1911 1163 et.
1929 1145 2083 1163 conversos
2099 1137 2135 1163 ad
2153 1136 2276 1163 eandem
2295 1135 2400 1162 Sedem

1393 1188 1494 1214 eodem
1513 1187 1640 1214 termino
1654 1186 1834 1214 Nativitatis
1850 1186 2025 1213 Dominicae
2043 1185 2184 1219 dirigant.
2206 1200 2238 1202 —
2255 1185 2341 1216 (Rea.
2358 1183 2403 1216 ⁶20,

1396 1239 1414 1264 f.
1432 1237 1465 1264 23
1477 1240 1514 1269 1³⁰3
1532 1236 1814 1267 ann.XIV.c.134;
1832 1250 1863 1253 —
1880 1236 1918 1261 cf.
1935 1242 2030 1268 supra,
2048 1243 2077 1261 n.
2094 1234 2174 1267 3150,
2188 1234 2257 1260 4436
2273 1236 2301 1260 et
2312 1233 2405 1264 4638.)

1437 1345 1449 1358 κ
1478 1356 1497 1362 ..
1516 1333 1648 1369 episcopo
1672 1332 1855 1360 penestrina
1880 1331 2044 1368 Apostolice
2065 1330 2150 1359 Sedis
2176 1330 2280 1366 lessam.
2305 1328 2404 1362 Olim.

1397 1385 1509 1415 audito
1542 1385 1628 1423 quod
1658 1384 1960 1414 Grandimontense
1991 1383 2230 1413 monasterium
2258 1387 2345 1412 esset
2370 1382 2406 1411 in

1397 1438 1628 1477 spiritualibus
1662 1443 1692 1467 et
1723 1437 1960 1476 temporalibus
1993 1437 2138 1474 graviter
2169 1436 2403 1469 deformatum,

1398 1501 1467 1521 nos.
1495 1496 1530 1521 ut
1563 1491 1671 1529 ipsum
1702 1491 1736 1519 in
1768 1495 1890 1520 statum
1919 1489 2150 1528 prosperitatis
2176 1492 2349 1526 exurgeret
2377 1492 2409 1517 et

1398 1544 1588 1574 constitutis
1600 1544 1723 1573 ibidem
1741 1543 1859 1573 salutis
1874 1548 1905 1573 et
1920 1543 2042 1582 quietis
2055 1542 2192 1572 materia
2208 1541 2408 1580 proveniret,

1399 1599 1437 1629 de
1453 1597 1594 1628 consilio
1611 1598 1751 1627 fratrum
1768 1602 1955 1627 nostrorum
1976 1596 2160 1634 providisse
2181 1595 2407 1625 meminimus.

1399 1657 1434 1682 ut
1455 1652 1527 1681 sine
1545 1651 1736 1680 difficultate
1761 1650 1909 1689 qualibet
1930 1649 2159 1680 relaxarentur
2174 1658 2289 1678 omnes
2306 1649 2411 1677 inter-

1400 1705 1478 1734 dicti
1492 1704 1884 1734 etexcommunicationis
1897 1703 2062 1733 sententie
2079 1711 2141 1740 que
2158 1702 2192 1731 in
2206 1701 2253 1741 [..]
2267 1701 2411 1739 priorem

1402 1758 1451 1787 vel
1475 1757 1605 1796 aliquos
1633 1757 1670 1786 de
1701 1756 1862 1786 fratribus
1891 1756 2039 1794 ejusdem
2067 1755 2261 1784 monasterii
2288 1758 2410 1788 essent,

1401 1812 1574 1841 occasione
1590 1810 1841 1840 deformationis
1857 1809 2059 1848 hujusmodi,
2073 1808 2288 1847 promulgate,
2307 1812 2337 1837 et
2349 1807 2412 1837 duo

1402 1865 1441 1895 de
1467 1864 1684 1895 Cisterciensi
1708 1872 1743 1893 ac
1767 1863 1831 1892 duo
1852 1863 1889 1893 de
1911 1862 2118 1893 Cal-tusiensi
2144 1861 2317 1891 ordinibus
2343 1865 2412 1890 sta—

1403 1923 1576 1948 tuerentur
1596 1918 1785 1947 visitatores
1802 1916 2116 1947 Grandimontensis
2130 1915 2269 1949 ordinis,
2288 1915 2345 1953 qui
2361 1923 2414 1944 se-

1403 1972 1468 2002 mel
1497 1972 1531 2000 in
1557 1980 1643 2001 anno
1673 1980 1779 2009 usque
1808 1970 1848 2000 ad
1876 1970 2059 2000 triennium
2089 1974 2167 1998 tunc
2197 1969 2347 1998 futurum
2378 1968 2413 1997 in

1404 2034 1517 2055 eorum
1548 2024 1691 2062 capitulo
1719 2023 1878 2061 generali,
1909 2023 2001 2052 omni
2027 2022 2245 2061 appellatione
2276 2025 2412 2057 remota,

1405 2082 1589 2108 statuerent
1606 2082 1634 2107 et
1654 2077 1874 2106 reformarent
1891 2075 2051 2114 quicquid
2067 2076 2102 2104 in
2123 2075 2238 2105 ordine
2259 2074 2331 2112 ipso
2348 2078 2415 2103 sta—

1407 2131 1564 2162 tuendum
1578 2134 1793 2168 agnoscerent
1807 2129 1857 2159 vel
1869 2129 1969 2159 etiam
1979 2128 2238 2161 reformandum,
2254 2127 2415 2157 facientes

1407 2194 1460 2219 ea.
1490 2188 1641 2214 cessante
1673 2182 1906 2221 appellationis
1935 2181 2120 2216 obstaculo,
2154 2191 2211 2220 per
2241 2189 2417 2211 censuram

1407 2237 1668 2268 ecclesiasticam
1684 2236 1824 2265 firmiter
1837 2235 2025 2270 observari;
2045 2234 2249 2273 providimus
2266 2234 2365 2263 etiam
2381 2237 2417 2263 ut

1408 2290 1616 2325 diffinitores,
1629 2290 1807 2319 circatores
1819 2289 1869 2318 vel
1886 2289 2083 2318 visitatores.
2101 2288 2169 2326 qui,
2189 2287 2289 2317 salvis
2303 2286 2418 2324 regula

1408 2349 1439 2374 et
1457 2342 1753 2373 constitutionibus
1776 2342 1923 2381 eJ'usdem
1945 2341 2072 2371 ordinis
2096 2350 2153 2379 per
2172 2340 2289 2370 Sedent
2312 2341 2418 2378 Apos-

1409 2397 1540 2427 tolicam
1557 2396 1757 2434 approbatis.
1776 2395 1919 2432 singula,
1945 2393 2099 2433 sub[lato]
2117 2393 2348 2432 appellationis
2366 2401 2419 2422 re-

1408 2450 1528 2482 medio.
1553 2449 1755 2481 examinare,
1777 2448 1954 2485 corrigere,
1979 2447 2201 2477 determinare
2221 2455 2257 2475 ac
2275 2445 2419 2475 diffinire

1409 2507 1574 2535 curarent,
1593 2502 1796 2539 eligerentur
1810 2501 1848 2531 de
1865 2500 1981 2530 ordine
1992 2504 2189 2534 0101110131ος
2208 2504 2250 2534 et,
2265 2499 2293 2528 si
2306 2499 2420 2528 forsan

1409 2556 1535 2594 aliquid
1552 2555 1770 2585 dubitationis
1789 2558 1982 2591 emergeret,
2003 2553 2037 2582 id
2052 2562 2110 2591 per
2126 2552 2261 2582 nuntios
2278 2551 2335 2590 qui
2355 2559 2420 2580 non

1409 2614 1520 2639 essent
1536 2608 1574 2638 de
1591 2608 1738 2646 ipsorum
1762 2607 1888 2642 ordine,
1910 2606 1950 2636 ad
1972 2606 2089 2636 Sedeni
2106 2604 2330 2643 Apostolicam
2346 2612 2421 2642 per-

1408 2662 1568 2697 ferentes,
1594 2670 1692 2699 super
1720 2661 1781 2690 hoc
1808 2668 2005 2698 responsum
2031 2658 2247 2697 apostolicum
2270 2661 2422 2696 expecta-

1409 2721 1493 2744 rent.
1522 2716 1656 2749 Verum,
1690 2719 1723 2744 ut
1752 2713 1945 2752 hujusmodi
1972 2717 2085 2742 nostra
2115 2711 2260 2750 provisio
2286 2710 2421 2749 plenum

1410 2768 1585 2798 sortiretur
1611 2768 1775 2797 effectum.
1799 2766 1930 2796 dilectis
1950 2765 2029 2794 filiis
2053 2788 2072 2794 ..
2094 2765 2133 2794 de
2158 2763 2333 2794 Saviniaco
2350 2767 2381 2792 et
2400 2785 2422 2791 ..

1410 2821 1630 2851 Maceriarum
1642 2819 1829 2855 abbatibus,
1848 2818 2094 2854 Cisterciensis‚
2109 2821 2140 2847 et
2157 2839 2179 2846 ..
2192 2817 2230 2846 de
2242 2815 2421 2846 Loviniaco

1411 2878 1441 2904 et
1460 2897 1479 2903 ..
1498 2873 1698 2903 Glanderio¹
1717 2872 1897 2911 prioribus,
1923 2869 2149 2901 Cartusiensis
2172 2868 2338 2904 ordinum,
2367 2867 2426 2897 de-

1445 2980 1465 3004 1.
1482 2982 1531 3003 Ms.
1549 2988 1555 3002 ;
1573 2979 1734 3003 Glauderio.
