2553 3526
157 297 212 326 253
961 293 1270 336 QUATORZIEME
1294 297 1452 335 ANNEE.

151 363 302 401 jungatis
322 367 357 392 ut
378 363 467 392 infra
491 367 617 401 tempus
635 373 653 393 a
675 373 799 394 canone
817 365 1006 400 diffinitum,
1025 366 1089 395 sibi
1106 375 1163 403 per

154 415 350 446 electionem
360 416 553 445 canonicam
563 417 757 455 provideant
766 418 804 447 dc
817 418 933 447 abbate
945 429 997 453 —3
1013 418 1162 457 alioquin

154 478 212 499 vos
228 473 346 499 extunc
363 469 402 499 de
418 478 560 507 persona
570 469 690 500 idonea
703 470 810 509 ipsius
824 471 1029 506 monasterii,
1045 471 1096 501 vel
1113 471 1160 501 al-

154 521 270 557 terius,
294 521 323 551 si
341 521 441 559 digna
459 531 525 551 non
544 522 729 561 reperiatur
745 523 780 552 in
802 533 848 559 eo,
870 524 1065 554 auctoritate
1084 533 1161 554 nos-

152 579 204 604 tra
225 574 426 613 provideatis
447 575 572 605 eisdem
588 593 636 604 —.
655 576 728 605 Dat.
747 577 912 613 Laterani,
934 577 983 606 III
1001 576 1159 607 kalendas

147 627 250 666 junii,
269 636 355 657 anno
371 627 630 666 quartodecimo.
648 640 659 654 »

223 786 340 815 5¹9¹?

185 849 462 884 ArchipresbyterO,
483 858 536 876 nec
559 858 616 876 non
639 849 764 876 Roberto
788 850 964 884 Presbytero
987 854 1015 877 et
1035 852 1158 878 Nicolao

151 898 262 931 Rubeo,
288 898 439 925 canonicis
460 898 713 931 Velletrensibus,
739 899 861 925 mandat
879 902 1023 932 quatenus
1042 903 1157 927 senten-

147 947 222 974 tiam
238 955 255 974 a
268 947 402 975 Johanne
423 947 526 981 Spata,
543 946 637 981 ipsius
652 955 744 981 papae
761 947 939 974 subdiacono
951 950 979 974 et
993 949 1156 982 capellano,

149 997 241 1023 latam
256 1003 306 1030 pro
319 995 474 1028 Adinulfo,
491 995 591 1029 judice
606 995 799 1027 Velletrensi,
816 998 918 1022 contra
928 996 1067 1024 Jacobum
1082 998 1157 1024 Lan-

145 1044 234 1071 donis
259 1044 427 1076 Guillelmi,
454 1044 511 1071 loci
532 1045 675 1078 ejusdem,
699 1053 785 1079 super
806 1045 931 1079 quodam
954 1049 1104 1073 castaneto
1129 1051 1157 1073 et

148 1094 274 1128 quadam
292 1093 448 1128 canapina,
465 1102 553 1128 quam
566 1093 744 1121 sententiam
761 1094 901 1127 magister
912 1094 1046 1121 Andreas
1059 1095 1157 1121 dictus

147 1143 285 1175 Vetulus,
308 1142 402 1177 ipsius
426 1150 518 1177 papae
541 1143 724 1176 capellanus,
747 1143 989 1175 confirmaverat,
1015 1144 1157 1170 mandent

144 1191 341 1223 exsecutioni,
358 1191 520 1218 secundum
537 1191 612 1225 quod
629 1191 708 1218 idem
728 1191 867 1225 magister
878 1191 1012 1218 Andreas
1026 1200 1156 1226 pronun-

146 1239 284 1267 tiaverat.
301 1254 336 1257 ——
350 1240 435 1272 (Rae.
450 1239 494 1271 20,
510 1240 530 1266 f.
543 1239 576 1266 12
590 1242 633 1271 v⁰3
651 1248 721 1266 ann.
738 1239 821 1272 XIV,
838 1248 863 1266 e.
880 1239 937 1271 67.)

750 788 870 820 Latran,
884 788 918 814 28
935 788 993 814 mai
1009 788 1086 815 1240.

187 1353 200 1368 «
216 1364 238 1370 ..
255 1342 515 1379 archipresbitero,
538 1342 657 1370 Roberlo
674 1341 838 1369 Presbitero
860 1346 886 1370 et
908 1342 1031 1370 Nicolao
1049 1343 1152 1371 liabeo.

142 1395 302 1424 canonicis
335 1395 574 1423 Vellecrensibzcs.
606 1394 688 1424 Cum
721 1394 945 1432 cognitionem
979 1395 1154 1425 diffinitive

142 1447 310 1477 sententie
326 1447 522 1477 auctoritate
541 1452 654 1477 nostra
670 1446 734 1476 late
752 1456 769 1476 a
786 1447 905 1477 dilecto
920 1447 987 1477 filio
1001 1448 1154 1478 Johanne

143 1501 256 1539 Spata,
273 1501 476 1531 subdiacono
496 1505 527 1531 et
543 1500 713 1539 capellano
730 1505 852 1535 nostro,
875 1510 932 1539 pro
951 1501 1070 1531 dilecto
1086 1502 1154 1532 filio

143 1553 314 1588 Adinulfo,
326 1553 438 1593 judice
454 1553 667 1588 Velletrensi,
686 1558 800 1583 contra
811 1554 973 1585 Jacobum
987 1555 1153 1585 Landonis

140 1607 326 1641 Gusslelmi,
343 1607 407 1637 loci
424 1606 584 1646 ejusdem,
603 1616 702 1645 super
718 1607 859 1646 quodam
872 1612 1041 1638 castaneto
1058 1613 1089 1638 et
1103 1617 1153 1638 ca-

143 1661 276 1699 napina,
307 1660 347 1690 ab
378 1660 493 1691 eadem
524 1660 564 1690 ad
594 1669 654 1690 nos
684 1661 770 1690 dicto
801 1661 924 1691 Jacobo
952 1662 1149 1700 appellante,

141 1714 248 1753 primo
265 1713 384 1744 dilecto
406 1714 475 1744 filio
496 1714 655 1752 magistro
672 1714 768 1744 Rain.
789 1714 827 1744 dc
848 1715 950 1745 Ponte
977 1715 1096 1751 Curvo,
1115 1725 1150 1745 ac

143 1768 362 1807 postmodum,
381 1768 421 1798 ab
444 1768 526 1806 ipso,
546 1768 603 1807 qui
617 1777 703 1805 eam,
728 1769 870 1806 cognitis
892 1778 990 1799 cause
1009 1770 1148 1805 meritis,

142 1821 364 1856 confirmarat,
384 1829 461 1851 voce
482 1820 521 1850 ad
543 1829 602 1850 nos
626 1821 859 1859 appellationis
880 1822 1013 1858 emissa,
1032 1822 1151 1853 dilecto

142 1873 211 1903 filio
227 1874 386 1912 magistro
402 1874 534 1904 Andree
553 1873 639 1903 dicto
657 1873 788 1909 Vetulo,
813 1874 994 1913 capellanis
1015 1876 1149 1911 nostris,

140 1927 333 1958 duxerimus
361 1927 631 1957 committendam
659 1937 664 1956 :
692 1927 779 1957 idem
800 1928 961 1963 Andreas,
990 1929 1149 1967 inspectis

141 1989 240 2011 cause
264 1980 392 2011 meritis
416 1980 605 2018 diligenter,
633 1980 746 2010 habito
776 1981 974 2019 prudentum
1003 1982 1150 2012 virorum

141 2033 293 2071 consilio,
310 2033 431 2063 dictam
444 2033 644 2064 sententiam
657 2034 865 2064 confirmavit
881 2039 911 2065 et
923 2036 1151 2073 pronuntiavit

139 2096 215 2118 eam
235 2087 422 2118 executioni
442 2087 672 2124 mandandam,
700 2093 795 2126 prout
818 2088 852 2117 in
870 2088 1001 2127 publico
1024 2089 1150 2119 instru-

141 2144 253 2170 mento
268 2141 417 2170 confecto
438 2140 556 2171 exinde
574 2140 706 2179 plenius
727 2142 927 2171 continetur.
946 2143 1013 2172 Nos
1035 2143 1148 2180 igitur,

142 2193 343 2224 sententiam
372 2194 494 2232 ipsam,
526 2194 661 2232 provide
689 2194 807 2229 latam,
837 2199 941 2224 ratam
970 2195 1148 2231 habentes,

142 2247 339 2277 mandamus
362 2251 526 2285 quatenus
550 2247 689 2277 eandem
710 2248 895 2277 executioni
916 2249 1080 2279 mandetis
1101 2267 1148 2278 —.

143 2301 216 2331 Dat.
234 2301 400 2336 Laterani,
419 2302 447 2331 V
460 2300 619 2331 kalendas
632 2301 732 2340 junii,
754 2310 840 2331 anno
857 2303 1115 2340 quartodecimo.
1136 2316 1148 2329 1)

212 2467 330 2496 5198

176 2529 287 2558 Abbati
301 2530 473 2557 monasterii
485 2530 682 2561 Corbeiensis,
694 2530 907 2557 Ambianensis
917 2531 1069 2564 dioecesis,
1083 2540 1150 2558 cum

139 2579 220 2606 idem
242 2579 455 2606 monasterium
472 2579 508 2606 ad
529 2579 695 2606 Romanam
718 2578 881 2605 Ecclesiam
906 2580 987 2606 nullo
1003 2580 1151 2614 pertineat

142 2627 446 2662 mediante‚indulget
454 2631 486 2655 ut
496 2628 526 2654 in
538 2628 694 2655 missarum
707 2629 1007 2663 solle1nniis‚praeter
1018 2630 1150 2663 mitram,

139 2677 275 2707 anulum,
292 2676 424 2703 tunicam
447 2679 475 2703 et
490 2677 696 2709 dalmaticam,
718 2685 839 2710 quorum
863 2686 931 2704 usus
953 2678 1054 2705 abbati
1080 2679 1151 2707 Cor-

143 2724 254 2752 beiensi
270 2725 320 2759 qui
340 2725 429 2752 fuerit
445 2734 494 2759 pro
511 2729 652 2759 tempore,
674 2734 690 2752 a
715 2726 789 2752 Sede
805 2726 977 2760 Apostolica
997 2736 1151 2755 concessus

739 2468 860 2500 Lati-an,
877 2468 910 2494 14
928 2468 986 2495 mai
1000 2469 1078 2496 1240.

138 2774 200 2808 jam
218 2775 324 2804 fuerat,
342 2774 403 2808 ipse
418 2777 445 2801 et
462 2774 556 2808 ipsius
571 2783 751 2801 successores
770 2775 948 2802 chirothecis
962 2779 990 2803 et
1006 2777 1151 2804 sandaliis

142 2822 186 2849 uti
203 2823 325 2857 possint.
344 2838 374 2841 —
392 2824 478 2855 (Res.
491 2823 535 2855 20,
554 2824 573 2849 f.
587 2823 619 2850 13
631 2826 667 2855 r⁰;
683 2832 752 2849 ann.
764 2823 845 2856 XIV,
863 2832 887 2850 c.
901 2824 948 2856 68;
967 2840 998 2843 —
1017 2825 1150 2854 Morzmu

143 2870 221 2901 1193,
240 2871 260 2897 f.
277 2871 328 2903 37;
346 2871 422 2901 ilud,
442 2872 462 2898 l.
479 2871 522 2904 33,
540 2880 575 2898 ex
590 2872 767 2903 Rmmtnm
785 2887 817 2890 —
835 2873 990 2900 Pommsr
1006 2874 1115 2905 10876.)

185 2983 200 2998 α
219 2995 237 3001 ..
259 2973 358 3001 abbati
380 2972 561 3002 monasterii
584 2972 776 3008 Corbeiensis,
800 2973 920 3002 ordinis
937 2976 1036 3004 sancti
1059 2976 1151 3005 Bene-

2190 322 2245 349 *254

1246 367 1332 403 dicti,
1358 371 1570 403 Ambianensis
1590 376 1724 406 diocesis.
1746 378 1841 414 Cum,
1865 381 1949 411 sicut.
1967 385 2087 415 asseris
2104 404 2151 416 —.
2172 389 2245 418 Dat.

1245 420 1412 457 Laterani,
1432 425 1463 454 II
1479 425 1554 456 idus
1573 429 1666 461 maii,
1684 431 1894 468 pontificatus
1916 437 2021 465 nostri
2044 447 2129 469 anno
2148 450 2246 479 quar-

1245 473 1414 505 todecimo.
1437 490 1449 503 n

1312 655 1428 683 5199
1833 667 1953 701 Latran,
1972 670 2004 696 18
2019 672 2076 698 mai
2094 673 2172 700 121⁴).

1276 715 1437 751 Episcopo,
1463 720 1572 747 decano
1600 726 1627 749 et
1650 726 1856 754 archidiacono
1881 730 2098 760 Cluanensibus
2124 737 2244 764 mandat

1241 767 1385 797 quatenus
1397 767 1598 796 Ossoriensem
1616 772 1783 807 episcopum
1802 777 1838 802 ad
1857 777 1985 806 debitam
2004 781 2192 811 residentiam
2213 786 2242 812 in

1240 815 1364 842 eeclesia
1377 825 1429 843 sua
1443 818 1607 846 faciendam
1619 826 1733 855 cogant.
1746 839 1778 841 ξ
1792 826 1878 856 (Rae.
1891 828 1934 859 20,
1951 817 2014 855 t'.v13
2027 834 2063 863 r⁰;
2075 840 2144 859 ann.
2160 834 2242 867 xlv,

1240 870 1264 888 e.
1281 862 1331 893 69:
1350 878 1381 882 —
1398 865 1554 894 Porrimsr
1570 869 1678 901 10881.)

1281 976 1294 989 (ι
1315 987 1334 992 ..
1351 967 1494 1005 episcopo,
1523 992 1539 997 ..
1566 970 1677 1001 decano
1692 978 1717 1001 et
1737 997 1756 1002 ..
1775 977 1992 1008 arclzidiacono
2008 980 2240 1014 catanensibus.

1239 1017 1448 1049 Venerabilis
1467 1021 1569 1051 frater
1585 1029 1696 1054 noster
1711 1043 1759 1055 —.
1778 1028 1850 1057 Dat.
1868 1030 2032 1069 Laterani,
2052 1034 2111 1065 XV
2127 1036 2241 1067 kalen-

1239 1068 1297 1097 das
1309 1070 1410 1108 junii,
1426 1082 1512 1103 anno
1531 1077 1787 1113 quartodecimo.
1806 1092 1818 1106 »

1309 1249 1430 1278 5200
1833 1260 1953 1293 Latran,
1968 1264 2001 1290 28
2017 1266 2074 1292 mai
2092 1267 2169 1295 1240.

1273 1309 1417 1346 Episcopo
1438 1317 1463 1341 et
1486 1315 1595 1343 decano
1617 1318 1861 1349 Atrebatensibus
1886 1326 2006 1353 mandat
2027 1332 2170 1362 quatenus
2191 1341 2242 1358 ex-

1238 1361 1518 1390 communicationis
1534 1367 1712 1394 sententiam
1732 1370 1768 1396 ab
1785 1371 1959 1400 officialibus
1976 1377 2073 1404 curiae
2089 1380 2241 1408 ltcmensis

1238 1410 1454 1443 promulgatam
1473 1412 1502 1438 in
1518 1413 1728 1448 Margaretam,
1750 1419 1883 1447 relictam
1902 1424 2047 1456 quondam
2064 1426 2189 1455 XYalteri
2207 1430 2241 1456 de

1239 1457 1410 1486 Senebeclia
1421 1462 1465 1492 (z
1479 1462 1641 1492 Seneleclia
1651 1464 1686 1498 T'),
1700 1467 1729 1493 in
1743 1477 1826 1496 causa
1844 1472 2027 1500 matrimonii
2042 1475 2119 1502 inter
2131 1478 2241 1505 Jollan—

1237 1513 1303 1533 nem
1321 1507 1356 1533 de
1371 1509 1468 1542 Fossa,
1487 1511 1627 1545 militem,
1645 1517 1672 1542 et
1688 1517 1810 1544 eandem
1826 1519 2024 1554 Margaretam
2041 1524 2111 1551 olim
2129 1530 2238 1559 exorta,

1236 1555 1348 1582 faciant
1364 1557 1523 1585 observari.
1546 1576 1578 1579 —
1599 1563 1684 1594 (ΗΕΘ.
1703 1565 1746 1597 20,
1764 1567 1783 1592 f.
1802 1567 1834 1594 13
1851 1571 1889 1600 r⁰;
1907 1578 1975 1597 ann.
1994 1571 2076 1605 XIV,
2093 1584 2117 1600 c.
2134 1575 2184 1607 70;
2207 1591 2238 1595 —

1235 1603 1368 1633 Monam
1386 1607 1463 1639 1193,
1482 1610 1501 1635 f.
1519 1610 1566 1642 Δ11;
1586 1612 1663 1645 ibid„
1681 1615 1701 1639 l.
1718 1615 1793 1646 217.)

1277 1718 1288 1731 α
1309 1729 1328 1735 ..
1343 1709 1476 1746 episcopo
1491 1716 1517 1739 e!
1536 1734 1555 1740 ..
1571 1713 1680 1743 decano
1695 1717 1946 1749 Atrebaleusilms.
1964 1721 2045 1751 Cum
2060 1732 2159 1755 causa
2171 1736 2236 1756 ma-

1234 1758 1383 1790 trimonii
1400 1771 1462 1800 que
1479 1763 1557 1793 olim
1577 1766 1664 1797 inter
1688 1769 1877 1801 Joliannem
1895 1773 1932 1803 de
1950 1775 2060 1811 Fossa,
2083 1778 2231 1816 militem,

1234 1816 1264 1841 et
1290 1813 1524 1852 Margaretani,
1553 1819 1703 1850 relictam
1723 1824 1888 1861 quondam
1910 1828 2051 1858 XValteri
2073 1830 2110 1860 de
2134 1832 2236 1862 Sene-

1232 1865 1369 1902 hechal,
1396 1869 1598 1902 Morinensis
1621 1873 1776 1910 diocesis,
1802 1887 1909 1908 coram
1936 1904 1955 1909 ..
1979 1883 2111 1912 officiali
2135 1886 2236 1915 Mori-

1233 1920 1329 1949 nensi
1343 1922 1538 1954 auctoritate
1558 1926 1728 1958 ordinaria
1749 1931 1947 1965 vertebatur,
1968 1935 2007 1964 ad
2029 1937 2153 1966 curiam
2172 1940 2236 1969 Re-

1232 1980 1380 2002 mensem
1396 1983 1453 2011 per
1473 1977 1726 2015 appellationem
1750 1981 1857 2013 delata
1880 1985 2010 2019 fuisset,
2033 1993 2063 2017 et
2079 1990 2235 2022 officiales

1233 2024 1380 2063 ejusdem
1395 2028 1498 2064 curie,
1513 2031 1654 2067 cognitis
1671 2042 1769 2064 cause
1785 2035 1891 2073 ipsius
1906 2039 2045 2076 meritis,
2058 2051 2116 2080 pro
2130 2044 2234 2074 milite

1232 2077 1303 2115 ipso
1326 2078 1547 2117 diffinitivam,
1575 2088 1605 2113 et
1628 2085 1662 2114 in
1685 2088 1847 2124 prefatam
1871 2091 2101 2132 Margaretam,
2121 2105 2235 2134 parcre

1232 2129 1297 2168 ipsi
1311 2131 1485 2163 diffinitive
1498 2135 1674 2173 nolentem,
1692 2144 2042 2176 excommunicationis
2054 2150 2235 2180 sententias

1232 2184 1507 2224 promulgassent,
1535 2189 1665 2220 demum
1690 2193 1803 2223 eadem
1825 2196 1954 2232 mulier,
1979 2199 2082 2230 dictas
2102 2207 2235 2233 senten-

1232 2236 1294 2266 tias
1313 2237 1345 2266 in
1364 2245 1397 2268 s'e
1414 2245 1486 2277 post
1509 2242 1763 2280 appellationem
1786 2248 1826 2277 ad
1847 2258 1905 2279 nos
1928 2250 2074 2289 legitime
2090 2254 2236 2294 interpo-

1232 2291 1330 2320 sitam
1350 2291 1433 2322 latas
1450 2294 1554 2325 fuisse
1578 2306 1774 2336 proponens,
1796 2302 1836 2331 ad
1856 2306 2078 2336 venerabilem
2098 2308 2234 2340 fratrem

1232 2348 1383 2374 nostrum
1412 2369 1432 2375 ..
1456 2347 1645 2387 episcopum
1667 2352 1908 2389 Morinensem‚
1938 2380 1957 2387 ..
1987 2360 2098 2389 Sancti
2124 2363 2234 2392 Audo-

1232 2397 1316 2426 mari
1337 2404 1368 2428 et
1392 2422 1411 2429 ..
1436 2401 1685 2433 Wastinensem
1708 2408 1891 2445 prepositos
1911 2416 2039 2442 nostras
2057 2423 2153 2452 super
2169 2415 2232 2445 hoc

1230 2448 1359 2480 litteras
1376 2451 1575 2490 impetravit.
1594 2456 1657 2486 Sed
1678 2458 1765 2488 idem
1787 2463 1972 2499 prepositus
1993 2465 2103 2495 Sancti
2122 2468 2232 2498 Audo-

1231 2503 1316 2532 mari
1337 2508 1367 2533 et
1390 2506 1548 2543 magister
1572 2509 1761 2541 WVillelmus
1790 2513 1828 2543 de
1852 2514 2030 2554 Cornillon,
2054 2521 2232 2552 canonicus

1233 2555 1444 2593 Mol-inensis‚
1462 2559 1515 2588 cui
1530 2560 1756 2600 subdelegavit
1772 2565 1878 2596 dictus
1902 2569 2072 2608 episcopus
2091 2573 2234 2605 totaliter

1232 2609 1321 2639 vices
1344 2619 1431 2646 suas,
1460 2619 1613 2644 excusato
1636 2615 1783 2654 legitime
1809 2619 1894 2650 dicto
1918 2624 2083 2661 preposito
2107 2627 2234 2657 W'asti-

1233 2662 1341 2697 nensi,
1369 2664 1622 2702 appellationem
1648 2669 1798 2701 mulieris
1823 2673 1969 2711 eiusdem
1989 2675 2172 2714 legitimam
2198 2690 2234 2711 ac

1232 2715 1394 2752 prefatam
1420 2720 1770 2753 excommunicationis
1801 2728 1999 2758 sententiam
2030 2739 2093 2760 non
2124 2736 2235 2763 tenere

1232 2778 1404 2807 perperam
1421 2772 1630 2803 nuntiarunt.
1648 2776 1675 2804 A
1690 2777 1811 2814 quihus
1824 2779 1911 2809 idem
1930 2782 2024 2812 miles
2041 2784 2081 2813 ad
2096 2785 2235 2823 Aposto-

1232 2821 1331 2852 licam
1346 2823 1463 2854 Sedem
1484 2826 1665 2864 appellans,
1690 2829 1730 2859 ad
1753 2833 1976 2864 venerabilem
1999 2836 2135 2867 fratrem
2158 2848 2235 2870 nos-

1266 2940 1288 2965 1.
1304 2943 1357 2969 St'c,
1375 2944 1514 2972 peut-atre
1530 2953 1599 2975 pour
1614 2949 1764 2972 Senelecha
1779 2951 1819 2980 (=
1832 2953 2008 2983 Sentecques,
2026 2955 2237 2987 Pas-de-Calais,

1234 2993 1286 3009 arr.
1304 2986 1583 3021 Boulogne-sur—Mer‚
1600 2995 1670 3016 cant.
1689 2993 1813 3018 Desvresi
