2553 3526
116 305 176 333 ‘205
492 304 703 334 LITTERAE
726 306 780 334 DE
806 303 1263 337 EXCOMMUNICATIONE
1286 304 1509 336 FRIDERICI
1535 308 1838 338 IMPERATORE.
2154 313 2212 340 *20⁴3

117 369 203 400 delis
226 369 389 404 accensis,
412 378 447 399 ac
465 370 683 407 generaliter¹
702 370 768 400 alia
784 371 895 400 omnia
912 380 974 409 que
991 378 1127 409 presen-

119 423 208 454 tibus
229 422 452 457 continentur,
476 422 704 460 sollempniter
720 423 889 461 publicare
913 432 949 452 ac
972 422 1126 452 nuntiare

116 475 255 509 curetis,
277 479 307 505 et
326 474 457 505 faciatis
481 474 585 504 simili
602 475 696 505 modo
713 485 770 514 per
786 480 912 506 vestras
929 475 1080 505 civitates
1097 479 1127 504 et

117 528 267 558 dioceses
286 527 448 566 publicari
465 532 495 557 et
517 528 617 557 etiam
642 529 808 563 nuntiari;
834 528 1025 558 mandatum
1051 536 1128 557 nos—

118 585 206 611 trum
234 580 344 610 taliter
364 580 545 619 impleturi,
573 581 659 619 quod
683 581 721 610 de
749 581 951 618 negligentia
974 579 1128 617 redargui

117 634 331 673 aliquatenus
350 643 414 663 non
439 633 590 671 possitis,
611 638 642 664 et
666 643 725 663 nos
748 638 862 663 contra
878 642 934 663 vos
954 633 1036 662 alias
1053 642 1127 671 pro-

116 688 234 718 cedere
251 696 315 717 non
335 696 503 725 cogamur.
521 687 687 721 Ceterum,
710 696 783 716 cum
806 687 952 724 prefatus
970 686 1128 725 F[rideri-

116 740 190 780 cus]
207 740 246 770 de
265 740 340 770 aliis
358 740 488 777 magnis
505 744 535 769 et
553 740 709 777 gravibus
727 740 770 769 sit
788 739 967 778 plurimum
984 739 1127 768 infama-

119 790 274 829 tus,*nos‚
288 793 386 823 dante
399 793 551 827 Domino,
566 802 665 830 super
681 792 759 827 hiis,
775 801 834 822 suo
850 792 919 821 loco
930 797 1126 830 ettempore,

118 847 346 886 procedemus,
367 851 463 884 prout
481 845 514 875 in
540 845 661 875 talibus
683 846 807 883 negotii
832 850 950 875 natura
969 846 1126 883 requiret.

118 889 255 934 'Vm-um,
280 899 359 938 quia
388 898 523 928 terroris
549 899 678 928 sonitus
708 907 837 936 semper
860 903 908 928 est
933 899 966 927 in
991 898 1127 927 auribus

117 942 309 1003 impiorum,
328 955 358 982 et
375 951 475 981 etiam
491 951 622 990 quando
639 960 699 989 pax
717 956 776 986 est,
799 951 940 980 insidias
958 951 1127 989 suspican-

118 1010 181 1041 tur,
202 1014 240 1035 eo
256 1005 343 1044 quod
357 1004 488 1034 turbata
500 1004 705 1034 conscientia
721 1013 850 1042 semper
863 1013 939 1034 seva
953 1004 1125 1042 presumit,

118 1048 208 1100 idem
228 1058 455 1098 F[ridericus],
484 1058 575 1096 prius
596 1067 694 1096 quam
717 1058 883 1087 sententia
904 1057 1127 1087 excommuni-

117 1112 260 1143 cationis
277 1111 343 1141 lata
360 1115 447 1147 esset
463 1111 497 1140 in
514 1111 634 1149 ipsum,
653 1110 812 1149 quasdam
828 1110 987 1140 fratribus
1006 1109 1128 1139 nostris

117 1165 265 1195 decrevit
280 1164 409 1194 litteras
426 1163 710 1196 transmittendas,
731 1173 787 1201 pro
806 1168 895 1201 parte
913 1163 1056 1192 interius
1073 1171 1128 1191 an-

120 1223 261 1252 notatas,
279 1226 354 1256 qne,
373 1221 445 1255 post
460 1217 598 1247 eandem
617 1216 716 1245 latam
734 1216 934 1245 sententiam
955 1216 1037 1253 ipsis
1055 1224 1128 1253 pre-

117 1259 259 1313 sentato,
273 1271 312 1300 ad
328 1274 475 1300 nostram
487 1269 716 1300 eteorumdem
729 1269 880 1298 notitiam
894 1273 1125 1307 pervenerunt,

119 1317 227 1367 Unde,
255 1323 334 1363 quia
357 1322 461 1353 voluit
480 1323 642 1352 Dominus
665 1321 793 1357 occulta
815 1322 923 1351 cordis
944 1322 1015 1360 ejus
1038 1321 1128 1351 dete-

118 1386 207 1416 gere,
228 1377 286 1416 qui
300 1376 493 1405 manifestat
505 1375 698 1405 abscondita
712 1374 923 1404 tenebrarum
938 1379 968 1403 et
980 1374 1128 1403 cordium

117 1434 247 1460 secreta
274 1429 410 1464 revelat,
441 1438 479 1459 ex
504 1429 651 1466 ipsarum
674 1432 786 1458 tenore
808 1427 994 1457 litterarum
1018 1432 1129 1465 aperte

117 1482 324 1522 colligi[tur],
343 1491 442 1521 quam
461 1486 553 1519 gerat
573 1481 781 1510 devotionem
805 1480 845 1510 ad
866 1481 1048 1510 Romanam
1068 1481 1130 1509 Ec-

117 1524 268 1570 clesiam,
286 1539 425 1565 matrem
442 1543 547 1568 suam,
566 1543 664 1572 quam
686 1533 725 1563 ad
744 1534 916 1563 Summum
935 1533 1127 1563 Pontificem

118 1593 152 1619 et
167 1588 287 1618 fratres
306 1587 377 1626 ejus
394 1596 431 1617 ac
449 1587 567 1617 Sedem
589 1586 811 1625 Apostolicam
830 1586 1051 1616 reverentiam
1069 1586 1128 1615 ha-

119 1630 206 1676 beat,
222 1641 327 1680 cujus,
346 1640 474 1670 ratione
488 1638 592 1677 regni,
604 1639 768 1669 vassallus
786 1639 897 1669 existit
912 1649 917 1674 ;
939 1644 1053 1668 contra
1070 1648 1128 1669 nos

117 1693 209 1727 enim
225 1698 256 1723 et
274 1694 363 1732 ipsos
380 1693 589 1731 conspirasse
606 1692 754 1727 videtui-3
776 1701 812 1722 ex
836 1701 899 1730 quo
921 1697 1082 1730 quantum
1099 1696 1130 1722 et

117 1747 217 1786 quale
231 1747 356 1777 crimen
372 1734 568 1781 incurrerits
582 1746 663 1775 satis
683 1750 781 1784 patet.
806 1747 897 1776 Inter
913 1750 1022 1776 cetera
1039 1755 1127 1781 vero,

117 1809 184 1841 que
200 1809 260 1830 sua
276 1800 467 1830 continebat
486 1798 634 1837 epistola,
660 1798 720 1829 hec
744 1798 954 1828 habebantur
976 1798 1103 1828 inserta
1122 1808 1127 1827 z

120 1865 134 1880 (ι
161 1854 318 1891 Propter²
331 1852 417 1891 quod
432 1861 497 1882 non
511 1852 648 1889 indigne
665 1851 826 1886 dolemus,
845 1851 873 1880 si
890 1856 983 1889 pater
999 1855 1130 1889 aposto-

120 1918 135 1933 »
159 1906 244 1937 licus
257 1906 423 1937 offendere
437 1911 502 1935 tam
519 1905 664 1943 graviter
681 1913 740 1934 nos
757 1904 920 1938 intendat,
939 1909 984 1934 ut.
1003 1904 1128 1933 durnin

122 1972 135 1986 n
159 1957 367 1989 constantem
383 1959 491 1988 virum
515 1962 581 1988 tam
605 1957 784 1987 vehemens
802 1957 895 1987 cadat
912 1957 1048 1995 injuria,
1067 1957 1129 1987 etsi

121 2024 135 2039 n
160 2012 324 2050 patienter
338 2012 426 2042 ferre
444 2011 597 2045 velimus,
616 2010 809 2040 immanitas
832 2010 955 2047 negotii
974 2019 1038 2039 non
1056 2019 1130 2047 per-

123 2077 136 2091 n
160 2064 290 2095 mittat³
312 2065 394 2104 quIn
418 2064 459 2094 ad
479 2063 623 2094 ultiones
642 2063 763 2102 quibus
780 2064 920 2093 Cesares
938 2049 988 2092 iiti
1010 2062 1128 2095 solent,

123 2129 137 2144 r»
163 2117 241 2147 facti
258 2117 417 2147 violentia
433 2125 492 2147 nos
511 2116 670 2155 impellat.
689 2117 938 2149 Verumtamen,
958 2115 1034 2145 dum
1053 2124 1131 2145 con—

123 2183 138 2198 »
162 2170 347 2211 sideramus
364 2170 608 2208 impatientiam
628 2169 836 2210 procedentis
854 2170 884 2198 et
903 2168 1131 2198 difficultatem

124 2220 138 2250 ἓ)
164 2223 366 2253 attendimus
398 2222 590 2257 offensoris,
624 2222 652 2251 si
678 2231 715 2252 ex
741 2230 825 2260 equo
850 2221 964 2251 liceret
986 2221 1131 2259 privatas

125 2289 139 2317 p
164 2285 326 2308 exercere,
343 2276 519 2310 vindictas,
548 2278 653 2314 quas‘
680 2275 714 2304 in
740 2275 921 2309 hominem,
953 2284 1010 2312 per
1034 2284 1130 2313 quem

124 2327 148 2357 ‚3'
163 2324 357 2360 scandalum
373 2329 474 2364 venit,
493 2333 524 2359 et
543 2328 577 2358 in
593 2329 645 2358 sui
662 2328 839 2366 participes
857 2327 1032 2365 sanguinis
1049 2336 1134 2357 com-

125 2395 139 2427 2>
164 2391 303 2426 pensare
328 2391 512 2421 possemus,
533 2387 568 2412 ut
593 2382 628 2410 in
654 2382 763 2419 ipsum
785 2385 817 2411 et
839 2390 916 2411 suos
941 2385 1134 2419 attemptata

124 2448 139 2463 ι)
165 2441 277 2466 nostre
300 2436 389 2466 sedis
405 2435 531 2475 injuria
547 2435 757 2470 redundaret,
778 2433 985 2464 tolerabilius
1002 2434 1134 2464 ducere-

126 2501 149 2524 p„
163 2498 250 2525 mus.
274 2489 350 2525 Sed,
370 2497 452 2529 ‘cum
475 2497 535 2518 nec
560 2488 630 2526 ipse
659 2496 718 2517 nec
746 2491 811 2516 tota
834 2491 966 2525 propter
987 2486 1048 2516 hoc
1074 2496 1134 2516 sua

126 2555 140 2570 ι)
164 2551 304 2582 passura
327 2542 503 2580 progenies
530 2541 611 2571 tanti
637 2541 760 2575 forent,
784 2545 819 2569 ut
844 2539 975 2569 culmen
1000 2540 1134 2578 imperii

126 2609 140 2624 ι»
164 2596 284 2627 zelaret
308 2595 470 2625 ultionem
493 2594 654 2633 ipsorum,
675 2602 816 2632 cumque
840 2593 929 2622 sedis
954 2593 1135 2622 auctoritas

128 2695 134 2707 ἲ
158 2696 234 2734 tsLe
250 2694 370 2732 membre
386 2708 419 2731 de
436 2707 534 2737 phrase
551 2713 556 2730 :
574 2714 587 2728 α
604 2713 634 2729 ac
651 2706 815 2735 generaliter
888 2704 1029 2735 publicare
1044 2712 1073 2734 1»,
1092 2705 1137 2728 re-

122 2753 196 2787 sultp
211 2753 292 2776 d'une
308 2752 463 2776 correction
481 2755 538 2784 etta
554 2750 597 2773 ete
614 2750 680 2773 ecrit
697 2756 729 2772 en
747 2749 905 2778 surcharge.

130 2817 139 2825 f
155 2799 181 2823 2.
199 2798 238 2823 La
256 2798 336 2821 lettre
355 2797 388 2820 de
408 2796 537 2820 Frederic
554 2795 576 2818 11
596 2795 663 2817 dont
680 2794 813 2823 Gregoire
829 2792 865 2816 IX
884 2793 1028 2823 reproduit
1043 2793 1079 2816 ici
1100 2800 1138 2816 un

126 2829 251 2874 passage,
274 2844 315 2865 est
336 2840 425 2873 dateel
440 2840 476 2863 du
500 2839 526 2864 10
553 2846 624 2862 mars
650 2837 747 2869 [1239];
768 2837 834 2860 e'est
854 2837 921 2860 celte
943 2837 990 2867 qui
1011 2840 1089 2867 porte
1114 2837 1139 2860 le

125 2891 155 2910 11⁰
171 2886 231 2919 2427
247 2886 315 2909 dans
331 2886 355 2909 le
372 2888 390 2909 t.
408 2885 431 2907 V
445 2885 493 2908 des
509 2886 621 2914 Reqesta
638 2883 755 2912 Imperii
771 2882 804 2905 de
821 2881 1077 2906 Bonum-Ficum.

133 2920 184 2962 23.
199 2933 248 2955 Ms.
266 2939 273 2954 .-
289 2930 432 2962 permittit.
453 2940 472 2943 -ν
519 2918 521 2922 ’

133 2962 136 2973 ²
160 2975 184 2998 4.
199 2976 250 2997 Ms.
267 2981 275 2997 :
291 2980 353 3004 que.

1213 381 1218 394 )

1250 369 1386 399 audacie
1413 371 1476 399 sibi
1501 371 1592 401 frena
1609 372 1731 401 relaxet
1756 378 1787 402 et
1813 378 1855 402 tot
1883 376 2120 405 venerabilium
2146 378 2211 405 sra-

1251 426 1336 451 trum
1361 423 1463 453 moles
1488 433 1561 453 eum
1588 425 1621 453 in
1648 430 1803 464 concepta
1824 427 1934 455 fovere
1957 428 2137 464 pei-ti11a‹·i;1
2165 430 2212 457 vi-

1213 486 1224 500 n
1250 474 1376 510 deatur,
1397 476 1486 513 angit
1507 486 1563 507 nos
1582 477 1691 507 altiori
1716 484 1824 508 mente
1848 479 2001 510 turbatio.
2020 482 2116 518 quod,
2138 482 2212 510 dum

1213 540 1218 552 ›
1251 536 1309 557 nos
1338 528 1550 559 intendamus
1574 540 1592 559 a
1616 537 1833 569 persequente
1858 532 2045 567 defel‘u‘lere,
2069 539 2213 571 oporteat

1251 590 1309 610 nos
1333 581 1537 612 defendendus)
1564 584 1697 621 gravius
1721 585 1886 614 offendere
1910 586 2115 615 resistentes.
2141 600 2152 612 n
2178 589 2213 617 In

1211 634 1383 671 premissis
1400 639 1509 664 autem
1529 637 1697 673 negotium
1716 637 1860 667 Ecclesie
1885 638 1976 667 vobis
1993 639 2146 669 duximus
2166 645 2215 669 at-

1211 687 1656 719 tentiuscommendandum.
1675 695 1718 724 ut,
1742 690 1849 727 ipsum
1870 695 2025 729 tanquam
2046 693 2213 730 proprium

1211 745 1428 770 assumentes,
1456 741 1496 769 ad
1519 742 1593 771 fidei
1617 742 1777 772 catholice
1801 743 1910 774 robur.
1929 745 2212 775 conservationem

1211 791 1433 822 ecclesiastice
1450 793 1613 823 libertatis
1632 799 1662 824 et
1680 795 1779 824 totius
1795 796 1905 833 populi
1919 796 2102 826 Christiani
2120 798 2214 836 quie-

1210 848 1274 874 tem
1306 846 1482 875 efficaciter
1510 847 1703 876 intendatis.
1735 849 1806 877 Dat.
1842 849 2012 881 Laterani,
2044 851 2106 879 VII
2139 850 2213 880 idus

1210 896 1336 933 aprilis,
1356 906 1442 927 auno
1460 899 1695 928 tertiodecimo.
1718 912 1729 925 ›>

1213 433 1218 447 )

1218 433 1225 447 v

1213 593 1218 605 )

1248 1020 1358 1042 5⁰93.
1387 1031 1419 1035 —
1445 1017 1476 1043 In
1502 1018 1627 1044 eundem
1653 1018 1770 1044 modum
1797 1020 1933 1043 unium-sis
1958 1019 2165 1051 arrln'rpc'scopis
2190 1024 2212 1045 et

1210 1066 1350 1097 episcopis,
1368 1068 1423 1090 lam
1439 1067 1566 1098 mremptis
1583 1075 1666 1098 ιμιιιιιι
1682 1068 1755 1093 aliis.
1775 1082 1805 1085 —
1823 1068 1992 1097 (POTTnAsT
2008 1068 2116 1099 10724.)

1249 1118 1359 1140 5094.
1376 1129 1408 1132 -
1425 1115 1456 1141 In
1474 1115 1598 1141 eundem
1618 1116 1676 1141 fere
1693 1116 1811 1141 modum
1829 1117 1948 1147 regyrans,
1965 1116 2088 1147 (lucibus,
2110 1119 2214 1142 comiti<

1211 1161 1259 1186 bus
1282 1165 1304 1186 et
1321 1162 1385 1186 aliis
1404 1163 1548 1195 nobilibus,
1573 1172 1663 1197 usque
1684 1172 1689 1190 ε
1711 1163 1855 1195 Quocirca
1876 1164 2061 1191 nobilitatem
2087 1169 2212 1192 vestran]

1213 1218 1366 1237 monemus
1383 1213 1411 1237 et
1427 1211 1579 1238 hortamur
1595 1227 1626 1230 —
1643 1215 1787 1245 quatenus
1802 1213 1897 1246 ipsum
1916 1227 1945 1230 —
1961 1216 2059 1239 cures¹
2076 1214 2105 1239 in
2120 1214 2217 1240 ‹mmi-

1212 1259 1264 1285 bus
1281 1260 1402 1290 evitare,
1421 1261 1535 1287 nullum
1555 1261 1611 1287 sibi
1631 1264 1795 1294 prestantes
1814 1261 1984 1290 eonsilium.
2001 1263 2147 1289 auxilium
2170 1264 2217 1290 vel

1213 1309 1355 1340 favorem,
1373 1309 1412 1335 ita
1430 1309 1504 1342 quod
1520 1309 1657 1336 affectum
1673 1318 1758 1343 quem
1778 1309 1892 1336 habetis
1908 1310 1944 1336 ad
1961 1309 2136 1343 Ecclesiam,
2155 1320 2218 1338 ma-

1213 1359 1286 1383 trem
1313 1360 1453 1389 vestram,
1473 1358 1618 1391 possimus
1641 1367 1812 1391 cognoscere
1833 1366 1883 1392 per
1906 1359 2054 1389 effectum,
2072 1363 2099 1386 et
2121 1369 2171 1386 nos
2188 1360 2217 1387 in

1213 1406 1271 1431 tuis
1293 1406 1544 1439 oportunitatibus
1570 1406 1706 1433 invenias
1732 1407 1909 1433 favorabiles
1933 1410 1960 1434 et
1986 1407 2136 1441 benignos.
2164 1409 2219 1436 Ce-

1213 1457 1320 1486 terum,
1344 1464 1409 1481 cum
1435 1456 1564 1488 prefatus
1589 1454 1779 1490 F[ri‹jlerieus]
1804 1459 1870 1487 etc„
1896 1465 1986 1490 usque
2009 1457 2037 1482 in
2066 1457 2164 1483 finem.
2187 1471 2219 1475 —

1213 1504 1299 1535 (Rau.
1317 1503 1360 1534 19,
1378 1505 1397 1529 1.
1416 1504 1466 1529 155
1483 1502 1556 1538 [149]
1573 1507 1615 1535 τὴ
1633 1520 1667 1522 ἡ
1683 1504 1815 1532 MOREAU
1832 1504 1911 1536 1192,
1929 1506 1948 1531 f.
1967 1505 2018 1531 302
2035 1506 2086 1536 ν“.)

1283 1670 1403 1698 5095
1808 1672 1928 1704 Latran,
1943 1673 1958 1698 7
1974 1673 2050 1699 avril
2067 1673 2145 1700 1239.

1247 1732 1508 1766 Archiepiscopum
1542 1733 1716 1759 Remensen]
1748 1736 1776 1759 et
1805 1734 1867 1766 ejus
1894 1734 2091 1768 suffraganeos
2120 1738 2218 1762 monet

1213 1785 1357 1815 quatenus
1382 1782 1700 1808 excommamicationis
1725 1785 1753 1809 et
1774 1783 1974 1810 anathematis
1999 1784 2161 1810 sententias
2188 1785 2217 1810 in

1213 1831 1396 1857 Fridericum
1408 1851 1414 1862 ‚
1442 1830 1554 1857 dictum
1586 1831 1810 1864 imperatorem,
1842 1832 2040 1865 promulgatas
2072 1832 2221 1866 publicari

1213 1880 1336 1910 faciant,
1354 1883 1381 1906 et
1398 1888 1499 1905 omnes
1515 1880 1732 1913 crucesignatos
1748 1883 1775 1906 et
1792 1881 1865 1906 alios
1883 1881 1932 1914 qui
1953 1881 2047 1907 eidem
2070 1882 2219 1908 Fri1.l‹·1·ico

1213 1928 1358 1954 auxilium
1382 1928 1594 1961 praestiterint,
1617 1928 1886 1954 exfflmmunieent.
1905 1944 1937 1946 —
1955 1930 2041 1959 (Rae.
2066 1930 2109 1958 19.
2133 1930 2151 1956 s.
2170 1930 2219 1956 155

1214 1975 1286 2011 [149]
1304 1980 1350 2007 v⁰;
1368 1980 1423 2007 pust
1440 1985 1510 2002 ann.
1524 1977 1605 2007 XIII,
1623 1985 1647 2002 e.
1665 1977 1715 2002 ‘254
1731 1975 1843 2011 [rectius
1854 1975 1932 2011 253];
1950 1992 1982 1995 -—
1996 1977 2128 2005 Monimo
2140 1979 2219 2006 1192.

1214 2026 1234 2051 1'.
1252 2024 1317 2055 305;
1330 2040 1363 2042 —
1382 2025 1563 2051 Rooexnaac
1581 2025 1647 2056 74&
1666 2040 1698 2042 —
1720 2026 1756 2051 ct.
1776 2025 1932 2052 POTTHAST
1948 2025 2075 2056 107212.)

1256 2138 1269 2151 «
1290 2149 1307 2154 ..
1327 2125 1550 2162 archiepiscopo
1568 2125 1703 2153 [femensi
1719 2130 1744 2153 el
1758 2126 1959 2163 suffraganeis
1974 2128 2049 2155 suis.
2067 2126 2146 2155 Cum
2165 2136 2221 2156 01]-

1216 2188 1272 2217 per
1287 2179 1321 2207 in
1345 2196 1383 2200 —
1407 2188 1412 2206 :
1437 2173 1690 2208 universitatem
1713 2182 1856 2207 vestram
1879 2188 2052 2208 monemus
2078 2180 2163 2218 [etc.‚
2188 2185 2221 2209 ut

1216 2222 1326 2269 supra.
1354 2231 1388 2260 in
1414 2230 1535 2260 litteris
1559 2230 1619 2260 suh
1649 2239 1785 2260 numero
1813 2232 1887 2261 5092
1913 2232 2045 2265 notatis,
2074 2242 2177 2270 usque
2202 2236 2221 2269 2]

1216 2284 1411 2313 mandantes
1450 2287 1615 2322 quatenus
1651 2283 1841 2322 hujusmodi
1872 2285 2223 2314 excommunicationis

1217 2339 1303 2375 [εἰςἾ
1333 2341 1367 2366 ut
1392 2345 1502 2374 supra,
1530 2336 1564 2365 in
1591 2336 1715 2366 eisdem
1740 2336 1873 2373 litteris,
1899 2346 2004 2375 usque
2030 2339 2048 2374 z]
2077 2338 2223 2368 candelis

1218 2389 1377 2424 accensis,
1407 2388 1635 2427 sollempniter
1658 2388 1837 2426 publicare,
1868 2398 1903 2418 ac
1928 2390 2169 2420 absolutionem
2193 2396 2220 2420 et

1217 2441 1454 2471 inhibitionem
1478 2440 1633 2470 nuntiare
1655 2441 1789 2475 curetis,
1810 2449 1847 2470 ea
1867 2450 1922 2478 per
1938 2441 2089 2471 civitates
2108 2447 2137 2471 et
2154 2442 2223 2471 dio-

1218 2504 1309 2525 ceses
1337 2498 1463 2524 vestras
1497 2492 1667 2531 publicare
1693 2493 1847 2522 similiter
1880 2493 2040 2522 facientes
2067 2498 2096 2523 et
2125 2494 2223 2523 etiam

1219 2547 1383 2582 nuntiari,
1416 2546 1552 2576 ferendo
1583 2545 1934 2575 excommunicationis
1963 2546 2160 2575 septentiam
2191 2547 2224 2575 in

1254 2660 1273 2683 1.
1293 2659 1335 2683 On
1357 2666 1372 2682 a
1388 2658 1448 2688 deja
1465 2657 1608 2687 remarque
1630 2657 1826 2685 (RonaNssEno,
1847 2665 1871 2687 p.
1889 2657 1941 2686 03¹3,
1964 2664 1988 2679 0.
2009 2660 2035 2686 tl)
2061 2658 2084 2680 te
2106 2659 2228 2688 melnnge

1220 2710 1296 2727 assez
1309 2703 1421 2732 etrange
1433 2702 1466 2725 de
1478 2702 1611 2731 singutier
1623 2704 1649 2724 et
1661 2701 1693 2724 de
1703 2702 1800 2731 pturicl
1813 2702 1858 2731 qui
1872 2702 1978 2731 cboque
1988 2702 2055 2724 daus
2068 2703 2092 2724 Ia
2105 2696 2230 2732 presente

1220 2740 1310 2780 piece;
1333 2754 1378 2771 ces
1401 2747 1550 2770 anomalies
1567 2753 1601 2769 ne
1621 2753 1650 2769 se
1671 2749 1831 2769 retrouvent
1856 2747 1915 2776 plus
1936 2746 2003 2769 dans
2026 2747 2049 2769 la
2071 2747 2146 2777 picco
2163 2748 2230 2771 51011.

1222 2788 1287 2816 dont
1308 2792 1333 2815 Ia
1355 2794 1452 2815 teneur
1469 2793 1519 2818 est,
1542 2797 1612 2820 pour
1632 2797 1685 2813 une
1706 2791 1804 2820 partie,
1825 2790 1966 2820 identique
1986 2790 1999 2813 a
2020 2791 2087 2814 cette
2106 2792 2138 2814 de
2155 2795 2233 2814 notro

1222 2843 1251 2860 n⁰
1267 2836 1337 2860 5094.

1253 2881 1276 2904 ’2,
1296 2880 1388 2904 Lettre
1404 2878 1533 2902 adr-essee
1549 2878 1564 2901 ἐι
1580 2879 1770 2908 l'archevequc
1786 2878 1819 2902 de
1835 2878 1914 2901 Milan
1930 2882 1955 2901 et
1971 2879 1985 2901 ἑ]
2002 2887 2044 2901 scs
2059 2880 2233 2909 suffragatus,

1224 2925 1239 2948 ὲ.
1258 2925 1284 2947 la
1305 2924 1367 2947 date
1383 2923 1419 2946 du
1437 2923 1463 2946 ‘21
1487 2929 1567 2949 mars,
1591 2926 1617 2945 et
1634 2922 1701 2944 dans
1723 2922 1838 2951 laquelle
1862 2923 1885 2945 le
1910 2926 1981 2944 texte
1999 2923 2110 2945 s'arrete.
2127 2923 2141 2944 a
2157 2930 2162 2946 ε
2181 2931 2192 2945 (ι
2209 2928 2233 2946 ct

1225 2970 1304 2993 etiam
1319 2968 1439 2992 nuntiari
1455 2976 1476 2997 n,
1491 2973 1561 2997 pour
1572 2966 1720 2997 reprendre
1733 2966 1747 2988 a
1760 2973 1764 2989 :
1779 2975 1789 2988 «
1805 2967 1960 2989 mandatum
1974 2972 2095 2989 nostrum
2112 2968 2232 2991 taliter.»
