2553 3526
297 275 334 303 55
1027 273 1266 304 REmsTREs
1289 271 1343 300 DE
1367 264 1590 302 GREGOIRE
1614 273 1673 303 1x.
2371 273 2407 302 56

299 351 347 372 ac.
369 350 405 372 ex
427 350 464 371 eo
481 341 568 380 quod
588 341 842 372 Cantuariensis
860 341 1141 379 archiepiscopus,
1166 338 1309 369 exclusis

301 394 485 429 monachis,
501 404 561 424 sua
579 394 710 432 negotia
726 394 985 423 communicaret
1001 393 1138 428 eisdem,
1152 393 1229 431 jura
1245 391 1310 421 sibi

299 451 330 477 et
351 447 492 477 honores
514 451 695 485 usurpante
715 446 853 476 ecclesie
871 445 1083 480 cathedralis,
1102 445 1220 475 exinde
1236 453 1310 482 gra-

302 500 351 528 vis
376 500 521 530 suboriri
545 500 665 538 poterit
690 498 830 537 periculi
854 498 1065 533 scandalum;
1094 507 1152 536 pro
1178 507 1243 537 quo
1266 498 1311 527 vi-

303 552 401 582 tando
425 557 495 582 erat
521 552 561 581 ab
587 551 777 590 hujusmodi
801 551 982 589 proposito,
1012 551 1100 590 quod
1127 551 1199 581 sine
1223 560 1312 580 mor-

302 605 360 635 tali
382 610 488 644 potest
509 605 686 634 intermitti
710 608 853 642 peccato,
880 604 1096 639 cessandum;
1122 604 1211 643 quia,
1236 604 1310 639 etsi,

302 667 359 696 pro
377 657 511 687 vitando
530 656 696 691 scandalo,
719 656 822 685 nichil
837 656 998 686 committi
1013 656 1063 686 vel
1082 657 1191 686 omitti
1210 657 1244 685 in
1264 657 1311 685 in-

301 711 437 740 teritum
454 710 572 739 salutis
589 714 701 739 eterne
723 709 888 743 convenit,
908 709 965 738 illa
982 713 1091 739 tamen
1105 710 1180 748 jure
1199 710 1312 739 dimit-

302 765 414 794 timus.
433 763 467 792 in
486 763 607 801 quibus
631 762 758 791 nullum
781 762 891 792 anime
915 762 1098 801 periculum
1116 763 1310 798 intercedit;

302 816 384 845 illud
401 816 537 854 insuper
558 815 592 844 in
615 824 672 845 sue
691 815 889 845 intentionis
906 815 1107 854 adjutorium
1127 825 1313 854 proponen-

303 874 362 901 tes.
383 868 481 907 quod,
508 877 582 898 cum
606 868 640 897 in
653 868 729 907 jure
753 877 793 898 ne
817 868 892 907 quis
916 869 1090 907 episcopus
1114 868 1238 907 absque
1260 869 1313 899 sui

301 930 467 952 consensu
485 921 622 960 capituli
643 921 883 960 parrochialem
907 921 1081 952 ecclesiam
1105 931 1163 952 seu
1179 931 1313 952 monas-

302 975 435 1010 terium,
451 979 482 1005 et
492 974 595 1004 multo
608 975 727 1004 fortius
740 974 915 1005 ecclesiam
929 975 1113 1005 secularem
1123 975 1239 1010 ditare,
1257 980 1313 1006 aut

301 1029 367 1058 alia
391 1029 430 1058 de
458 1028 554 1058 bonis
583 1028 722 1058 ecclesie
748 1037 806 1058 sue
831 1028 865 1057 in
893 1037 964 1058 eam
989 1029 1169 1059 transferre
1192 1029 1309 1065 valeat,

301 1083 458 1113 doceatur
484 1081 680 1116 inhibitum,
712 1090 771 1111 nec
799 1091 864 1112 non
891 1091 909 1111 a
938 1082 1046 1112 felicis
1073 1083 1314 1114 recordationis

302 1134 527 1174 Alex[andr0],
542 1134 678 1165 Urbano
694 1139 725 1164 et
744 1135 948 1171 Innocentio,
970 1135 1130 1166 Romanis
1147 1136 1314 1166 Pontifici-

302 1188 393 1225 bus¹‚
410 1187 508 1217 dictis
527 1187 630 1225 priori
647 1192 678 1217 et
695 1187 884 1221 conventui,
907 1191 943 1217 ut
960 1187 1072 1217 nullus
1091 1188 1125 1217 in
1143 1189 1245 1218 fundo
1262 1198 1315 1219 ec-

301 1241 401 1271 clesie
418 1240 684 1275 Cantuariensis,
701 1244 810 1278 preter
830 1240 1071 1279 archiepiscopi
1088 1246 1119 1271 et
1137 1250 1251 1271 eorum
1267 1251 1315 1272 as-

301 1303 448 1328 sensum,
473 1293 633 1331 capellam
651 1293 701 1323 vel
725 1293 907 1323 oratorium
932 1293 971 1323 de
994 1303 1078 1323 novo
1103 1294 1244 1329 edificet,
1273 1295 1315 1324 sit,

301 1346 468 1376 indultum
486 1356 492 1375 :
511 1350 541 1376 te
562 1346 602 1376 ab
619 1346 680 1376 hac
695 1346 867 1384 petitione,
889 1355 947 1384 per
963 1356 1073 1385 quam,
1092 1347 1315 1386 archiepisco-

301 1399 431 1437 palibus
454 1398 670 1438 proventibus
695 1398 836 1428 aliorum
861 1399 978 1429 usibus
1001 1399 1186 1438 applicatis,
1212 1401 1316 1431 multo

300 1453 420 1482 fortius
439 1461 539 1491 quam
553 1461 589 1482 ex
604 1452 729 1490 capelle
746 1452 797 1482 vel
814 1453 951 1482 oratorii
969 1454 1216 1484 constructione
1233 1454 1315 1485 Can-

301 1505 482 1536 tuariensis
502 1504 643 1535 ecclesia
660 1505 837 1541 lederetur⁷
859 1515 916 1544 per
934 1515 992 1536 nos
1017 1506 1122 1536 arceri
1139 1507 1315 1537 instantis-

298 1559 381 1588 sime
398 1558 627 1597 postulabant3
650 1562 691 1593 et,
711 1558 913 1589 affirmantes
933 1559 1020 1598 quod
1038 1568 1102 1589 non
1119 1559 1315 1590 deberemus

298 1612 332 1641 in
358 1620 455 1649 grave
478 1611 581 1650 partis
608 1620 666 1642 sue
689 1612 899 1651 dispendium
925 1616 1014 1642 tuam
1038 1612 1315 1651 supplicationem

299 1664 485 1697 admittere,
512 1665 569 1702 qui
596 1673 661 1694 non
685 1665 921 1695 consuevimus
948 1665 981 1694 in
1006 1665 1144 1695 alterius
1168 1667 1315 1706 prejudi-

299 1718 388 1748 cium
417 1717 573 1756 cuiquam
599 1717 799 1748 beneficium
824 1717 1016 1756 indulgere,
1042 1728 1078 1749 ac
1103 1719 1314 1750 immemores

300 1771 387 1810 quod
411 1779 498 1800 nunc
521 1771 642 1800 actoris
668 1780 755 1800 nunc
775 1771 824 1801 rei
844 1771 1066 1802 intentionem
1089 1772 1222 1810 perimit
1244 1782 1315 1803 sen-

301 1824 403 1853 tentie
422 1824 561 1861 gladius,
586 1833 620 1853 se
638 1824 677 1853 ad
699 1824 836 1854 dubium
849 1825 969 1863 judicii
985 1825 1115 1855 admitti
1134 1831 1312 1862 certamen,

300 1881 456 1915 tuamque
474 1876 589 1915 repelli
606 1877 812 1915 petitionem,
832 1878 998 1916 frequenti
1016 1879 1173 1917 principii
1193 1880 1315 1918 repeti-

299 1930 387 1960 tione
406 1929 578 1967 rogabant.
599 1931 642 1959 ΕΚ
660 1930 798 1960 adverso
817 1940 892 1960 vero
910 1940 966 1969 pro
984 1936 1075 1969 parte
1093 1936 1149 1961 tua
1166 1933 1315 1971 proposi-

300 1987 369 2012 tum
393 1983 500 2012 extitit
523 1983 620 2021 quod,
646 1992 703 2021 pro
723 1992 760 2013 eo
783 1984 861 2022 quia
884 1993 948 2013 non
967 1984 1035 2023 juri
1057 1986 1236 2019 communi,
1257 1986 1315 2016 sed

299 2036 361 2065 soli
378 2036 482 2074 gratie
501 2040 621 2070 nostre,
640 2045 702 2074 que
721 2036 867 2066 nondum
885 2037 1027 2067 habebat
1044 2038 1209 2068 effectum.
1228 2039 1313 2068 inni-

301 2089 392 2124 teris,
419 2098 518 2126 super
540 2088 602 2118 hoc
627 2098 700 2118 cum
726 2089 784 2121 eis,
812 2089 934 2128 quihus
959 2100 1058 2128 super
1079 2091 1145 2121 hiis
1168 2093 1314 2122 nondum

300 2142 385 2172 actio
402 2147 477 2171 nata
492 2146 573 2175 erat,
589 2142 877 2181 subirejudicium
895 2143 1032 2173 minime
1048 2144 1234 2180 tenebaris,
1254 2155 1312 2175 nec

300 2204 414 2225 verum
431 2199 501 2225 erat
522 2195 556 2223 in
577 2194 637 2224 hoc
654 2194 793 2225 ecclesie
810 2195 1072 2236 Cantuarien[si]
1093 2198 1313 2236 prejudicium

300 2248 452 2285 irrogari,
472 2248 561 2286 quia.
580 2257 654 2277 cum
674 2248 758 2278 bona
777 2252 833 2278 tua
853 2258 871 2278 a
891 2249 987 2279 bonis
1010 2249 1172 2279 dictorum
1192 2252 1313 2289 prioris

300 2306 331 2331 et
357 2306 539 2331 conventus
566 2301 632 2330 sint
658 2302 794 2331 omnino
820 2302 938 2337 divisa,
966 2307 997 2332 et
1019 2303 1059 2332 ob
1082 2303 1142 2333 hoc
1165 2304 1313 2342 ipsorum

300 2355 385 2384 hona
404 2354 599 2384 deteriorari
624 2364 682 2384 scu
702 2355 808 2385 minui
829 2364 893 2385 non
917 2356 1098 2394 contingat,
1124 2366 1183 2387 nec
1202 2367 1265 2388 non
1283 2364 1314 2389 et

299 2407 560 2438 Cantuarienses
574 2407 825 2446 archiepiscopi,
845 2409 901 2447 qui
914 2409 1137 2439 omnimodam
1151 2411 1312 2442 dictorum

301 2465 519 2498 proventuum
548 2465 578 2490 et
609 2460 845 2491 beneficiorum
870 2462 1123 2500 dispositionem
1149 2464 1311 2495 obtinent.

300 2514 367 2543 sint
384 2513 533 2545 eandem,
552 2518 623 2552 post
640 2514 882 2545 ordinationem
898 2515 1100 2554 hujusmodi,
1119 2522 1313 2554 potestatem

301 2576 399 2604 quam
421 2566 589 2604 preteritis
617 2567 834 2596 obtinuerunt
858 2569 1074 2606 temporibus,
1098 2569 1131 2598 in
1156 2570 1313 2608 predictis

300 2619 450 2649 ecclesiis
478 2619 638 2653 habituri,
668 2629 780 2650 eorum
810 2620 860 2650 vel
890 2621 1144 2652 Cantuariensis
1174 2623 1313 2653 ecclesie

301 2672 445 2709 dignitas
462 2673 496 2701 in
514 2672 604 2702 nullo
622 2673 753 2708 leditur,
774 2673 831 2703 sed
847 2674 954 2712 ipsius
971 2674 1005 2704 in
1027 2684 1064 2705 eo
1084 2675 1192 2713 potius
1210 2675 1314 2706 honor

300 2730 330 2754 et
347 2725 553 2754 commodum
574 2730 778 2763 procuratur,
798 2727 885 2764 quod
905 2727 1045 2757 ecclesie
1063 2737 1125 2766 que
1143 2728 1313 2758 interdum

301 2779 452 2816 personis
471 2779 728 2808 conferebantur
745 2780 922 2810 extraneis.
941 2785 971 2810 et
994 2781 1028 2810 in
1054 2791 1134 2811 usus
1154 2782 1313 2812 cedebant

300 2832 500 2861 absentium.
520 2841 556 2861 ex
578 2832 636 2861 hoc
658 2832 692 2861 in
711 2832 881 2863 meliorem
902 2838 1023 2863 statum
1046 2840 1225 2873 assumpte,
1244 2836 1314 2865 usi-

333 2952 351 2976 1,
371 2951 580 2974 Probablement
598 2952 754 2975 Alexandra
772 2952 819 2981 111,
837 2952 940 2976 Urbain
959 2953 996 2976 III
1013 2957 1039 2976 et
1057 2953 1189 2977 Innoccnt
1207 2954 1254 2978 111.

1393 337 1454 367 bus
1466 339 1676 369 ascribentur
1687 340 1906 378 presentium,
1919 341 2053 371 divinus
2068 341 2282 380 ampliabitur
2294 339 2404 370 cultus

1393 395 1424 420 et
1446 400 1605 422 numerus
1629 392 1846 427 servitorum;
1869 393 2009 432 ideoque
2032 394 2066 423 id
2088 393 2325 424 alienationem
2341 392 2407 422 dici

1395 452 1460 473 non
1484 445 1650 479 convenit,
1675 454 1711 475 ex
1736 454 1800 484 quo
1824 445 1987 475 retinetur
2010 446 2169 485 preterita
2191 446 2348 484 dignitas,
2376 450 2407 476 et

1395 497 1551 535 grandior
1573 507 1609 528 ac
1631 507 1735 528 novus
1756 498 1862 528 honor
1882 500 2052 529 accrescit.
2071 500 2255 530 Arbitrium
2277 509 2407 539 quoque

1395 550 1579 588 predictum
1598 560 1635 581 ex
1657 560 1694 582 eo
1710 556 1902 590 procurator
1923 556 1998 582 tuus
2021 552 2190 582 asserebat
2207 561 2271 582 non
2288 552 2407 582 debere

1395 603 1480 641 parti
1498 603 1594 634 alteri
1611 605 1798 642 suffragari,
1819 605 1905 643 quod
1923 605 2198 643 compromissum
2221 615 2257 635 ex
2275 614 2339 644 quo
2357 605 2406 634 vi-

1395 663 1447 684 res
1464 655 1551 693 capit
1568 656 1757 691 arbitrium,
1781 665 1992 695 nequaquam
2015 661 2149 695 apparet
2167 659 2222 687 ut¹
2239 666 2338 696 super
2354 666 2408 687 ec-

1395 707 1496 737 clesia
1513 708 1551 738 de
1569 709 1699 744 Lamee,
1718 718 1818 748 super
1834 719 1899 748 qua
1916 714 2043 739 tantum
2060 710 2191 749 questio
2206 710 2408 747 vertebatur,

1395 761 1498 790 latum
1515 761 1672 796 extiterit,
1692 762 1734 801 [et
1751 762 1849 801 quod]
1867 763 2147 793 constructionem
2169 772 2251 793 nove
2269 763 2408 793 ecclesie

1396 823 1461 843 non
1482 814 1578 844 debet
1603 823 1663 844 nec
1685 820 1792 853 potest
1810 815 2023 854 aliquatenus
2046 816 2218 855 impedire,
2239 821 2270 846 et
2290 816 2409 846 arbitri

1396 866 1430 895 in
1447 876 1530 905 quos
1551 876 1650 905 super
1670 868 1844 906 questione
1866 873 1942 898 tunc
1964 873 2052 898 mota
2072 869 2241 898 dumtaxat
2259 877 2409 907 compro-

1396 919 1536 949 missum
1554 920 1657 950 fuisse
1670 920 1766 950 debet
1779 921 1935 959 intelligi,
1950 930 2049 959 super
2063 921 2139 951 aliis
2152 931 2216 952 non
2232 926 2410 960 potuerunt

1396 972 1564 1002 arbitrari.
1579 972 1873 1003 Confirmationem
1890 974 1989 1003 etiam
2007 974 2221 1013 apostolicam
2238 975 2344 1005 eidem
2361 984 2409 1004 ar-

1397 1025 1507 1060 bitrio,
1525 1025 1610 1055 sicut
1622 1026 1756 1063 provide
1770 1026 1873 1056 latum
1886 1032 1984 1061 esset,
2001 1027 2170 1066 adjectam,
2190 1032 2220 1057 et
2238 1028 2285 1057 tui
2298 1027 2410 1066 prede-

1397 1079 1540 1109 cessoris
1559 1088 1746 1114 assensum,
1765 1079 1891 1109 nullius
1908 1079 2100 1119 hujusmodi
2119 1081 2258 1111 arbitrio
2280 1081 2410 1111 adicere

1397 1132 1525 1162 roboris
1559 1132 1814 1167 firmamentum,
1849 1138 2041 1171 procurator
2071 1138 2147 1163 tuus
2178 1134 2411 1164 vehementius

1398 1185 1578 1220 asserebat,
1608 1185 1687 1224 quia
1717 1187 1887 1216 Romanus
1915 1187 2067 1216 Pontifex
2096 1187 2165 1217 sola
2191 1196 2229 1217 ea
2255 1196 2318 1226 que
2348 1187 2411 1217 rite

1398 1242 1553 1275 aguntur,
1578 1238 1759 1276 approbare
1781 1238 2000 1276 intelligitur;
2023 1248 2082 1269 nec.
2103 1249 2140 1270 ex
2163 1249 2303 1270 assensu
2323 1240 2412 1279 ejus-

1398 1292 1470 1321 dem
1491 1292 1735 1330 predecessoris
1755 1293 1802 1322 tui
1822 1292 1880 1321 tibi
1898 1293 2117 1332 prejudicium
2134 1294 2312 1332 irrogatur,
2330 1303 2412 1333 quo-

1398 1344 1509 1374 minus
1527 1344 1585 1374 illa
1604 1344 1664 1374 tibi
1686 1354 1841 1375 revocare
1863 1345 1906 1374 sit
1927 1346 2068 1381 licitum,
2093 1355 2156 1385 que
2180 1347 2214 1376 in
2238 1347 2411 1385 dignitatis

1398 1402 1452 1427 tue
1470 1406 1605 1435 vergere
1625 1398 1756 1428 noveris
1773 1398 2021 1429 detrimentum.
2039 1399 2108 1429 Nec
2124 1400 2232 1429 obstat
2252 1400 2339 1439 quod
2356 1410 2413 1430 su-

1399 1459 1455 1488 per
1471 1450 1626 1480 omnibus
1644 1450 1799 1489 capitulis
1816 1451 1856 1480 ab
1874 1451 2010 1481 arbitris
2027 1452 2258 1482 determinatis
2273 1453 2409 1487 eisdem,

1399 1504 1485 1533 dicto
1503 1503 1729 1542 predecessori
1747 1508 1801 1534 tuo
1822 1508 1853 1534 et
1877 1505 2126 1535 successoribus
2148 1506 2219 1545 ejus
2238 1506 2413 1545 I[nnocen-

1401 1557 1510 1596 tius²],
1528 1557 1741 1596 predecessor
1758 1562 1881 1593 noster,
1896 1563 2090 1597 perpetuum
2107 1559 2415 1598 diciturimposuis—

1399 1619 1433 1640 se
1457 1610 1640 1645 silentium,
1662 1619 1736 1640 cum
1759 1611 1797 1640 de
1819 1611 2056 1649 compromisso
2075 1620 2140 1641 non
2162 1616 2290 1642 constet
2310 1622 2329 1642 a
2348 1621 2413 1651 quo

1399 1663 1500 1693 sumit
1517 1663 1751 1694 determinatio
1768 1664 2026 1694 firmamentum.
2046 1666 2212 1699 Preterea,
2233 1665 2268 1694 in
2286 1665 2346 1695 hoc
2363 1665 2414 1704 ip—

1398 1726 1510 1746 sorum
1532 1717 1749 1747 contradictio
1774 1717 1833 1746 tibi
1854 1726 1919 1747 non
1937 1717 2033 1748 debet
2049 1718 2191 1753 officere,
2221 1728 2280 1749 nec
2300 1728 2413 1749 eorum

1399 1769 1593 1799 scandalum
1621 1770 1685 1800 sibi
1712 1770 1825 1809 aliqua
1850 1774 1957 1808 potest
1984 1771 2113 1801 ratione
2141 1771 2309 1810 prodesse,
2338 1780 2413 1801 cum

1398 1823 1532 1861 pietatis
1561 1827 1715 1862 concepte
1744 1824 1950 1862 propositum
1981 1833 2017 1854 ex
2049 1824 2228 1862 apostolica
2258 1824 2413 1854 intendas

1399 1877 1505 1914 gratia
1528 1877 1695 1915 prosequi,
1722 1881 1751 1907 et
1778 1877 1937 1916 ipsorum,
1963 1877 2097 1916 quibus,
2123 1878 2235 1908 omnia
2255 1878 2331 1917 jura
2354 1888 2414 1909 sua

1398 1930 1622 1960 retinentibus
1646 1930 1680 1959 in
1705 1935 1793 1960 statu
1818 1930 1985 1969 preterito,
2014 1930 2047 1959 in
2073 1930 2164 1961 nullo
2188 1931 2414 1971 prejudicatur

1398 1983 1545 2017 omnino,
1575 1983 1770 2013 scandalum
1800 1992 1819 2013 a
1847 1983 1957 2013 radice
1986 1983 2112 2014 invidie
2141 1984 2292 2014 videatur
2318 1985 2410 2015 oriri.

1398 2036 1492 2072 Quod
1525 2041 1634 2066 autem
1668 2045 1725 2074 per
1755 2036 1931 2074 privilegia
1958 2038 2184 2067 Romanorum
2214 2038 2413 2068 Pontificum

1398 2089 1571 2119 inhibetur
1596 2098 1636 2119 ne
1664 2089 1699 2118 in
1729 2089 1854 2119 diocesi
1879 2089 2117 2120 Cantuariensi
2144 2090 2217 2120 sine
2247 2099 2412 2121 consensu

1398 2142 1560 2172 dictorum
1578 2142 1819 2181 archiepiscopi
1842 2148 1871 2172 et
1895 2147 2087 2179 conventus
2109 2143 2249 2173 ecclesia
2274 2144 2323 2174 vel
2339 2154 2414 2175 ora-

1397 2196 1517 2226 torium
1535 2200 1758 2231 construatur,
1778 2204 1842 2225 non
1866 2196 1996 2225 videtur
2019 2196 2162 2231 obstare,
2185 2206 2259 2227 cum
2280 2197 2341 2228 hoc
2361 2199 2412 2228 fa-

1396 2250 1501 2280 cultas
1524 2249 1669 2279 faciendi
1693 2258 1749 2288 per
1772 2249 1942 2279 oraculum
1968 2249 2184 2287 apostolicum
2208 2250 2412 2289 indulgetur.

1395 2304 1503 2340 Quare
1525 2313 1542 2333 a
1560 2307 1650 2342 parte
1669 2308 1725 2332 tua
1742 2312 1759 2332 a
1777 2303 1872 2333 nobis
1890 2302 2063 2333 humiliter
2081 2303 2255 2341 petebatur
2273 2308 2319 2339 ut,
2337 2313 2412 2334 cum

1395 2357 1579 2395 principem
1604 2357 1639 2386 in
1664 2356 1837 2386 beneficiis
1859 2365 2019 2386 crescere.
2041 2365 2105 2386 non
2127 2365 2284 2386 concessa
2300 2357 2414 2387 deceat

1396 2410 1557 2440 beneficia
1577 2418 1742 2444 revocare,
1767 2418 1943 2439 concessas
1968 2409 2028 2438 tibi
2053 2418 2152 2448 super
2174 2410 2278 2448 petita
2300 2410 2413 2440 indul-

1395 2463 1507 2501 gentia
1522 2463 1662 2496 litteras,
1677 2471 1740 2501 que
1757 2462 1855 2500 longa
1871 2463 2033 2492 dictorum
2046 2463 2166 2501 prioris
2184 2468 2214 2493 et
2230 2467 2413 2494 conventus

1395 2517 1529 2546 fuerant
1548 2516 1809 2546 contradictione
1827 2525 2000 2554 suspense,
2019 2516 2166 2554 expediri
2183 2521 2321 2555 paterna
2337 2526 2412 2555 pro-

1397 2570 1543 2599 videntia
1560 2569 1807 2599 mandaremus.
1825 2570 1893 2599 Nos
1908 2569 2022 2607 igitur,
2040 2569 2107 2598 hiis
2124 2574 2155 2599 et
2171 2569 2246 2599 aliis
2263 2579 2326 2608 que
2342 2579 2413 2608 par-

1396 2628 1444 2652 tes
1462 2622 1637 2652 voluerunt
1654 2631 1764 2652 coram
1779 2622 1876 2652 nobis
1894 2631 2087 2661 proponere,
2107 2622 2301 2660 diligentius
2318 2623 2413 2653 intel-

1395 2675 1501 2710 lectis,
1520 2675 1557 2705 de
1575 2676 1715 2705 fratrum
1742 2679 1930 2705 nostrorum
1948 2675 2088 2705 consilio
2105 2676 2314 2706 decernimus
2335 2685 2414 2706 ean-

1396 2730 1469 2759 dem
1482 2728 1725 2766 indulgentiam
1738 2738 1802 2758 non
1818 2729 1936 2759 dehere
1952 2729 2132 2768 quominus
2148 2738 2244 2759 suum
2258 2730 2413 2760 effectum

1396 2783 1554 2816 obtineat,
1579 2782 1745 2820 impediri.
1764 2782 1857 2812 Nulli
1881 2791 1957 2819 ergo
1982 2787 2093 2812 nostre
2113 2782 2323 2812 diffinitionis
2347 2788 2408 2812 etc.

1429 2909 1450 2932 1.
1471 2911 1518 2932 Ms.
1534 2918 1540 2931 :
1558 2912 1593 2932 et.

1426 2954 1448 2979 ‘L
1468 2954 1600 2977 lnnocent
1619 2953 1666 2976 111.
