2553 3526
0 1819 10 2205 'vv-—---—-..-—-,
0 1532 10 1818 -—-v--———-‚--r
0 1495 6 1510 -
0 1468 3 1475 ν

167 293 225 322 545
1006 281 1250 326 QUINZIEME
1273 282 1432 319 ANNEE.
2211 301 2266 330 545

168 358 268 388 fiebat
283 357 428 393 heredis,
448 357 601 396 quodque
624 357 747 387 sororis
764 361 951 395 premortuo
969 363 1178 394 nequaquam

168 411 266 440 heres
290 410 457 444 existeret,
482 410 540 439 sed
561 409 626 439 alia
648 409 757 448 potius
774 410 878 449 major
901 414 992 443 natu,
1011 409 1050 438 ad
1066 417 1176 447 quam,

164 463 240 503 jure
257 462 491 498 successionis,
511 471 564 492 res
575 462 767 501 hujusmodi
784 463 893 500 potius
905 461 1126 500 pertinebant,
1144 460 1179 489 in

169 524 270 546 causa
292 515 365 553 ipsa
385 515 498 545 nullus
520 514 655 544 habitus
683 519 732 545 est
756 523 942 553 processus,
966 523 1031 543 non
1055 513 1179 551 absque

168 567 316 606 ipsorum
342 566 472 596 abbatis
504 571 535 597 et
567 571 749 597 conventus
773 565 862 606 [non]
888 566 1017 595 modica
1038 564 1178 594 lesione.

169 621 278 657 Quare
296 620 393 649 nobis
409 619 583 649 humiliter
599 619 828 658 supplicarunt
848 622 884 648 ut
905 627 1004 656 super
1023 617 1085 647 hoc
1102 625 1180 646 con-

169 682 288 712 gruum
312 672 497 703 remedium
520 681 684 711 apponere
704 680 906 702 curaremus.
931 671 975 701 Te
998 670 1113 708 igitur,
1132 669 1180 699 fili

169 726 275 765 prior,
289 725 397 755 eidem
411 725 557 755 Henrico
574 725 609 755 in
624 724 816 764 hujusmodi
839 724 972 762 negotio
995 723 1180 761 subrogan-

169 782 232 815 tes,
260 778 458 808 mandamus
487 781 661 816 quatenus
691 777 719 807 si
749 782 799 807 est
825 777 881 812 ita,
918 776 1040 806 herede
1072 776 1180 814 ipsius

169 831 324 865 Florette,
342 830 370 860 si
387 839 485 869 quem
502 839 575 860 esse
591 830 787 864 constiterit,
805 829 833 859 si
848 829 920 859 fieri
936 829 1067 867 poterit,
1081 828 1180 858 citato

168 883 336 922 legitime,
364 883 417 913 vel
443 883 755 913 denuntiationibus
782 882 840 912 ubi
863 882 900 912 de
926 882 1000 921 jure
1027 881 1180 911 videritis

169 936 335 975 expedire,
358 936 579 970 transmissis,
605 939 671 970 aut,
701 936 729 965 si
757 935 868 965 nullus
891 935 989 965 heres
1012 939 1178 973 appareat,

169 989 245 1020 dato
261 993 413 1020 curatore
433 989 542 1023 bonis,
561 988 745 1019 secundum
762 988 849 1027 juris
868 988 1020 1022 formam,
1039 997 1057 1017 a
1073 987 1177 1023 vobis,

168 1043 205 1072 in
222 1043 337 1073 eadem
355 1052 467 1078 cansa,
490 1043 618 1072 ratione
639 1042 763 1081 previa,
790 1041 976 1080 procedatis
997 1041 1180 1071 secundum

169 1095 370 1127 directarum
394 1096 434 1126 ad
457 1105 525 1130 vos,
544 1099 659 1125 cantor
675 1099 706 1125 et
724 1095 858 1129 decane,
878 1103 913 1124 ac
932 1094 1091 1132 collegam
1107 1102 1181 1123 ves-

170 1152 258 1179 trum
274 1149 516 1178 continentiam
532 1148 730 1178 litterarum.
749 1148 863 1177 Testes
879 1151 939 1177 etc.
960 1146 1053 1183 Quod
1070 1146 1099 1175 si
1114 1155 1180 1175 non

170 1210 286 1231 omnes
302 1206 364 1231 etc.
381 1202 456 1231 Dat.
473 1206 509 1230 ut
525 1209 637 1239 supra.
656 1212 671 1227 »

240 1392 358 1420 8⁰88
727 1392 848 1423 Lati-an,
865 1391 899 1418 14
913 1391 1013 1425 juillet
1029 1391 1108 1418 1241.

206 1454 351 1488 Magistro
373 1454 408 1480 P.
433 1453 469 1480 de
494 1453 623 1485 Baiona,
648 1453 791 1480 Toletano
815 1452 967 1483 canonico,
994 1453 1028 1480 P.
1051 1452 1180 1485 Alberti,

168 1502 408 1530 Barchinonensi
429 1502 581 1533 canonico,
606 1505 635 1528 et
657 1501 742 1528 fratri
764 1502 852 1528 Petro
876 1501 1045 1533 Guarnerii,
1068 1501 1182 1528 ordinis

168 1551 295 1578 fratrum
323 1550 583 1583 Praedicatorum,
606 1550 642 1577 de
665 1550 848 1584 Burdegala‚
873 1550 996 1577 mandat
1021 1552 1181 1584 quatenns,

169 1614 203 1619 —
222 1608 290 1627 cum
314 1608 372 1627 non
392 1600 537 1635 potuisset
561 1600 674 1634 liquere
694 1599 730 1626 de
754 1599 869 1626 meritis
894 1608 998 1626 causae
1015 1607 1089 1633 quae
1104 1599 1183 1626 inter

168 1648 347 1676 Toletanum
371 1651 400 1675 et
423 1649 671 1676 Terraconensem
693 1648 931 1682 archiepiscopos
953 1656 1040 1682 super
1062 1647 1182 1675 ordina-

169 1696 250 1724 tione
266 1697 408 1724 ecclesiae
424 1696 605 1723 Valentinae
621 1696 802 1728 vertebatur,
826 1710 857 1714 —
874 1704 998 1730 quorum
1017 1696 1182 1730 archiepis-

168 1752 307 1780 coporum
334 1745 582 1780 procuratoribus,
607 1745 649 1772 ob>
668 1746 722 1772 hoc
746 1745 824 1779 apud
847 1745 953 1772 Sedem
977 1744 1180 1779 Apostolicam

168 1794 352 1827 constitutis,
375 1792 585 1829 S[inibaldus],
602 1793 684 1821 tituli
707 1793 811 1820 Sancti
834 1793 988 1820 Laurentii
1013 1793 1044 1819 in
1068 1793 1183 1820 Lucina

168 1842 324 1878 presbyter
339 1843 513 1875 cardinalis,
530 1843 616 1869 datus
640 1844 736 1870 fuerat
752 1842 879 1874 auditor,
899 1857 930 1860 —
948 1842 1029 1868 infra
1044 1844 1182 1875 quattuor

169 1900 286 1919 menses
297 1891 446 1926 recipiant
459 1894 488 1918 et
504 1891 679 1918 examinent
695 1894 784 1917 testes
797 1899 868 1924 quos
885 1893 982 1925 partes
998 1898 1094 1917 coram
1109 1890 1182 1924 ipsis

167 1939 319 1974 judicibus
335 1948 423 1974 super
437 1940 574 1967 articulis
590 1948 661 1973 quos
678 1939 846 1974 praedictus
862 1939 1024 1966 cardinalis
1040 1939 1113 1973 ipsis
1128 1938 1183 1966 sub

168 1989 268 2024 sigillo
283 1998 336 2016 suo
351 1989 540 2016 transmittat
556 1989 697 2020 inclusos,
719 1997 768 2015 seu
785 1991 887 2015 contra
904 1996 1042 2022 personas
1059 1988 1180 2014 testium

167 2037 230 2072 jam
247 2038 456 2073 productorum
471 2038 613 2065 duxerint
629 2037 848 2072 producendos3
866 2037 986 2064 testium
1004 2037 1054 2071 qui
1072 2037 1183 2063 fuerint

168 2086 212 2113 sic
227 2086 364 2121 producti
379 2086 462 2113 dicta
478 2086 513 2113 ad
531 2086 639 2113 Sedem
656 2086 860 2121 Apostolicam
877 2085 932 2112 sub
944 2085 1016 2117 suis,
1034 2085 1064 2111 id
1080 2088 1123 2112 est
1139 2085 1182 2119 ip-

168 2143 266 2162 sorum
284 2135 494 2162 canonicorum
509 2139 536 2162 et
548 2135 649 2161 fratris
662 2135 743 2161 Petri
759 2134 928 2166 Guarnerii,
941 2134 1050 2167 sigillis
1065 2133 1183 2160 inclusa

169 2183 344 2216 remittant;
371 2184 500 2217 praefixo
516 2183 651 2218 partibus
673 2183 811 2214 termino,
829 2191 884 2216 quo
903 2191 1000 2209 eoram
1022 2182 1085 2216 ipso
1107 2190 1183 2216 papa

169 2235 371 2267 compareant.
386 2247 418 2251 —
435 2233 523 2264 (Rae.
541 2232 586 2265 20,
608 2232 629 2258 f.
651 2231 684 2258 87
704 2234 749 2263 v⁰3
767 2240 836 2258 ann.
854 2231 923 2263 XV,
940 2240 965 2258 c.
982 2231 1057 2261 100.)

211 2347 223 2360 u
242 2335 386 2372 Mayistro
409 2335 441 2362 P.
460 2334 493 2362 de
513 2332 668 2372 Bai071[a],
692 2334 841 2368 Toletano,
867 2338 892 2361 et
914 2333 945 2361 Ρ.
964 2333 1087 2366 eilberti,
1105 2332 1182 2360 Bar-

168 2387 350 2416 chinonensi
377 2388 551 2421 canonicis,
579 2391 604 2415 el
625 2387 720 2422 fratri
744 2386 828 2414 Petro
854 2386 1036 2419 Guarnerii,
1063 2385 1183 2413 ordinis

167 2440 410 2475 Predicatorum,
438 2438 693 2477 Bnrdeyolen[si].
715 2439 828 2476 Nuper
845 2438 880 2467 in
906 2447 1006 2468 causa
1030 2455 1080 2466 —.
1106 2437 1180 2466 Dat.

168 2492 338 2527 Laterani,
357 2493 388 2522 11
405 2492 581 2531 idusjulii,
598 2500 684 2521 anno
702 2491 960 2530 quintodecimo.
980 2504 993 2518 ι)

204 2688 321 2717 θθὸἵ
729 2691 850 2724 Latran,
867 2691 901 2718 15
915 2691 1015 2725 juillet
1030 2692 1109 2720 1241.

167 2757 172 2759 ·
202 2750 435 2785 Archiepiscopo
462 2751 702 2786 compostellano
727 2753 851 2779 mandat
875 2756 1031 2787 quatenus,
1054 2754 1125 2781 licet
1155 2754 1182 2782 ei

167 2807 255 2834 super
270 2800 439 2833 provisione
455 2800 612 2835 Stephani,
630 2801 764 2835 magistri
777 2802 945 2828 scholarum
956 2802 1181 2835 Ulixbonensis,

167 2847 231 2883 ipse
246 2856 323 2882 papa
337 2848 449 2882 scripta
465 2857 517 2875 sua
534 2849 588 2876 sub
603 2853 683 2876 certa
699 2850 793 2876 forma
813 2850 966 2883 direxerit,
983 2851 1053 2885 quia
1068 2854 1181 2885 tamen,

167 2895 246 2923 sicut
259 2896 324 2930 ipse
336 2904 414 2930 papa
424 2900 589 2931 acceperat,
601 2898 762 2924 Abulensis
776 2899 910 2930 ecclesia,
923 2899 1182 2934 Compostellanae

166 2944 350 2980 provinciae,
369 2947 452 2972 tanto
469 2949 602 2980 tempore
615 2947 675 2978 jam
693 2950 862 2980 vacaverat,
880 2947 956 2981 quod
972 2948 1034 2981 ejus
1049 2948 1181 2983 provisio

291 2998 478 3031 GREGOIRE
496 3007 549 3036 tx,
569 3011 588 3032 t.
607 3008 656 3033 111.

1261 355 1297 381 ad
1312 355 1418 383 Sedem
1439 358 1640 391 Apostolicam
1666 362 1727 385 erat
1750 360 1899 392 devoluta,
1921 361 2015 388 eidem
2034 365 2184 397 ecclesiae,
2204 366 2268 393 sive

1261 403 1297 430 ad
1314 403 1410 438 ipsum
1430 414 1535 439 papam
1551 406 1614 433 sive
1625 407 1661 433 ad
1674 407 1770 440 ipsum
1787 409 2042 443 archiepiscopum
2058 412 2187 444 ejusdem
2204 422 2267 447 pro-

1260 451 1336 478 visio
1352 453 1510 486 pertineat,
1528 455 1563 481 de
1580 463 1703 489 persona
1720 457 1846 490 praefati
1868 458 2003 491 magistri
2020 460 2185 487 scholarum
2205 470 2267 496 pro—

1260 500 1361 527 videat
1386 501 1416 527 in
1437 502 1608 536 episcopum
1637 507 1665 530 et
1693 504 1783 530 faciat
1813 505 1907 531 eidem
1938 506 2089 540 Stephano
2116 508 2152 535 ab
2175 509 2269 543 ipsius

1261 549 1402 575 ecclesiae
1417 550 1545 577 subditis
1560 551 1760 578 obedientiam
1776 553 1924 585 exhiberi;
1939 555 2070 588 alioquin
2088 556 2118 582 in
2136 558 2267 590 ejusdem

1262 596 1407 630 Stephani
1432 599 1599 632 provisione
1620 601 1755 633 procedat
1772 602 1857 634 juxta
1873 602 1988 629 litteras
2004 604 2040 630 ad
2056 604 2152 638 ipsum
2170 606 2269 633 archi-

1262 645 1433 679 episcopum
1455 647 1515 679 jam
1539 648 1677 675 directas.
1698 663 1729 667 -
1752 650 1840 680 (Rso.
1863 650 1906 682 20,
1933 652 1952 678 f.
1979 651 2012 678 87
2036 657 2082 685 v‘¹;
2105 662 2174 680 ann.
2199 654 2268 687 XV,

1262 701 1287 719 c.
1304 693 1353 720 101
1370 702 1376 726 ;
1396 709 1428 713 —
1445 696 1482 721 cf.
1499 703 1596 728 supra,
1613 700 1642 722 n⁰
1658 697 1751 728 6083.)

1305 807 1317 821 a
1338 818 1357 824 ..
1381 797 1604 835 archiepiscopo
1628 799 1874 836 Compostellarw.
1900 801 1990 830 Licet
2015 802 2076 831 tibi
2097 811 2195 841 super
2219 822 2266 835 —.

1261 847 1336 876 Dat.
1353 848 1520 883 Laterani,
1539 849 1650 879 idibus
1662 850 1752 888 julii,
1770 860 1856 881 anno
1872 852 2129 890 quintodecimo.
2148 867 2161 881 n

1334 1032 1453 1060 6088
1818 1037 1938 1069 Latran,
1957 1037 1989 1063 15
2004 1038 2103 1071 juillet
2119 1039 2197 1065 1241.

1297 1094 1360 1126 W.‚
1379 1095 1544 1129 praeposito
1561 1096 1717 1127 Furnensi,
1734 1097 1915 1124 Morinensis
1931 1098 2083 1131 dioecesis,
2101 1114 2132 1118 —
2149 1101 2199 1134 qui
2220 1109 2272 1135 per

1263 1143 1501 1177 quinquennium
1517 1144 1572 1178 ipsi
1590 1153 1607 1170 a
1624 1144 1698 1171 Sede
1710 1146 1881 1179 Apostolica
1893 1146 2044 1173 indultum
2061 1151 2093 1174 ut
2105 1149 2270 1183 theologiae

1262 1191 1404 1223 studeret,
1421 1194 1482 1218 tam
1496 1195 1612 1226 propter
1628 1193 1746 1219 diversa
1756 1195 1883 1227 negotia,
1901 1203 1966 1221 cum
1985 1196 2125 1222 ecclesiae
2140 1197 2271 1224 F'urnen-

1263 1239 1312 1271 sis,
1326 1242 1388 1266 tum
1402 1240 1506 1274 ipsius,
1519 1241 1625 1274 quibus
1637 1242 1672 1268 de
1685 1243 1858 1270 necessitate
1870 1243 2006 1271 insistere
2018 1245 2168 1278 debuerat,
2182 1254 2269 1280 quam

1263 1296 1298 1315 ex
1314 1288 1496 1322 negligentia
1510 1290 1628 1324 propria
1649 1299 1706 1317 non
1728 1291 1892 1323 studuerat,
1911 1295 1939 1319 et
1959 1293 2020 1327 qui,
2037 1302 2072 1320 ex
2086 1302 2118 1320 eo
2132 1295 2207 1328 quod
2224 1304 2271 1322 sa-

1262 1338 1439 1364 cerdotalem
1463 1339 1609 1371 ordinem,
1629 1340 1663 1366 de
1682 1349 1737 1374 quo
1753 1341 1831 1367 infra
1851 1350 1961 1368 annum
1979 1343 2166 1377 suscipiendo
2187 1353 2272 1379 prae-

1262 1385 1379 1412 stiterat
1392 1386 1606 1419 juramentum.
1620 1396 1675 1414 non
1691 1393 1849 1422 receperat,
1863 1390 2026 1423 perjurium
2040 1392 2214 1419 noscebatur
2227 1393 2271 1419 in-

1263 1435 1404 1467 currisse,
1431 1435 1510 1462 unde
1539 1436 1632 1469 ipsius
1664 1437 1760 1463 famae
1792 1438 1955 1471 plurimum
1987 1439 2208 1471 detrahebatur,
2238 1456 2272 1459 —

1262 1483 1398 1517 indulget
1415 1487 1457 1515 ut,
1476 1493 1542 1511 cum
1563 1485 1589 1511 ei
1611 1493 1667 1511 non
1690 1486 1784 1512 solum
1807 1487 1953 1513 virtutum
1975 1488 2092 1520 merita,
2109 1489 2158 1515 sed
2180 1490 2270 1516 etiam

1263 1531 1378 1565 generis
1409 1532 1549 1559 nobilitas
1579 1533 1821 1567 suffragarentur,
1850 1535 2035 1568 paenitentia
2063 1545 2149 1570 quam
2178 1538 2272 1571 ipsius

1263 1588 1356 1614 papae
1380 1581 1629 1614 paenitentiarius
1652 1590 1702 1616 pro
1729 1583 1782 1609 tali
1807 1583 1916 1610 delicto
1936 1584 1993 1618 ipsi
2016 1585 2067 1611 W.
2093 1585 2271 1619 injunxerit,

1264 1632 1396 1663 peracta,
1427 1630 1555 1656 infamia
1583 1639 1670 1664 quam
1702 1632 1897 1664 contraxerit,
1932 1633 1958 1659 ei
1990 1641 2047 1659 non
2076 1633 2210 1662 obsistat.
2240 1650 2270 1653 —

1264 1679 1350 1710 (nm.
1365 1678 1410 1711 20,
1426 1679 1445 1705 f.
1461 1678 1494 1705 88
1506 1682 1546 1711 r⁰;
1561 1687 1631 1706 ann.
1646 1679 1715 1713 XV,
1730 1688 1754 1707 c.
1769 1680 1844 1711 102.)

1306 1792 1318 1806 (t
1345 1781 1398 1815 W„
1413 1781 1564 1818 preposito
1581 1781 1742 1817 Furnensz‘,
1766 1783 1948 1811 Morinensis
1964 1783 2098 1812 diocesis.
2120 1784 2163 1813 Te
2181 1792 2274 1814 acce-

1263 1833 1373 1871 pimus
1390 1832 1568 1863 intimante
1586 1834 1673 1872 quod
1691 1857 1710 1864 ..
1733 1834 1898 1873 quondam
1919 1835 2117 1874 prepositus,
2137 1861 2156 1866 ..
2177 1837 2274 1866 deca-

1265 1895 1327 1915 nus
1357 1890 1388 1916 et
1416 1886 1596 1924 capitulum
1625 1888 1808 1917 Furnensis
1835 1888 1990 1923 ecclesie,
2019 1894 2067 1924 te,
2095 1893 2172 1919 tunc
2201 1890 2273 1928 ejus

1264 1939 1434 1973 canonico,
1455 1939 1489 1968 in
1509 1939 1618 1968 studio
1637 1945 1871 1975 commorante,
1894 1945 2081 1971 statuerunt
2099 1946 2135 1971 ut
2157 1952 2273 1980 prepo-

1264 1991 1349 2021 situs
1370 1992 1427 2030 qui
1444 1992 1482 2021 de
1498 1996 1606 2022 cetero
1619 1998 1846 2023 assumeretur
1860 1993 1996 2028 ibidem,
2014 1999 2085 2032 post
2098 1995 2274 2024 confirma-

1264 2044 1388 2074 tionem
1411 2044 1584 2074 electionis
1597 2039 1672 2078 ‘sue,
1690 2051 1852 2083 prestaret
1869 2046 1907 2076 de
1924 2047 2076 2076 facienda
2092 2047 2275 2077 residentia

1265 2102 1296 2127 et
1314 2097 1506 2135 recipiendo
1526 2098 1616 2127 infra
1637 2107 1761 2127 annum
1783 2099 2024 2136 presbiteratus
2048 2099 2163 2130 ordine
2180 2100 2274 2138 jura-

1264 2154 1432 2185 mentum,
1450 2150 1497 2180 ita
1514 2154 1623 2180 tamen
1643 2151 1740 2189 quod,
1755 2151 1784 2180 si
1804 2151 1937 2181 studere
1953 2151 2051 2182 vellet
2067 2156 2098 2182 et
2120 2152 2204 2182 foret
2222 2153 2274 2182 do-

1264 2202 1351 2237 cilis,
1367 2207 1477 2241 posset
1492 2203 1655 2238 Parisius,
1674 2203 1724 2233 vel
1741 2204 1776 2233 in
1793 2203 1858 2233 alio
1874 2203 1945 2234 loco
1957 2204 2014 2243 qui
2033 2205 2150 2244 majori
2168 2206 2275 2243 spatio

1264 2265 1329 2286 non
1347 2256 1495 2292 distaret,
1517 2256 1573 2286 ubi
1589 2257 1815 2294 provisionem
1832 2266 1898 2286 non
1915 2257 2051 2288 haberet
2068 2263 2099 2288 et
2116 2258 2275 2297 frequens

1264 2313 1351 2339 esset
1379 2309 1541 2345 studium,
1576 2313 1605 2339 et
1631 2309 1718 2339 unde
1751 2318 1816 2339 non
1842 2309 1987 2340 traheret
2012 2310 2187 2348 originem,
2218 2320 2276 2348 per

1264 2362 1448 2391 triennium
1476 2361 1510 2390 in
1538 2362 1648 2391 studio
1675 2363 1884 2396 commorari,
1911 2363 2061 2392 facturus
2085 2368 2194 2393 tamen
2217 2373 2276 2401 per

1264 2415 1412 2453 quinque
1429 2423 1561 2444 menses
1575 2414 1723 2453 quolibet
1742 2424 1828 2444 anno
1845 2415 1953 2453 ipsius
1970 2416 2108 2445 triennii
2128 2416 2274 2446 residen-

1263 2467 1345 2497 tiam
1361 2467 1395 2496 in
1411 2467 1552 2497 ecclesia
1567 2472 1759 2497 memorata.
1777 2467 1926 2506 Cumque
1943 2472 1989 2502 tu,
2005 2468 2091 2498 dicto
2108 2469 2275 2506 preposito

1264 2520 1477 2554 substitutus,
1499 2520 1539 2549 ad
1560 2520 1798 2558 recipiendum,
1815 2525 1851 2550 ut
1865 2520 1989 2550 dictum
2005 2525 2065 2556 est,
2087 2521 2276 2551 sacerdota-

1263 2573 1328 2603 lem
1345 2573 1495 2603 ordinem
1514 2577 1544 2602 te
1562 2582 1618 2611 per
1631 2573 1859 2612 juramentum
1873 2573 2088 2611 corporaliter
2100 2574 2274 2612 prestitum

1264 2626 1494 2660 astrinxisses,
1526 2635 1585 2655 nos
1614 2626 1822 2664 postmodum
1847 2626 1886 2656 de
1909 2626 2046 2664 speciali
2075 2627 2182 2664 gratia
2213 2627 2274 2656 tibi

1263 2679 1418 2709 duximus
1448 2679 1694 2708 concedendum
1727 2683 1780 2716 ut,
1812 2679 2050 2709 constitutione
2081 2679 2273 2718 hujusmodi

1264 2740 1329 2761 non
1351 2732 1514 2766 obstante,
1538 2740 1652 2769 posses
1673 2731 1709 2760 in
1731 2731 1924 2762 diaconatus
1950 2732 2067 2762 ordine
2090 2741 2147 2771 per
2173 2732 2273 2770 quin-

1264 2784 1448 2823 quennium
1472 2784 1629 2813 insistere
1653 2783 1762 2813 studio
1787 2783 1970 2822 theologice
1991 2784 2172 2814 facultatis.
2196 2784 2272 2819 Sed,

1264 2837 1343 2876 quia
1378 2836 1547 2867 interdum
1583 2835 1723 2866 ecclesie
1750 2837 1957 2875 supradicte,
1989 2837 2167 2876 aliquando
2196 2846 2274 2868 vero

1262 2890 1404 2928 propria,
1425 2898 1646 2928 supervenere
1665 2890 1806 2927 negotia,
1827 2890 1949 2929 quibus
1966 2894 1997 2920 te
2016 2890 2054 2920 de
2074 2890 2273 2920 necessitate

1263 2942 1422 2973 insistere
1445 2942 1627 2981 oportebat,
1651 2951 1708 2980 per
1730 2942 1898 2972 indultum
1921 2942 1981 2972 tibi
2005 2942 2274 2981 quinquennium

2121 3009 2150 3033 35
