2553 3526
283 275 340 305 367
1009 265 1247 298 neeisTREs
1269 263 1324 293 DE
1347 256 1567 292 GREGOIRE
1592 264 1649 293 IX.
2319 252 2402 293 363χ

288 341 436 380 partibus
454 340 519 368 illis
538 338 723 377 Apostolice
743 337 837 367 Sedis
854 337 964 373 legi-ati.
983 331 1288 364 constitutionibus,

287 395 432 432 recipere
446 398 475 423 et
490 402 563 422 cum
578 392 659 430 ipsis
674 391 810 420 eandem
823 389 996 419 ecclesiam
1011 387 1153 417 retinere
1168 384 1289 416 valeas,

288 448 481 478 auctoritati¹
499 445 703 484 presentium
716 443 947 480 indulgemus:
968 442 1012 470 ita
1030 445 1138 469 tamen
1157 437 1242 476 quod
1258 437 1291 465 in

288 500 426 531 ecclesia
444 497 633 537 Urgellensi
652 496 869 535 personaliter
881 494 1038 528 resideas,
1059 497 1089 522 et
1107 493 1141 520 in
1154 489 1293 520 ecclesia

289 554 326 584 [le
342 553 515 590 Balagcrio
530 551 633 581 facias
650 559 707 587 per
722 548 881 578 vicarium
899 547 1052 576 idoneum
1069 543 1230 574 deserviri
1242 560 1292 570 ——.

291 608 362 636 Dat.
382 604 546 639 Laterani,
566 604 632 633 1111
657 602 731 631 idus
748 601 870 630 martii.
891 608 977 628 anno
1000 596 1258 637 quartodecimo.
1279 607 1291 620 »

359 795 476 824 5392

327 858 465 889 GerardO,
490 856 697 883 archidiacono
717 854 864 885 Tullensi,
889 853 1037 886 significat
1059 860 1088 877 se
1112 859 1162 885 per
1182 850 1296 876 litteras

290 906 520 934 conservatorias
536 905 571 931 ad
587 905 637 937 H.,
656 903 898 930 archidiaconum
918 903 1105 931 Remensem,
1123 908 1173 934 pro
1189 898 1296 925 comite

292 956 375 982 Barri
397 955 498 983 Ducis,
515 953 727 985 crucesignato.
744 952 780 978 ab
796 952 858 985 ipso
876 959 951 985 papa
964 950 1101 981 directas,
1123 957 1180 974 non
1198 947 1297 973 inten-

290 1005 367 1031 disse
402 1003 530 1037 episcopi
562 1001 760 1028 virdunensis
791 1000 905 1034 juribus
939 999 1152 1025 detrimentum
1187 996 1296 1028 afferri,

870 792 990 823 Latran,
1006 790 1038 816 13
1056 797 1133 816 mars
1144 788 1222 815 1241.

291 1053 375 1087 eique
391 1052 513 1079 mandat
529 1054 672 1085 quatenus
686 1050 816 1084 praefato
831 1049 868 1075 H.
882 1047 1089 1074 archidiacono
1102 1045 1236 1072 inhibeat
1250 1053 1296 1076 ne,

291 1102 507 1137 praedictarum
533 1101 698 1126 litterarum
724 1101 888 1133 praetextu,
911 1096 1147 1131 jurisdictionem
1166 1095 1296 1128 ejusdem

292 1151 420 1186 episcopi
435 1151 481 1176 vel
499 1151 560 1183 ejus
577 1149 710 1176 officialis
725 1147 868 1182 impediat
881 1148 927 1173 vel
941 1146 1099 1180 perturbet.
1116 1143 1298 1176 —(R1-:c‚.‘20,

293 1203 313 1227 f.
330 1201 360 1227 *11
375 1204 414 1231 r“;
429 1208 498 1226 anu.
511 1199 594 1229 XIV,
611 1207 635 1224 c.
653 1198 718 1229 24&
735 1212 765 1215 —
782 1197 914 1223 Monimo
933 1195 1011 1225 1193,
1027 1196 1046 1221 t.
1063 1194 1129 1225 197,
1148 1208 1179 1211 ——
1197 1194 1234 1219 cf.
1251 1200 1299 1218 su-

291 1257 353 1282 pra,
374 1258 402 1275 n.
419 1248 487 1275 4112
501 1251 529 1274 et
544 1248 636 1277 4113.)

335 1364 346 1376 κ
381 1351 522 1383 Get-ardo,
551 1349 768 1378 archidiacono
791 1348 935 1376 Tulcensz'.
960 1344 1170 1375 Venerabilis
1198 1345 1300 1373 frater

294 1409 405 1434 noster
424 1426 442 1431 ..
462 1403 634 1440 episcopus
650 1400 872 1430 Vix-dunensis
894 1399 1089 1429 transmissa
1106 1397 1200 1427 nobis
1217 1397 1301 1435 peti-

294 1458 382 1487 tione
402 1455 598 1485 monstravit
619 1454 716 1493 quod.
739 1462 812 1483 cum
837 1462 895 1482 1105
916 1452 994 1482 01101
1019 1451 1183 1490 quondam
1207 1473 1226 1479 ..
1248 1459 1301 1479 co-

293 1511 384 1539 mitis
404 1509 498 1539 Bai-ri
521 1508 632 1538 Ducis.
651 1506 884 1544 crucesignati,
908 1504 1147 1544 proficiscentis
1168 1504 1202 1533 in
1223 1503 1302 1533 sub-

295 1563 416 1593 sidium
441 1563 539 1591 Terre
566 1562 696 1595 Sancte,
720 1569 755 1590 ac
781 1582 800 1589 ..
827 1559 938 1589 uxoris
959 1568 1017 1587 5110
1034 1566 1202 1596 personas.
1228 1566 1301 1586 cum

295 1615 423 1645 familia
441 1619 469 1644 et
490 1614 644 1644 omnibus
662 1613 757 1643 110015
779 1613 848 1642 suis
874 1621 936 1650 que
960 1616 1036 1641 tunc
1059 1609 1303 1640 rationabiliter

295 1668 519 1708 possidebant,
538 1667 782 1705 susceperimus
806 1665 866 1695 51111
888 1665 1090 1703 protectione
1109 1663 1196 1693 beati
1215 1663 1303 1693 Petri

296 1727 326 1752 et
350 1726 473 1752 nostra,
504 1725 687 1750 statuentes
715 1724 750 1748 ut
777 1719 874 1748 liberi
900 1718 963 1752 sui,
990 1718 1047 1756 qui
1075 1716 1190 1746 adhuc.
1218 1716 1303 1745 sicut

296 1775 383 1805 idem
400 1777 598 1807 asseruerat,
618 1777 711 1802 erant
728 1772 761 1801 in
781 1772 887 1810 ipsius
904 1770 1034 1800 comitis
1052 1773 1222 1808 potestate.
1243 1768 1303 1798 sub

296 1827 408 1858 eadem
435 1827 648 1865 protectione,
668 1825 769 1854 donec
787 1823 1024 1863 pervenire[n]t
1049 1822 1089 1852 ad
1108 1822 1303 1852 vicesimum

296 1881 448 1919 quintum
473 1888 608 1913 annum,
637 1879 664 1908 si
689 1887 764 1908 eum
785 1878 991 1914 contingeret
1016 1877 1048 1905 in
1073 1876 1303 1914 prosecutione

296 1934 420 1972 negotii
443 1933 527 1962 dicte
544 1934 643 1962 Terre
660 1931 827 1967 decedere,
853 1934 1094 1968 permanerent,
1117 1930 1170 1964 1-1.,
1196 1929 1305 1958 archi-

297 1988 433 2017 diacono
468 1986 636 2019 Remensi,
664 1994 762 2022 super
786 1984 846 2013 hoc
873 1983 936 2013 sibi
966 1987 1197 2013 conservatore
1227 1991 1304 2012 con-

297 2050 389 2071 cesso
409 2050 414 2068 z
439 2039 564 2079 i[i]dem
587 2048 666 2068 uxor
684 2043 714 2068 et
735 2038 843 2071 liberi,
869 2037 907 2066 de
926 2036 1116 2075 hujusmodi
1133 2045 1304 2066 conserva-

298 2095 385 2123 tione
402 2093 530 2127 conlisi,
546 2092 814 2130 jurisdictionem
834 2099 931 2128 quam
952 2090 1050 2119 habet
1066 2090 1099 2118 in
1122 2098 1177 2119 eos
1197 2089 1304 2119 dictus

298 2147 469 2184 epist-opus
486 2145 688 2175 ordinariam
707 2148 896 2174 vacuantes,
915 2143 952 2172 de
971 2152 1004 2172 se
1022 2142 1304 2180 conquerentibus

297 2208 406 2229 coram
423 2208 460 2228 eo
477 2203 531 2227 aut
551 2198 621 2236 ejus
640 2196 773 2226 officiali
795 2196 993 2233 respondere
1011 2195 1157 2224 indebite
1174 2199 1305 2224 contra-

297 2253 422 2282 dicunt.
446 2252 483 2280 Et
508 2251 585 2280 licet
610 2259 685 2288 sepe
714 2249 883 2286 contingat
910 2248 1041 2278 eosdem
1063 2248 1253 2285 episcopum
1275 2253 1305 2277 et

297 2304 469 2335 officialem
486 2304 520 2332 in
537 2303 623 2337 illos,
640 2307 772 2341 propter
786 2301 1027 2331 contumaciam
1044 2301 1223 2330 eorundem
1246 2310 1304 2330 seu

298 2358 380 2387 alias
398 2366 514 2386 01105115
531 2355 757 2390 rationabiles,
783 2354 1135 2384 excommunicationis
1159 2359 1190 2383 et
1206 2354 1304 2384 inter-

297 2411 375 2440 dicti
392 2410 587 2443 sententias,
606 2409 755 2446 exigente
769 2407 910 2447 justitia.
931 2407 1150 2445 promulgare,
1168 2406 1304 2436 nichilo-

297 2465 407 2493 minus
431 2468 539 2492 tamen
562 2466 774 2491 conservator
789 2460 957 2499 predictus
974 2460 1157 2490 sententias
1182 2460 1305 2489 relaxat

298 2517 429 2546 casdem
446 2521 474 2545 et
494 2516 622 2545 inhibet
639 2515 707 2545 illis
724 2524 764 2544 ne
781 2523 889 2543 coram
910 2514 957 2543 015
972 2518 1165 2551 presumant
1179 2513 1305 2552 aliqua-

299 2577 393 2600 tenus
424 2570 567 2606 litigare.
597 2569 704 2604 Quare
732 2568 817 2597 idem
848 2567 1021 2605 episcopus
1050 2566 1214 2604 provideri
1241 2566 1305 2596 sibi

299 2633 396 2660 super
418 2622 477 2651 1100
496 2621 668 2651 humiliter
687 2620 874 2659 postulavit.
901 2620 986 2656 Quia
1008 2628 1084 2649 vero
1108 2619 1305 2649 intentionis

299 2681 408 2705 nostre
425 2685 487 2704 non
505 2675 612 2704 extitit
628 2684 685 2712 per
697 2673 887 2713 hujusmodi
900 2673 1162 2703 conservatorias
1177 2672 1305 2702 litteras

299 2739 315 2757 a
335 2728 429 2758 nobis
451 2727 596 2756 indultas
618 2727 723 2757 eidem
743 2727 853 2756 comiti
878 2735 912 2755 ac
935 2726 1028 2755 uxori
1054 2734 1124 2761 sue,
1146 2725 1305 2764 jurisdic-

299 2782 381 2811 tioni
405 2780 544 2819 alicujus
566 2780 739 2809 detrahere
758 2779 919 2809 ordinarii
942 2788 999 2809 5011
1028 2779 1127 2808 etiam
1150 2778 1301 2815 delegati,

299 2834 355 2863 sed
373 2842 427 2862 005
448 2833 487 2861 ab
504 2833 710 2867 invasorum,
731 2836 899 2870 raptorum
917 2832 986 2861 sive
1004 2831 1187 2869 predonum
1204 2830 1305 2859 auda-

298 2887 348 2917 cia
364 2887 546 2916 defensare.
569 2886 764 2915 mandamus
786 2890 964 2923 quatenus.
986 2885 1013 2913 si
1031 2889 1080 2913 cst
1098 2884 1157 2919 ita,
1178 2884 1305 2922 prefato

297 2939 522 2969 conservatori
542 2939 736 2968 auctoritate
755 2943 867 2968 nostra
888 2946 1040 2976 expresse
1058 2937 1212 2967 inhibere
1229 2946 1304 2974 pro-

1375 337 1479 364 cures,
1499 329 1617 367 ipsum,
1643 330 1670 358 si
1697 338 1831 359 11000550
1854 329 1964 363 fuerit,
1996 338 2052 367 per
2079 338 2252 359 censuram
2273 328 2380 359 eccle-

1374 381 1554 416 siasticam,
1575 381 1795 420 appellatione
1817 387 1952 413 remota,
1975 381 2213 411 nichilominus
2230 390 2381 420 compes-

1375 435 1488 469 cendo,
1501 444 1549 471 ne,
1565 435 1755 473 hujusmodi
1772 435 2035 464 conservationis
2047 439 2208 473 pretextu,
2220 434 2381 473 jurisdic-

1375 488 1498 517 tionem
1520 487 1666 526 ejusdem
1687 487 1831 526 episcopi
1853 496 1910 517 seu
1934 487 2084 517 officialis
2100 487 2206 526 ipsius
2222 487 2382 525 impediat

1376 540 1426 569 vel
1451 540 1630 578 perturbet.
1659 541 1730 569 Dat.
1762 540 1928 575 Laterani,
1958 540 2008 570 III
2036 540 2110 569 idus
2137 540 2259 574 martii,
2293 548 2382 569 anno

1376 593 1633 632 quartodecimo.
1652 606 1664 619 »

1447 792 1564 819 5393

1413 854 1516 881 Eidem
1535 854 1676 880 similiter
1692 862 1742 888 pro
1756 853 1856 880 eodem
1873 852 2055 880 Virdunensi
2073 852 2208 887 episcopo
2224 851 2337 883 scribit,
2351 854 2387 879 ut

1377 902 1477 929 abbati
1498 902 1638 929 Flabonis
1665 902 1788 934 Montis,
1818 902 2120 929 Praemonstratensis
2148 902 2271 933 ordinis,
2297 910 2383 936 quem

1379 952 1441 986 ipse
1457 960 1532 986 papa
1550 954 1784 977 conservatorem
1802 951 1896 977 eidem
1922 951 2023 978 comiti
2041 951 2125 978 Barri
2140 951 2241 982 Ducis,
2258 950 2387 977 crucesi-

1379 1003 1477 1034 gnato,
1499 1008 1586 1034 super
1606 999 1688 1026 bonis
1708 1000 1770 1033 ejus
1785 1000 1897 1033 integre
1917 999 2081 1031 servandis,
2098 1002 2290 1030 concesserat,
2308 999 2388 1026 inhi-

1380 1049 1444 1076 beat
1469 1057 1515 1081 ne,
1537 1048 1695 1075 earundem
1721 1048 2006 1074 conservatoriarum
2030 1047 2196 1074 litterarum
2222 1050 2388 1081 praetextu,

1956 791 2078 823 Latran,
2094 791 2127 817 13
2142 798 2220 817 mars
2232 790 2309 817 1241.

1380 1101 1475 1125 castra
1491 1101 1520 1125 et
1533 1098 1622 1124 villas
1642 1097 1677 1124 ad
1697 1097 1915 1123 Virduneusem
1937 1097 2091 1123 ecclesiam
2110 1096 2275 1130 spectantia
2295 1097 2388 1123 inter-

1381 1147 1469 1179 dieet,
1487 1147 1622 1173 homines
1638 1146 1747 1173 ibidem
1766 1146 1935 1173 habitantes
1958 1146 2206 1178 excommunicet,
2228 1145 2386 1172 eorundem

1381 1197 1509 1222 locorum
1527 1195 1713 1230 presbyteros
1727 1194 1897 1228 suspendat,
1912 1197 1962 1221 aut
1983 1194 2113 1228 ejusdem
2131 1194 2260 1228 episcopi
2276 1194 2390 1221 Vir-du-

1381 1244 1481 1271 nensis
1501 1244 1738 1278 jurisdictionem
1763 1244 1908 1278 impediat
1930 1245 1978 1270 vel
1999 1243 2159 1278 perturbet.
2182 1258 2214 1261 —
2235 1244 2321 1275 (Rus.
2343 1242 2390 1276 20,

1382 1295 1402 1320 f.
1415 1294 1446 1320 41
1460 1296 1500 1325 r⁰;
1516 1301 1585 1320 ann.
1603 1293 1685 1325 XIV,
1703 1301 1727 1319 0.
1744 1293 1812 1324 244;
1828 1308 1858 1310 -
1876 1292 2102 1325 Mofzmu1193,
2120 1293 2140 1319 f.
2155 1292 2229 1323 199.)

1424 1407 1436 1421 «
1455 1395 1570 1424 Eidem.
1597 1395 1640 1423 Ex
1665 1399 1755 1432 parte
1782 1393 1982 1423 venerahilis
2005 1393 2118 1423 fratris
2138 1393 2242 1423 nostri
2261 1417 2280 1422 .,
2302 1393 2392 1431 0015-

1383 1448 1454 1486 0001
1474 1447 1695 1478 Vix-dunensis
1722 1447 1784 1476 fuit
1812 1447 2013 1485 propositum
2038 1455 2146 1475 coram
2172 1447 2267 1476 nobis
2291 1446 2390 1486 quod,

1383 1510 1456 1530 cum
1476 1500 1598 1530 dudum
1616 1500 1780 1538 quondam
1805 1523 1824 1528 ..
1853 1499 2006 1529 comitem
2033 1499 2127 1529 Barri
2146 1499 2257 1535 Ducis,
2278 1508 2393 1529 cruce-

1384 1554 1566 1591 signatum,
1590 1553 1853 1591 proficiscentem
1879 1552 1912 1581 in
1936 1552 2121 1581 subsidium
2143 1552 2242 1582 Terre
2260 1553 2392 1587 Sancte,

1385 1616 1457 1636 cum
1476 1606 1614 1636 familia.
1634 1606 1763 1635 castris.
1782 1605 1871 1634 villis
1889 1610 1920 1635 et
1937 1605 2012 1634 aliis
2029 1605 2125 1634 bonis
2142 1605 2213 1634 suis
2234 1614 2297 1643 que
2314 1609 2393 1634 tunc

1385 1659 1629 1688 rationabiliter
1644 1658 1844 1696 possidebat,
1860 1658 2105 1696 susceperimus
2117 1657 2178 1687 suh
2191 1658 2396 1695 protectione

1385 1713 1472 1742 beati
1491 1712 1579 1742 Petri
1596 1717 1626 1741 01
1647 1716 1768 1747 nostra,
1789 1715 1972 1740 statuentes
1986 1715 2053 1740 uta
2068 1715 2212 1749 tempore
2227 1715 2397 1749 assumpte

1386 1765 1493 1795 crucis
1511 1774 1548 1794 ca
1570 1765 1682 1793 onmia
1701 1765 1831 1802 integra
1848 1769 1877 1794 01
1901 1764 2014 1802 quieta
2030 1768 2214 1798 manerent,
2234 1763 2336 1793 donec
2356 1763 2396 1794 de

1386 1819 1493 1849 reditu
1515 1827 1575 1848 suo
1602 1818 1650 1848 vel
1676 1818 1767 1847 obitu
1798 1817 2008 1856 eerttissime]
2036 1822 2236 1851 nosceretur,
2266 1822 2297 1847 01
2322 1822 2398 1856 post

1387 1878 1522 1902 mortem
1542 1881 1635 1901 suam
1653 1880 1758 1910 usque
1776 1871 1816 1900 ad
1832 1871 2114 1910 quinquennium,
2131 1871 2157 1900 si
2177 1880 2252 1900 eum
2269 1871 2397 1900 contin·

1387 1931 1477 1965 geret
1496 1925 1630 1954 interim
1655 1925 1693 1954 de
1714 1924 1775 1953 hac
1796 1924 1867 1953 luce
1890 1924 2015 1958 vocari,
2046 1947 2064 1952 ..
2094 1923 2211 1953 abbate
2240 1923 2397 1954 Flabonis

1388 1981 1521 2015 Montis,
1541 1979 1861 2010 Premonstratensis
1883 1979 2021 2014 ordinis,
2041 1979 2105 2009 sibi
2122 1988 2221 2017 super
2240 1979 2301 2009 hoc
2317 1988 2398 2009 con-

1387 2039 1553 2064 servatore
1571 2042 1728 2062 concesso
1747 2042 1752 2060 :
1777 2033 1862 2061 idem
1885 2032 1995 2061 abbas.
2024 2032 2170 2061 mandati
2190 2033 2295 2061 nostri
2312 2033 2397 2062 fines

1387 2087 1558 2121 excedens,
1577 2091 1607 2115 et
1624 2096 1680 2124 per
1697 2095 1730 2116 se
1748 2096 1783 2115 at·
1796 2085 1878 2115 alios
1893 2085 2014 2124 quibus
2027 2086 2203 2116 committit
2217 2086 2397 2125 aliquando

1386 2141 1474 2171 vices
1494 2150 1582 2175 suas,
1605 2140 1693 2170 vires
1717 2139 1904 2169 litterarum
1930 2144 2118 2169 nostrarum
2140 2148 2314 2175 enervans,
2339 2149 2412 2179 per¹

1387 2203 1469 2232 quas
1486 2193 1638 2231 episcopo
1650 2192 1827 2222 cavebatur
1840 2192 1946 2222 eidem
1959 2197 2005 2229 ut,
2019 2197 2167 2230 pretextu
2181 2193 2398 2231 protectionis

1387 2246 1589 2286 hujusmodi,
1616 2246 1744 2275 nullum
1771 2246 1909 2276 ecclesie
1938 2255 1996 2275 sue
2021 2246 2154 2285 juribus
2176 2246 2396 2285 prejudicium

1388 2304 1575 2337 generetur,
1594 2299 1717 2337 passim
1735 2298 1869 2328 mandat
1881 2298 1914 2327 in
1929 2303 2037 2328 castra
2051 2303 2081 2328 et
2096 2298 2192 2328 villas
2204 2299 2243 2328 ad
2258 2299 2396 2329 eandem

1388 2352 1562 2382 ecclesiam
1578 2351 1675 2389 pleno
1693 2351 1766 2390 jure
1785 2351 1969 2389 spectantia
1990 2351 2170 2386 interdicti,
2189 2356 2220 2381 et
2237 2351 2272 2380 in
2289 2351 2400 2381 homi-

1388 2414 1446 2434 nes
1470 2404 1659 2434 habitantes
1679 2404 1801 2433 ibidem
1820 2404 2183 2439 excommunicationis,
2203 2413 2263 2434 nec
2279 2414 2344 2434 non
2362 2404 2397 2434 in

1388 2458 1588 2496 presbiteros
1615 2457 1761 2487 locorum
1788 2457 1935 2495 ipsorum
1961 2458 2192 2496 suspensionis
2215 2458 2400 2488 sententias

1388 2510 1602 2549 promulgari,
1621 2510 1655 2539 in
1676 2511 1746 2549 ejus
1767 2515 1797 2540 et
1815 2511 1962 2549 ejusdem
1986 2510 2125 2541 ecclesie
2146 2520 2210 2540 non
2233 2511 2397 2541 modicum

1388 2563 1608 2602 prejudicium
1633 2568 1663 2593 et
1685 2573 1881 2601 gravamen,
1904 2569 2034 2602 sumpta
2060 2573 2097 2593 ex
2121 2573 2157 2594 eo
2184 2573 2283 2593 causa
2303 2564 2400 2593 dum-

1391 2621 1486 2653 taxat,
1508 2617 1593 2655 quod
1611 2617 1689 2645 dicti
1708 2606 1852 2655 episcopi
1868 2616 2021 2646 homines
2034 2625 2107 2646 cum
2124 2617 2316 2647 hominibus
2328 2626 2400 2655 pre-

1388 2670 1448 2699 fati
1467 2669 1609 2704 comitis,
1625 2674 1736 2708 utpote
1753 2669 1900 2699 locorum
1923 2669 2094 2700 vicinitate
2117 2669 2181 2699 sibi
2198 2670 2397 2709 conjunctis,

1388 2723 1539 2752 rixantur
1562 2723 1741 2758 interdum,
1769 2723 1820 2753 vel
1841 2723 1989 2761 ipsorum
2015 2723 2201 2753 resistendo
2225 2723 2400 2753 conatibus

1389 2785 1423 2805 se
1447 2776 1639 2810 defendunt,
1664 2785 1722 2806 seu
1745 2776 1831 2815 quod
1853 2776 2018 2814 recipiunt
2039 2776 2177 2814 pignora
2196 2785 2254 2815 pro
2277 2776 2399 2806 debitis

1389 2830 1423 2858 in
1456 2829 1577 2868 quibus
1609 2829 1762 2868 jamdicti
1792 2829 1922 2859 comitis
1957 2829 2107 2859 homines
2141 2833 2295 2859 tenentur
2333 2829 2399 2859 eis-

1389 2883 1481 2917 dem,
1509 2892 1607 2920 super
1634 2883 1755 2921 quibus
1781 2892 1889 2913 coram
1916 2883 2029 2913 eodem
2055 2883 2207 2921 episcopo
2238 2887 2268 2912 et
2297 2882 2398 2912 etiam

1389 2944 1498 2965 corani
1529 2935 1648 2964 balivis
1679 2935 1860 2974 supradicti
1890 2936 2020 2966 comitis
2051 2936 2158 2965 facere
2194 2935 2262 2965 illis
2294 2935 2398 2974 justi-
