<?xml version="1.0" encoding="UTF-8"?>
<!DOCTYPE html PUBLIC "-//W3C//DTD XHTML 1.0 Transitional//EN"
    "http://www.w3.org/TR/xhtml1/DTD/xhtml1-transitional.dtd">
<html xmlns="http://www.w3.org/1999/xhtml" xml:lang="en" lang="en">
 <head>
  <title>
</title>
<meta http-equiv="Content-Type" content="text/html;charset=utf-8" />
  <meta name='ocr-system' content='tesseract 3.04.00' />
  <meta name='ocr-capabilities' content='ocr_page ocr_carea ocr_par ocr_line ocrx_word'/>
</head>
<body>
  <div class='ocr_page' id='page_1' title='image "./lesregistresdegr03cathuoft_0057.png"; bbox 0 0 2553 3526; ppageno 0'>
   <div class='ocr_carea' id='block_1_1' title="bbox 115 272 2211 310">
    <p class='ocr_par' dir='ltr' id='par_1_1' title="bbox 115 272 2211 310">
     <span class='ocr_line' id='line_1_1' title="bbox 115 272 2211 310; baseline -0 0"><span class='ocrx_word' id='word_1_1' title='bbox 115 280 154 310; x_wconf 83' lang='lat'>93</span> <span class='ocrx_word' id='word_1_2' title='bbox 961 272 1196 310; x_wconf 73' lang='lat' dir='ltr'>TREIZIEME</span> <span class='ocrx_word' id='word_1_3' title='bbox 1220 273 1379 308; x_wconf 74' lang='lat' dir='ltr'>ANNEE.</span> <span class='ocrx_word' id='word_1_4' title='bbox 2175 283 2211 310; x_wconf 70' lang='lat'>04</span> 
     </span>
    </p>
   </div>
   <div class='ocr_carea' id='block_1_2' title="bbox 111 345 1134 2714">
    <p class='ocr_par' dir='ltr' id='par_1_2' title="bbox 111 345 1134 2714">
     <span class='ocr_line' id='line_1_2' title="bbox 117 345 1125 384; baseline -0.002 -10"><span class='ocrx_word' id='word_1_5' title='bbox 117 345 237 380; x_wconf 85' lang='lat' dir='ltr'>volvat,</span> <span class='ocrx_word' id='word_1_6' title='bbox 255 345 313 375; x_wconf 84' lang='lat' dir='ltr'>alii</span> <span class='ocrx_word' id='word_1_7' title='bbox 329 350 435 375; x_wconf 87' lang='lat' dir='ltr'>tamen</span> <span class='ocrx_word' id='word_1_8' title='bbox 450 345 563 375; x_wconf 82' lang='lat' dir='ltr'>clerici</span> <span class='ocrx_word' id='word_1_9' title='bbox 576 346 631 384; x_wconf 83' lang='lat' dir='ltr'>qui</span> <span class='ocrx_word' id='word_1_10' title='bbox 645 354 718 374; x_wconf 88' lang='lat' dir='ltr'>cum</span> <span class='ocrx_word' id='word_1_11' title='bbox 733 346 781 375; x_wconf 83' lang='lat' dir='ltr'>eis</span> <span class='ocrx_word' id='word_1_12' title='bbox 794 346 840 375; x_wconf 81' lang='lat' dir='ltr'>sic</span> <span class='ocrx_word' id='word_1_13' title='bbox 857 346 969 383; x_wconf 69' lang='lat' dir='ltr'>ligatis</span> <span class='ocrx_word' id='word_1_14' title='bbox 981 345 1125 375; x_wconf 84' lang='lat' dir='ltr'>scienter</span> 
     </span>
     <span class='ocr_line' id='line_1_3' title="bbox 113 397 1125 437; baseline -0.002 -9"><span class='ocrx_word' id='word_1_15' title='bbox 113 398 259 428; x_wconf 87' lang='lat' dir='ltr'>dormire</span> <span class='ocrx_word' id='word_1_16' title='bbox 276 402 480 436; x_wconf 72' lang='lat' dir='ltr'>presumunt,</span> <span class='ocrx_word' id='word_1_17' title='bbox 502 397 661 437; x_wconf 80' lang='lat' dir='ltr'>majori{s]</span> <span class='ocrx_word' id='word_1_18' title='bbox 679 398 1032 427; x_wconf 67' lang='lat' dir='ltr'>excommunicationis</span> <span class='ocrx_word' id='word_1_19' title='bbox 1050 406 1125 426; x_wconf 88' lang='lat' dir='ltr'>sen-</span> 
     </span>
     <span class='ocr_line' id='line_1_4' title="bbox 115 449 1126 488; baseline -0.002 -8"><span class='ocrx_word' id='word_1_20' title='bbox 115 451 221 481; x_wconf 86' lang='lat' dir='ltr'>tentia</span> <span class='ocrx_word' id='word_1_21' title='bbox 242 460 306 481; x_wconf 89' lang='lat' dir='ltr'>non</span> <span class='ocrx_word' id='word_1_22' title='bbox 323 451 480 488; x_wconf 66' lang='lat' dir='ltr'>ligantur.</span> <span class='ocrx_word' id='word_1_23' title='bbox 500 451 666 484; x_wconf 84' lang='lat' dir='ltr'>Ceterum,</span> <span class='ocrx_word' id='word_1_24' title='bbox 686 451 780 480; x_wconf 82' lang='lat' dir='ltr'>tectis</span> <span class='ocrx_word' id='word_1_25' title='bbox 800 455 830 481; x_wconf 87' lang='lat' dir='ltr'>et</span> <span class='ocrx_word' id='word_1_26' title='bbox 848 451 988 480; x_wconf 79' lang='lat' dir='ltr'>edificiis</span> <span class='ocrx_word' id='word_1_27' title='bbox 1005 449 1126 487; x_wconf 77' lang='lat' dir='ltr'>ligneis</span> 
     </span>
     <span class='ocr_line' id='line_1_5' title="bbox 111 502 1127 541; baseline -0.003 -7"><span class='ocrx_word' id='word_1_28' title='bbox 111 503 331 534; x_wconf 77' lang='lat' dir='ltr'>ecclesiarum</span> <span class='ocrx_word' id='word_1_29' title='bbox 350 504 503 533; x_wconf 90' lang='lat' dir='ltr'>incendio</span> <span class='ocrx_word' id='word_1_30' title='bbox 520 503 697 533; x_wconf 84' lang='lat' dir='ltr'>destructis</span> <span class='ocrx_word' id='word_1_31' title='bbox 713 503 857 539; x_wconf 88' lang='lat' dir='ltr'>omnino,</span> <span class='ocrx_word' id='word_1_32' title='bbox 880 502 1063 541; x_wconf 86' lang='lat' dir='ltr'>parietibus</span> <span class='ocrx_word' id='word_1_33' title='bbox 1080 507 1127 531; x_wconf 90' lang='lat' dir='ltr'>ta-</span> 
     </span>
     <span class='ocr_line' id='line_1_6' title="bbox 118 555 1125 594; baseline -0.003 -8"><span class='ocrx_word' id='word_1_34' title='bbox 118 566 192 586; x_wconf 87' lang='lat' dir='ltr'>men</span> <span class='ocrx_word' id='word_1_35' title='bbox 202 557 343 594; x_wconf 78' lang='lat' dir='ltr'>integris</span> <span class='ocrx_word' id='word_1_36' title='bbox 355 561 385 586; x_wconf 81' lang='lat' dir='ltr'>et</span> <span class='ocrx_word' id='word_1_37' title='bbox 401 556 511 586; x_wconf 83' lang='lat' dir='ltr'>tabula</span> <span class='ocrx_word' id='word_1_38' title='bbox 521 556 636 585; x_wconf 84' lang='lat' dir='ltr'>altaris</span> <span class='ocrx_word' id='word_1_39' title='bbox 647 556 680 585; x_wconf 90' lang='lat' dir='ltr'>in</span> <span class='ocrx_word' id='word_1_40' title='bbox 693 565 751 585; x_wconf 83' lang='lat' dir='ltr'>suo</span> <span class='ocrx_word' id='word_1_41' title='bbox 764 560 852 585; x_wconf 83' lang='lat' dir='ltr'>statu</span> <span class='ocrx_word' id='word_1_42' title='bbox 864 555 1125 586; x_wconf 77' lang='lat' dir='ltr'>remanentibus.</span> 
     </span>
     <span class='ocr_line' id='line_1_7' title="bbox 114 609 1128 648; baseline -0.004 -9"><span class='ocrx_word' id='word_1_43' title='bbox 114 614 149 639; x_wconf 86' lang='lat' dir='ltr'>et</span> <span class='ocrx_word' id='word_1_44' title='bbox 166 609 194 639; x_wconf 92' lang='lat' dir='ltr'>si</span> <span class='ocrx_word' id='word_1_45' title='bbox 210 610 275 648; x_wconf 89' lang='lat' dir='ltr'>ipsi</span> <span class='ocrx_word' id='word_1_46' title='bbox 288 609 430 647; x_wconf 83' lang='lat' dir='ltr'>parietes</span> <span class='ocrx_word' id='word_1_47' title='bbox 448 609 573 638; x_wconf 88' lang='lat' dir='ltr'>fuerint</span> <span class='ocrx_word' id='word_1_48' title='bbox 590 609 783 642; x_wconf 80' lang='lat' dir='ltr'>decrustati,</span> <span class='ocrx_word' id='word_1_49' title='bbox 800 617 865 638; x_wconf 89' lang='lat' dir='ltr'>non</span> <span class='ocrx_word' id='word_1_50' title='bbox 884 609 979 638; x_wconf 86' lang='lat' dir='ltr'>debet</span> <span class='ocrx_word' id='word_1_51' title='bbox 998 612 1128 646; x_wconf 81' lang='lat' dir='ltr'>propter</span> 
     </span>
     <span class='ocr_line' id='line_1_8' title="bbox 118 661 1128 695; baseline -0.003 -3"><span class='ocrx_word' id='word_1_52' title='bbox 118 662 179 692; x_wconf 88' lang='lat' dir='ltr'>hoc</span> <span class='ocrx_word' id='word_1_53' title='bbox 201 662 352 695; x_wconf 77' lang='lat' dir='ltr'>ecclesia,</span> <span class='ocrx_word' id='word_1_54' title='bbox 381 662 481 691; x_wconf 86' lang='lat' dir='ltr'>etiam</span> <span class='ocrx_word' id='word_1_55' title='bbox 505 661 534 691; x_wconf 87' lang='lat' dir='ltr'>si</span> <span class='ocrx_word' id='word_1_56' title='bbox 566 661 767 692; x_wconf 73' lang='lat' dir='ltr'>testudinata</span> <span class='ocrx_word' id='word_1_57' title='bbox 794 670 858 691; x_wconf 92' lang='lat' dir='ltr'>non</span> <span class='ocrx_word' id='word_1_58' title='bbox 882 661 994 695; x_wconf 84' lang='lat' dir='ltr'>fuerit,</span> <span class='ocrx_word' id='word_1_59' title='bbox 1021 661 1128 690; x_wconf 88' lang='lat' dir='ltr'>denuo</span> 
     </span>
     <span class='ocr_line' id='line_1_9' title="bbox 113 714 1128 752; baseline -0.003 -6"><span class='ocrx_word' id='word_1_60' title='bbox 113 715 320 750; x_wconf 82' lang='lat' dir='ltr'>conservari,</span> <span class='ocrx_word' id='word_1_61' title='bbox 339 715 416 744; x_wconf 85' lang='lat' dir='ltr'>licet</span> <span class='ocrx_word' id='word_1_62' title='bbox 432 715 470 744; x_wconf 88' lang='lat' dir='ltr'>de</span> <span class='ocrx_word' id='word_1_63' title='bbox 487 722 570 744; x_wconf 89' lang='lat' dir='ltr'>novo</span> <span class='ocrx_word' id='word_1_64' title='bbox 590 714 736 752; x_wconf 84' lang='lat' dir='ltr'>predicta</span> <span class='ocrx_word' id='word_1_65' title='bbox 754 719 837 744; x_wconf 81' lang='lat' dir='ltr'>tecta</span> <span class='ocrx_word' id='word_1_66' title='bbox 853 719 883 744; x_wconf 88' lang='lat' dir='ltr'>et</span> <span class='ocrx_word' id='word_1_67' title='bbox 905 714 1036 744; x_wconf 79' lang='lat' dir='ltr'>edificia</span> <span class='ocrx_word' id='word_1_68' title='bbox 1056 714 1128 743; x_wconf 81' lang='lat' dir='ltr'>sue-</span> 
     </span>
     <span class='ocr_line' id='line_1_10' title="bbox 118 767 1128 806; baseline -0.003 -8"><span class='ocrx_word' id='word_1_69' title='bbox 118 769 186 798; x_wconf 89' lang='lat' dir='ltr'>rint</span> <span class='ocrx_word' id='word_1_70' title='bbox 212 772 374 806; x_wconf 85' lang='lat' dir='ltr'>reparata.</span> <span class='ocrx_word' id='word_1_71' title='bbox 397 767 564 797; x_wconf 86' lang='lat' dir='ltr'>Salarium</span> <span class='ocrx_word' id='word_1_72' title='bbox 587 767 673 806; x_wconf 86' lang='lat' dir='ltr'>quod</span> <span class='ocrx_word' id='word_1_73' title='bbox 697 767 785 801; x_wconf 81' lang='lat' dir='ltr'>laici,</span> <span class='ocrx_word' id='word_1_74' title='bbox 815 767 1048 797; x_wconf 72' lang='lat' dir='ltr'>accedentibus</span> <span class='ocrx_word' id='word_1_75' title='bbox 1072 775 1128 795; x_wconf 88' lang='lat' dir='ltr'>vo-</span> 
     </span>
     <span class='ocr_line' id='line_1_11' title="bbox 118 819 1127 858; baseline -0.003 -8"><span class='ocrx_word' id='word_1_76' title='bbox 118 821 305 851; x_wconf 86' lang='lat' dir='ltr'>luntatibus</span> <span class='ocrx_word' id='word_1_77' title='bbox 328 820 540 858; x_wconf 80' lang='lat' dir='ltr'>prelatorum,</span> <span class='ocrx_word' id='word_1_78' title='bbox 565 820 599 848; x_wconf 89' lang='lat' dir='ltr'>in</span> <span class='ocrx_word' id='word_1_79' title='bbox 622 820 888 849; x_wconf 67' lang='lat' dir='ltr'>dedicationibus</span> <span class='ocrx_word' id='word_1_80' title='bbox 912 819 1127 849; x_wconf 84' lang='lat' dir='ltr'>ecclesiarum</span> 
     </span>
     <span class='ocr_line' id='line_1_12' title="bbox 117 872 1128 911; baseline -0.002 -8"><span class='ocrx_word' id='word_1_81' title='bbox 117 874 283 903; x_wconf 71' lang='lat' dir='ltr'>ministris</span> <span class='ocrx_word' id='word_1_82' title='bbox 297 873 525 911; x_wconf 79' lang='lat' dir='ltr'>episcoporum</span> <span class='ocrx_word' id='word_1_83' title='bbox 541 882 596 910; x_wconf 92' lang='lat' dir='ltr'>pro</span> <span class='ocrx_word' id='word_1_84' title='bbox 609 872 720 902; x_wconf 85' lang='lat' dir='ltr'>labore</span> <span class='ocrx_word' id='word_1_85' title='bbox 735 882 793 902; x_wconf 90' lang='lat' dir='ltr'>suo</span> <span class='ocrx_word' id='word_1_86' title='bbox 806 877 993 902; x_wconf 82' lang='lat' dir='ltr'>statuerunt</span> <span class='ocrx_word' id='word_1_87' title='bbox 1010 873 1128 902; x_wconf 84' lang='lat' dir='ltr'>debere</span> 
     </span>
     <span class='ocr_line' id='line_1_13' title="bbox 118 925 1127 966; baseline -0.003 -9"><span class='ocrx_word' id='word_1_88' title='bbox 118 926 273 966; x_wconf 71' lang='lat' dir='ltr'>persolvi,</span> <span class='ocrx_word' id='word_1_89' title='bbox 287 935 361 956; x_wconf 86' lang='lat' dir='ltr'>cnm</span> <span class='ocrx_word' id='word_1_90' title='bbox 377 925 410 954; x_wconf 91' lang='lat' dir='ltr'>id</span> <span class='ocrx_word' id='word_1_91' title='bbox 426 930 570 955; x_wconf 89' lang='lat' dir='ltr'>statuere</span> <span class='ocrx_word' id='word_1_92' title='bbox 588 925 626 955; x_wconf 89' lang='lat' dir='ltr'>de</span> <span class='ocrx_word' id='word_1_93' title='bbox 640 926 714 964; x_wconf 84' lang='lat' dir='ltr'>jure</span> <span class='ocrx_word' id='word_1_94' title='bbox 729 926 951 964; x_wconf 79' lang='lat' dir='ltr'>nequiverint,</span> <span class='ocrx_word' id='word_1_95' title='bbox 969 935 1026 955; x_wconf 88' lang='lat' dir='ltr'>nec</span> <span class='ocrx_word' id='word_1_96' title='bbox 1042 926 1127 963; x_wconf 69' lang='lat' dir='ltr'>exigi</span> 
     </span>
     <span class='ocr_line' id='line_1_14' title="bbox 115 979 1126 1017; baseline -0.003 -7"><span class='ocrx_word' id='word_1_97' title='bbox 115 981 159 1010; x_wconf 83' lang='lat' dir='ltr'>ab</span> <span class='ocrx_word' id='word_1_98' title='bbox 186 980 311 1010; x_wconf 83' lang='lat' dir='ltr'>eisdem</span> <span class='ocrx_word' id='word_1_99' title='bbox 336 979 432 1009; x_wconf 81' lang='lat' dir='ltr'>laicis</span> <span class='ocrx_word' id='word_1_100' title='bbox 462 987 520 1008; x_wconf 84' lang='lat' dir='ltr'>nec</span> <span class='ocrx_word' id='word_1_101' title='bbox 551 983 700 1008; x_wconf 81' lang='lat' dir='ltr'>exactum</span> <span class='ocrx_word' id='word_1_102' title='bbox 727 979 829 1017; x_wconf 78' lang='lat' dir='ltr'>recipi</span> <span class='ocrx_word' id='word_1_103' title='bbox 856 979 976 1016; x_wconf 80' lang='lat' dir='ltr'>poterit</span> <span class='ocrx_word' id='word_1_104' title='bbox 1003 979 1126 1017; x_wconf 79' lang='lat' dir='ltr'>absque</span> 
     </span>
     <span class='ocr_line' id='line_1_15' title="bbox 116 1032 1127 1072; baseline -0.002 -9"><span class='ocrx_word' id='word_1_105' title='bbox 116 1034 198 1063; x_wconf 86' lang='lat' dir='ltr'>vitio</span> <span class='ocrx_word' id='word_1_106' title='bbox 227 1033 409 1072; x_wconf 80' lang='lat' dir='ltr'>symonie¹.</span> <span class='ocrx_word' id='word_1_107' title='bbox 442 1032 563 1063; x_wconf 79' lang='lat' dir='ltr'>Clerici</span> <span class='ocrx_word' id='word_1_108' title='bbox 596 1042 726 1071; x_wconf 77' lang='lat' dir='ltr'>quoque</span> <span class='ocrx_word' id='word_1_109' title='bbox 753 1032 900 1062; x_wconf 83' lang='lat' dir='ltr'>volentes</span> <span class='ocrx_word' id='word_1_110' title='bbox 927 1032 967 1061; x_wconf 84' lang='lat' dir='ltr'>ad</span> <span class='ocrx_word' id='word_1_111' title='bbox 994 1032 1127 1061; x_wconf 80' lang='lat' dir='ltr'>ordines</span> 
     </span>
     <span class='ocr_line' id='line_1_16' title="bbox 114 1085 1127 1126; baseline -0.002 -9"><span class='ocrx_word' id='word_1_112' title='bbox 114 1086 313 1126; x_wconf 84' lang='lat' dir='ltr'>promoveri⁷</span> <span class='ocrx_word' id='word_1_113' title='bbox 341 1086 408 1125; x_wconf 81' lang='lat' dir='ltr'>qui,</span> <span class='ocrx_word' id='word_1_114' title='bbox 444 1086 483 1115; x_wconf 92' lang='lat' dir='ltr'>de</span> <span class='ocrx_word' id='word_1_115' title='bbox 515 1095 575 1115; x_wconf 87' lang='lat' dir='ltr'>sua</span> <span class='ocrx_word' id='word_1_116' title='bbox 603 1085 743 1115; x_wconf 87' lang='lat' dir='ltr'>scientia</span> <span class='ocrx_word' id='word_1_117' title='bbox 772 1085 968 1115; x_wconf 82' lang='lat' dir='ltr'>diffidentes.</span> <span class='ocrx_word' id='word_1_118' title='bbox 998 1085 1127 1115; x_wconf 83' lang='lat' dir='ltr'>clericis</span> 
     </span>
     <span class='ocr_line' id='line_1_17' title="bbox 113 1137 1128 1176; baseline -0.004 -6"><span class='ocrx_word' id='word_1_119' title='bbox 113 1139 272 1170; x_wconf 85' lang='lat' dir='ltr'>litteratis</span> <span class='ocrx_word' id='word_1_120' title='bbox 289 1147 428 1168; x_wconf 87' lang='lat' dir='ltr'>munera</span> <span class='ocrx_word' id='word_1_121' title='bbox 444 1138 667 1176; x_wconf 80' lang='lat' dir='ltr'>paciscuntur,</span> <span class='ocrx_word' id='word_1_122' title='bbox 695 1143 727 1167; x_wconf 90' lang='lat' dir='ltr'>ut</span> <span class='ocrx_word' id='word_1_123' title='bbox 745 1138 882 1167; x_wconf 85' lang='lat' dir='ltr'>auribus</span> <span class='ocrx_word' id='word_1_124' title='bbox 901 1138 970 1166; x_wconf 83' lang='lat' dir='ltr'>suis</span> <span class='ocrx_word' id='word_1_125' title='bbox 987 1137 1128 1167; x_wconf 85' lang='lat' dir='ltr'>latenter</span> 
     </span>
     <span class='ocr_line' id='line_1_18' title="bbox 115 1190 1128 1229; baseline -0.005 -6"><span class='ocrx_word' id='word_1_126' title='bbox 115 1193 150 1222; x_wconf 88' lang='lat' dir='ltr'>in</span> <span class='ocrx_word' id='word_1_127' title='bbox 171 1192 415 1223; x_wconf 69' lang='lat' dir='ltr'>examinatione</span> <span class='ocrx_word' id='word_1_128' title='bbox 439 1196 615 1221; x_wconf 87' lang='lat' dir='ltr'>susurrent</span> <span class='ocrx_word' id='word_1_129' title='bbox 640 1191 718 1229; x_wconf 82' lang='lat' dir='ltr'>quid</span> <span class='ocrx_word' id='word_1_130' title='bbox 741 1190 963 1220; x_wconf 74' lang='lat' dir='ltr'>examinantis</span> <span class='ocrx_word' id='word_1_131' title='bbox 985 1190 1128 1219; x_wconf 87' lang='lat' dir='ltr'>interro-</span> 
     </span>
     <span class='ocr_line' id='line_1_19' title="bbox 117 1243 1129 1284; baseline -0.005 -8"><span class='ocrx_word' id='word_1_132' title='bbox 117 1245 307 1284; x_wconf 85' lang='lat' dir='ltr'>gationibus</span> <span class='ocrx_word' id='word_1_133' title='bbox 333 1245 475 1275; x_wconf 85' lang='lat' dir='ltr'>debeant</span> <span class='ocrx_word' id='word_1_134' title='bbox 503 1244 713 1281; x_wconf 82' lang='lat' dir='ltr'>respondere,</span> <span class='ocrx_word' id='word_1_135' title='bbox 749 1243 909 1273; x_wconf 86' lang='lat' dir='ltr'>removeri</span> <span class='ocrx_word' id='word_1_136' title='bbox 940 1243 1059 1272; x_wconf 86' lang='lat' dir='ltr'>debent</span> <span class='ocrx_word' id='word_1_137' title='bbox 1089 1243 1129 1271; x_wconf 84' lang='lat' dir='ltr'>ab</span> 
     </span>
     <span class='ocr_line' id='line_1_20' title="bbox 113 1296 1129 1335; baseline -0.004 -7"><span class='ocrx_word' id='word_1_138' title='bbox 113 1298 289 1329; x_wconf 79' lang='lat' dir='ltr'>ordinibus</span> <span class='ocrx_word' id='word_1_139' title='bbox 309 1298 357 1327; x_wconf 86' lang='lat' dir='ltr'>sic</span> <span class='ocrx_word' id='word_1_140' title='bbox 374 1297 554 1335; x_wconf 80' lang='lat' dir='ltr'>susc-eptis;</span> <span class='ocrx_word' id='word_1_141' title='bbox 579 1301 610 1326; x_wconf 90' lang='lat' dir='ltr'>et</span> <span class='ocrx_word' id='word_1_142' title='bbox 632 1296 831 1334; x_wconf 75' lang='lat' dir='ltr'>recipientes</span> <span class='ocrx_word' id='word_1_143' title='bbox 850 1296 1039 1334; x_wconf 84' lang='lat' dir='ltr'>hujusmodi</span> <span class='ocrx_word' id='word_1_144' title='bbox 1057 1305 1129 1324; x_wconf 76' lang='lat' dir='ltr'>niu-</span> 
     </span>
     <span class='ocr_line' id='line_1_21' title="bbox 115 1349 1127 1388; baseline -0.004 -7"><span class='ocrx_word' id='word_1_145' title='bbox 115 1360 197 1382; x_wconf 85' lang='lat' dir='ltr'>nera</span> <span class='ocrx_word' id='word_1_146' title='bbox 224 1355 301 1381; x_wconf 86' lang='lat' dir='ltr'>sunt</span> <span class='ocrx_word' id='word_1_147' title='bbox 334 1350 414 1380; x_wconf 88' lang='lat' dir='ltr'>adeo</span> <span class='ocrx_word' id='word_1_148' title='bbox 441 1349 678 1388; x_wconf 82' lang='lat' dir='ltr'>suspendendi,</span> <span class='ocrx_word' id='word_1_149' title='bbox 708 1349 811 1379; x_wconf 78' lang='lat' dir='ltr'>donec</span> <span class='ocrx_word' id='word_1_150' title='bbox 839 1358 937 1387; x_wconf 86' lang='lat' dir='ltr'>super</span> <span class='ocrx_word' id='word_1_151' title='bbox 970 1349 1030 1379; x_wconf 85' lang='lat' dir='ltr'>boc</span> <span class='ocrx_word' id='word_1_152' title='bbox 1062 1358 1127 1378; x_wconf 85' lang='lat' dir='ltr'>rne-</span> 
     </span>
     <span class='ocr_line' id='line_1_22' title="bbox 117 1402 1129 1441; baseline -0.003 -8"><span class='ocrx_word' id='word_1_153' title='bbox 117 1408 253 1435; x_wconf 85' lang='lat' dir='ltr'>reantur</span> <span class='ocrx_word' id='word_1_154' title='bbox 270 1404 410 1441; x_wconf 84' lang='lat' dir='ltr'>gratiam</span> <span class='ocrx_word' id='word_1_155' title='bbox 428 1403 618 1441; x_wconf 85' lang='lat' dir='ltr'>impetrare.</span> <span class='ocrx_word' id='word_1_156' title='bbox 635 1402 716 1432; x_wconf 91' lang='lat' dir='ltr'>Cum</span> <span class='ocrx_word' id='word_1_157' title='bbox 733 1411 807 1431; x_wconf 84' lang='lat' dir='ltr'>vcro</span> <span class='ocrx_word' id='word_1_158' title='bbox 825 1402 1030 1431; x_wconf 79' lang='lat' dir='ltr'>examinator</span> <span class='ocrx_word' id='word_1_159' title='bbox 1046 1402 1129 1431; x_wconf 68' lang='lat' dir='ltr'>orili-</span> 
     </span>
     <span class='ocr_line' id='line_1_23' title="bbox 119 1455 1129 1491; baseline -0.005 -4"><span class='ocrx_word' id='word_1_160' title='bbox 119 1457 302 1487; x_wconf 83' lang='lat' dir='ltr'>nandorum</span> <span class='ocrx_word' id='word_1_161' title='bbox 328 1456 471 1486; x_wconf 84' lang='lat' dir='ltr'>scolares</span> <span class='ocrx_word' id='word_1_162' title='bbox 496 1465 585 1491; x_wconf 79' lang='lat' dir='ltr'>suos,</span> <span class='ocrx_word' id='word_1_163' title='bbox 613 1455 652 1484; x_wconf 90' lang='lat' dir='ltr'>ob</span> <span class='ocrx_word' id='word_1_164' title='bbox 683 1455 868 1484; x_wconf 64' lang='lat' dir='ltr'>linei-aune</span> <span class='ocrx_word' id='word_1_165' title='bbox 896 1455 1058 1484; x_wconf 75' lang='lat' dir='ltr'>desectum</span> <span class='ocrx_word' id='word_1_166' title='bbox 1091 1455 1129 1484; x_wconf 79' lang='lat' dir='ltr'>ad</span> 
     </span>
     <span class='ocr_line' id='line_1_24' title="bbox 116 1508 1130 1547; baseline -0.003 -7"><span class='ocrx_word' id='word_1_167' title='bbox 116 1510 272 1540; x_wconf 86' lang='lat' dir='ltr'>ordinum</span> <span class='ocrx_word' id='word_1_168' title='bbox 297 1509 542 1547; x_wconf 77' lang='lat' dir='ltr'>susceptionem</span> <span class='ocrx_word' id='word_1_169' title='bbox 568 1509 735 1545; x_wconf 72' lang='lat' dir='ltr'>indignos,</span> <span class='ocrx_word' id='word_1_170' title='bbox 756 1508 846 1538; x_wconf 91' lang='lat' dir='ltr'>nullo</span> <span class='ocrx_word' id='word_1_171' title='bbox 862 1509 947 1538; x_wconf 79' lang='lat' dir='ltr'>dato.</span> <span class='ocrx_word' id='word_1_172' title='bbox 968 1509 1130 1546; x_wconf 82' lang='lat' dir='ltr'>promisso</span> 
     </span>
     <span class='ocr_line' id='line_1_25' title="bbox 120 1561 1130 1599; baseline -0.002 -6"><span class='ocrx_word' id='word_1_173' title='bbox 120 1563 172 1593; x_wconf 86' lang='lat' dir='ltr'>vel</span> <span class='ocrx_word' id='word_1_174' title='bbox 189 1567 326 1598; x_wconf 71' lang='lat' dir='ltr'>retento,</span> <span class='ocrx_word' id='word_1_175' title='bbox 350 1563 483 1592; x_wconf 83' lang='lat' dir='ltr'>moduni</span> <span class='ocrx_word' id='word_1_176' title='bbox 511 1562 604 1591; x_wconf 73' lang='lat' dir='ltr'>(locet</span> <span class='ocrx_word' id='word_1_177' title='bbox 630 1561 810 1599; x_wconf 77' lang='lat' dir='ltr'>sophistice</span> <span class='ocrx_word' id='word_1_178' title='bbox 837 1562 1068 1599; x_wconf 82' lang='lat' dir='ltr'>respondendi,</span> <span class='ocrx_word' id='word_1_179' title='bbox 1097 1567 1130 1591; x_wconf 95' lang='lat' dir='ltr'>ut</span> 
     </span>
     <span class='ocr_line' id='line_1_26' title="bbox 117 1615 1130 1654; baseline -0.002 -8"><span class='ocrx_word' id='word_1_180' title='bbox 117 1617 170 1647; x_wconf 82' lang='lat' dir='ltr'>sic</span> <span class='ocrx_word' id='word_1_181' title='bbox 185 1616 277 1654; x_wconf 83' lang='lat' dir='ltr'>digni</span> <span class='ocrx_word' id='word_1_182' title='bbox 300 1616 341 1646; x_wconf 89' lang='lat' dir='ltr'>ad</span> <span class='ocrx_word' id='word_1_183' title='bbox 356 1616 489 1645; x_wconf 85' lang='lat' dir='ltr'>ordines</span> <span class='ocrx_word' id='word_1_184' title='bbox 513 1620 716 1653; x_wconf 72' lang='lat' dir='ltr'>reputentur,</span> <span class='ocrx_word' id='word_1_185' title='bbox 746 1615 831 1645; x_wconf 84' lang='lat' dir='ltr'>idem</span> <span class='ocrx_word' id='word_1_186' title='bbox 858 1616 1063 1645; x_wconf 76' lang='lat' dir='ltr'>examinator</span> <span class='ocrx_word' id='word_1_187' title='bbox 1082 1620 1130 1645; x_wconf 72' lang='lat' dir='ltr'>est</span> 
     </span>
     <span class='ocr_line' id='line_1_27' title="bbox 116 1668 1130 1707; baseline -0.002 -8"><span class='ocrx_word' id='word_1_188' title='bbox 116 1669 160 1700; x_wconf 90' lang='lat' dir='ltr'>ob</span> <span class='ocrx_word' id='word_1_189' title='bbox 176 1669 247 1704; x_wconf 87' lang='lat' dir='ltr'>hoc,</span> <span class='ocrx_word' id='word_1_190' title='bbox 271 1669 374 1699; x_wconf 84' lang='lat' dir='ltr'>donec</span> <span class='ocrx_word' id='word_1_191' title='bbox 400 1678 498 1707; x_wconf 86' lang='lat' dir='ltr'>super</span> <span class='ocrx_word' id='word_1_192' title='bbox 524 1668 591 1698; x_wconf 88' lang='lat' dir='ltr'>hiis</span> <span class='ocrx_word' id='word_1_193' title='bbox 616 1672 784 1697; x_wconf 83' lang='lat' dir='ltr'>mereatur</span> <span class='ocrx_word' id='word_1_194' title='bbox 808 1668 957 1705; x_wconf 73' lang='lat' dir='ltr'>gratiam,</span> <span class='ocrx_word' id='word_1_195' title='bbox 986 1668 1130 1706; x_wconf 65' lang='lat' dir='ltr'>graviter</span> 
     </span>
     <span class='ocr_line' id='line_1_28' title="bbox 119 1721 1130 1761; baseline -0.002 -9"><span class='ocrx_word' id='word_1_196' title='bbox 119 1722 325 1761; x_wconf 70' lang='lat' dir='ltr'>puniendus3</span> <span class='ocrx_word' id='word_1_197' title='bbox 348 1726 379 1751; x_wconf 88' lang='lat' dir='ltr'>et</span> <span class='ocrx_word' id='word_1_198' title='bbox 400 1721 512 1751; x_wconf 84' lang='lat' dir='ltr'>clerici</span> <span class='ocrx_word' id='word_1_199' title='bbox 531 1722 579 1751; x_wconf 88' lang='lat' dir='ltr'>sic</span> <span class='ocrx_word' id='word_1_200' title='bbox 603 1721 743 1759; x_wconf 89' lang='lat' dir='ltr'>promoti</span> <span class='ocrx_word' id='word_1_201' title='bbox 762 1726 839 1750; x_wconf 82' lang='lat' dir='ltr'>sunt.</span> <span class='ocrx_word' id='word_1_202' title='bbox 858 1731 875 1750; x_wconf 86' lang='lat' dir='ltr'>a</span> <span class='ocrx_word' id='word_1_203' title='bbox 895 1722 1058 1759; x_wconf 70' lang='lat' dir='ltr'>susceptis</span> <span class='ocrx_word' id='word_1_204' title='bbox 1083 1726 1130 1751; x_wconf 83' lang='lat' dir='ltr'>ta-</span> 
     </span>
     <span class='ocr_line' id='line_1_29' title="bbox 116 1775 1130 1813; baseline -0.003 -7"><span class='ocrx_word' id='word_1_205' title='bbox 116 1776 195 1806; x_wconf 81' lang='lat' dir='ltr'>liter</span> <span class='ocrx_word' id='word_1_206' title='bbox 219 1776 393 1806; x_wconf 78' lang='lat' dir='ltr'>ordinibus</span> <span class='ocrx_word' id='word_1_207' title='bbox 421 1775 613 1813; x_wconf 89' lang='lat' dir='ltr'>repellendi.</span> <span class='ocrx_word' id='word_1_208' title='bbox 646 1775 806 1805; x_wconf 72' lang='lat' dir='ltr'>Sacerdos</span> <span class='ocrx_word' id='word_1_209' title='bbox 832 1780 941 1804; x_wconf 86' lang='lat' dir='ltr'>autem</span> <span class='ocrx_word' id='word_1_210' title='bbox 970 1775 1003 1803; x_wconf 93' lang='lat' dir='ltr'>in</span> <span class='ocrx_word' id='word_1_211' title='bbox 1033 1784 1130 1813; x_wconf 75' lang='lat' dir='ltr'>quem</span> 
     </span>
     <span class='ocr_line' id='line_1_30' title="bbox 116 1828 1131 1867; baseline -0.003 -8"><span class='ocrx_word' id='word_1_212' title='bbox 116 1837 234 1859; x_wconf 81' lang='lat' dir='ltr'>omnes</span> <span class='ocrx_word' id='word_1_213' title='bbox 246 1828 456 1867; x_wconf 86' lang='lat' dir='ltr'>parrochiani</span> <span class='ocrx_word' id='word_1_214' title='bbox 471 1828 676 1857; x_wconf 88' lang='lat' dir='ltr'>unanimiter</span> <span class='ocrx_word' id='word_1_215' title='bbox 689 1832 941 1863; x_wconf 72' lang='lat' dir='ltr'>consenserunt,</span> <span class='ocrx_word' id='word_1_216' title='bbox 959 1833 990 1857; x_wconf 85' lang='lat' dir='ltr'>ut</span> <span class='ocrx_word' id='word_1_217' title='bbox 1006 1828 1131 1857; x_wconf 81' lang='lat' dir='ltr'>eumad</span> 
     </span>
     <span class='ocr_line' id='line_1_31' title="bbox 119 1881 1131 1920; baseline -0.003 -8"><span class='ocrx_word' id='word_1_218' title='bbox 119 1881 361 1920; x_wconf 80' lang='lat' dir='ltr'>parrochialem</span> <span class='ocrx_word' id='word_1_219' title='bbox 386 1881 561 1910; x_wconf 85' lang='lat' dir='ltr'>ecclesiam</span> <span class='ocrx_word' id='word_1_220' title='bbox 584 1881 760 1910; x_wconf 74' lang='lat' dir='ltr'>diocesano</span> <span class='ocrx_word' id='word_1_221' title='bbox 786 1881 938 1919; x_wconf 78' lang='lat' dir='ltr'>episcopo</span> <span class='ocrx_word' id='word_1_222' title='bbox 961 1886 1131 1919; x_wconf 68' lang='lat' dir='ltr'>prescnta-</span> 
     </span>
     <span class='ocr_line' id='line_1_32' title="bbox 119 1931 1129 1973; baseline 0 -8"><span class='ocrx_word' id='word_1_223' title='bbox 119 1940 204 1970; x_wconf 82' lang='lat' dir='ltr'>rent,</span> <span class='ocrx_word' id='word_1_224' title='bbox 235 1935 272 1965; x_wconf 84' lang='lat' dir='ltr'>ad</span> <span class='ocrx_word' id='word_1_225' title='bbox 300 1931 429 1973; x_wconf 77' lang='lat' dir='ltr'>ipsum²</span> <span class='ocrx_word' id='word_1_226' title='bbox 461 1939 569 1964; x_wconf 89' lang='lat' dir='ltr'>tamen</span> <span class='ocrx_word' id='word_1_227' title='bbox 597 1934 787 1972; x_wconf 76' lang='lat' dir='ltr'>episcopum</span> <span class='ocrx_word' id='word_1_228' title='bbox 810 1934 850 1963; x_wconf 88' lang='lat' dir='ltr'>ob</span> <span class='ocrx_word' id='word_1_229' title='bbox 878 1934 937 1963; x_wconf 82' lang='lat' dir='ltr'>lioc</span> <span class='ocrx_word' id='word_1_230' title='bbox 963 1934 1129 1965; x_wconf 83' lang='lat' dir='ltr'>accedere.</span> 
     </span>
     <span class='ocr_line' id='line_1_33' title="bbox 119 1987 1130 2025; baseline -0.001 -7"><span class='ocrx_word' id='word_1_231' title='bbox 119 1988 275 2018; x_wconf 80' lang='lat' dir='ltr'>timentes</span> <span class='ocrx_word' id='word_1_232' title='bbox 292 1987 356 2017; x_wconf 82' lang='lat' dir='ltr'>sibi</span> <span class='ocrx_word' id='word_1_233' title='bbox 372 1996 429 2025; x_wconf 87' lang='lat' dir='ltr'>pro</span> <span class='ocrx_word' id='word_1_234' title='bbox 447 1987 549 2016; x_wconf 85' lang='lat' dir='ltr'>nimia</span> <span class='ocrx_word' id='word_1_235' title='bbox 572 1987 728 2025; x_wconf 85' lang='lat' dir='ltr'>temporis</span> <span class='ocrx_word' id='word_1_236' title='bbox 746 1992 776 2017; x_wconf 87' lang='lat' dir='ltr'>et</span> <span class='ocrx_word' id='word_1_237' title='bbox 798 1987 926 2016; x_wconf 82' lang='lat' dir='ltr'>viarum</span> <span class='ocrx_word' id='word_1_238' title='bbox 944 1988 1130 2025; x_wconf 72' lang='lat' dir='ltr'>asperitate,</span> 
     </span>
     <span class='ocr_line' id='line_1_34' title="bbox 119 2041 1132 2079; baseline 0 -9"><span class='ocrx_word' id='word_1_239' title='bbox 119 2045 285 2076; x_wconf 77' lang='lat' dir='ltr'>recusant,</span> <span class='ocrx_word' id='word_1_240' title='bbox 304 2041 343 2075; x_wconf 79' lang='lat' dir='ltr'>si,</span> <span class='ocrx_word' id='word_1_241' title='bbox 358 2041 464 2079; x_wconf 90' lang='lat' dir='ltr'>primo</span> <span class='ocrx_word' id='word_1_242' title='bbox 481 2041 629 2069; x_wconf 88' lang='lat' dir='ltr'>omnium</span> <span class='ocrx_word' id='word_1_243' title='bbox 643 2045 796 2070; x_wconf 80' lang='lat' dir='ltr'>manente</span> <span class='ocrx_word' id='word_1_244' title='bbox 813 2050 989 2075; x_wconf 69' lang='lat' dir='ltr'>consensu,</span> <span class='ocrx_word' id='word_1_245' title='bbox 1005 2041 1132 2070; x_wconf 83' lang='lat' dir='ltr'>duobus</span> 
     </span>
     <span class='ocr_line' id='line_1_35' title="bbox 118 2093 1133 2132; baseline -0.002 -8"><span class='ocrx_word' id='word_1_246' title='bbox 118 2103 158 2124; x_wconf 84' lang='lat' dir='ltr'>ex</span> <span class='ocrx_word' id='word_1_247' title='bbox 183 2094 266 2132; x_wconf 86' lang='lat' dir='ltr'>ipsis</span> <span class='ocrx_word' id='word_1_248' title='bbox 296 2094 475 2127; x_wconf 83' lang='lat' dir='ltr'>dumtaxat,</span> <span class='ocrx_word' id='word_1_249' title='bbox 508 2093 637 2122; x_wconf 85' lang='lat' dir='ltr'>labores</span> <span class='ocrx_word' id='word_1_250' title='bbox 668 2102 781 2122; x_wconf 88' lang='lat' dir='ltr'>eorum</span> <span class='ocrx_word' id='word_1_251' title='bbox 812 2098 842 2123; x_wconf 86' lang='lat' dir='ltr'>et</span> <span class='ocrx_word' id='word_1_252' title='bbox 869 2102 984 2131; x_wconf 77' lang='lat' dir='ltr'>operas</span> <span class='ocrx_word' id='word_1_253' title='bbox 1013 2094 1133 2123; x_wconf 90' lang='lat' dir='ltr'>condu-</span> 
     </span>
     <span class='ocr_line' id='line_1_36' title="bbox 118 2146 1133 2185; baseline -0.001 -8"><span class='ocrx_word' id='word_1_254' title='bbox 118 2147 235 2182; x_wconf 67' lang='lat' dir='ltr'>cendo,</span> <span class='ocrx_word' id='word_1_255' title='bbox 253 2146 399 2185; x_wconf 83' lang='lat' dir='ltr'>aliquam</span> <span class='ocrx_word' id='word_1_256' title='bbox 423 2146 544 2176; x_wconf 77' lang='lat' dir='ltr'>exolvit</span> <span class='ocrx_word' id='word_1_257' title='bbox 565 2146 739 2184; x_wconf 84' lang='lat' dir='ltr'>pecuniam</span> <span class='ocrx_word' id='word_1_258' title='bbox 762 2146 813 2176; x_wconf 88' lang='lat' dir='ltr'>vel</span> <span class='ocrx_word' id='word_1_259' title='bbox 832 2147 1004 2185; x_wconf 82' lang='lat' dir='ltr'>promittit,</span> <span class='ocrx_word' id='word_1_260' title='bbox 1027 2151 1072 2176; x_wconf 87' lang='lat' dir='ltr'>ut.</span> <span class='ocrx_word' id='word_1_261' title='bbox 1095 2147 1133 2176; x_wconf 85' lang='lat' dir='ltr'>de</span> 
     </span>
     <span class='ocr_line' id='line_1_37' title="bbox 121 2199 1134 2237; baseline -0.002 -7"><span class='ocrx_word' id='word_1_262' title='bbox 121 2200 276 2230; x_wconf 86' lang='lat' dir='ltr'>mandato</span> <span class='ocrx_word' id='word_1_263' title='bbox 301 2199 450 2229; x_wconf 86' lang='lat' dir='ltr'>omnium</span> <span class='ocrx_word' id='word_1_264' title='bbox 474 2199 698 2237; x_wconf 75' lang='lat' dir='ltr'>procedentes,</span> <span class='ocrx_word' id='word_1_265' title='bbox 728 2199 834 2229; x_wconf 87' lang='lat' dir='ltr'>eidem</span> <span class='ocrx_word' id='word_1_266' title='bbox 860 2200 1011 2237; x_wconf 78' lang='lat' dir='ltr'>episcopo</span> <span class='ocrx_word' id='word_1_267' title='bbox 1036 2208 1134 2237; x_wconf 87' lang='lat' dir='ltr'>super</span> 
     </span>
     <span class='ocr_line' id='line_1_38' title="bbox 119 2252 1133 2290; baseline -0.002 -7"><span class='ocrx_word' id='word_1_268' title='bbox 119 2253 184 2283; x_wconf 85' lang='lat' dir='ltr'>hoc</span> <span class='ocrx_word' id='word_1_269' title='bbox 199 2257 273 2283; x_wconf 81' lang='lat' dir='ltr'>vota</span> <span class='ocrx_word' id='word_1_270' title='bbox 289 2253 463 2282; x_wconf 76' lang='lat' dir='ltr'>insinuent</span> <span class='ocrx_word' id='word_1_271' title='bbox 481 2252 632 2287; x_wconf 83' lang='lat' dir='ltr'>aliorum,</span> <span class='ocrx_word' id='word_1_272' title='bbox 652 2253 805 2290; x_wconf 68' lang='lat' dir='ltr'>symonie</span> <span class='ocrx_word' id='word_1_273' title='bbox 824 2253 943 2282; x_wconf 82' lang='lat' dir='ltr'>vitium</span> <span class='ocrx_word' id='word_1_274' title='bbox 961 2262 1024 2281; x_wconf 91' lang='lat' dir='ltr'>non</span> <span class='ocrx_word' id='word_1_275' title='bbox 1046 2262 1133 2282; x_wconf 89' lang='lat' dir='ltr'>com-</span> 
     </span>
     <span class='ocr_line' id='line_1_39' title="bbox 121 2305 1131 2349; baseline -0.001 -14"><span class='ocrx_word' id='word_1_276' title='bbox 121 2305 235 2349; x_wconf 65' lang='lat' dir='ltr'>mittit.</span> <span class='ocrx_word' id='word_1_277' title='bbox 261 2306 312 2335; x_wconf 86' lang='lat' dir='ltr'>Ad</span> <span class='ocrx_word' id='word_1_278' title='bbox 341 2305 400 2335; x_wconf 87' lang='lat' dir='ltr'>hec</span> <span class='ocrx_word' id='word_1_279' title='bbox 428 2305 704 2343; x_wconf 77' lang='lat' dir='ltr'>metropolitanus</span> <span class='ocrx_word' id='word_1_280' title='bbox 730 2305 764 2334; x_wconf 92' lang='lat' dir='ltr'>in</span> <span class='ocrx_word' id='word_1_281' title='bbox 791 2305 1004 2335; x_wconf 84' lang='lat' dir='ltr'>coronatione</span> <span class='ocrx_word' id='word_1_282' title='bbox 1032 2306 1131 2343; x_wconf 75' lang='lat' dir='ltr'>regis,</span> 
     </span>
     <span class='ocr_line' id='line_1_40' title="bbox 120 2358 1133 2396; baseline -0.002 -7"><span class='ocrx_word' id='word_1_283' title='bbox 120 2359 412 2389; x_wconf 82' lang='lat' dir='ltr'>benedictionibus</span> <span class='ocrx_word' id='word_1_284' title='bbox 429 2358 585 2388; x_wconf 86' lang='lat' dir='ltr'>abbatum</span> <span class='ocrx_word' id='word_1_285' title='bbox 608 2367 667 2387; x_wconf 81' lang='lat' dir='ltr'>seu</span> <span class='ocrx_word' id='word_1_286' title='bbox 692 2358 852 2395; x_wconf 74' lang='lat' dir='ltr'>regalium</span> <span class='ocrx_word' id='word_1_287' title='bbox 877 2358 1080 2396; x_wconf 77' lang='lat' dir='ltr'>nuptiarum,</span> <span class='ocrx_word' id='word_1_288' title='bbox 1099 2359 1133 2387; x_wconf 91' lang='lat' dir='ltr'>in</span> 
     </span>
     <span class='ocr_line' id='line_1_41' title="bbox 122 2411 1133 2450; baseline 0 -9"><span class='ocrx_word' id='word_1_289' title='bbox 122 2411 302 2442; x_wconf 87' lang='lat' dir='ltr'>missarum</span> <span class='ocrx_word' id='word_1_290' title='bbox 317 2411 551 2443; x_wconf 75' lang='lat' dir='ltr'>celebratione,</span> <span class='ocrx_word' id='word_1_291' title='bbox 571 2411 636 2440; x_wconf 89' lang='lat' dir='ltr'>alio</span> <span class='ocrx_word' id='word_1_292' title='bbox 658 2411 709 2440; x_wconf 90' lang='lat' dir='ltr'>die</span> <span class='ocrx_word' id='word_1_293' title='bbox 726 2420 824 2450; x_wconf 85' lang='lat' dir='ltr'>quam</span> <span class='ocrx_word' id='word_1_294' title='bbox 843 2411 925 2449; x_wconf 85' lang='lat' dir='ltr'>[qui]</span> <span class='ocrx_word' id='word_1_295' title='bbox 943 2412 977 2440; x_wconf 91' lang='lat' dir='ltr'>in</span> <span class='ocrx_word' id='word_1_296' title='bbox 995 2411 1133 2441; x_wconf 80' lang='lat' dir='ltr'>ecclesie</span> 
     </span>
     <span class='ocr_line' id='line_1_42' title="bbox 120 2464 1133 2503; baseline -0.002 -8"><span class='ocrx_word' id='word_1_297' title='bbox 120 2473 182 2495; x_wconf 84' lang='lat' dir='ltr'>sue</span> <span class='ocrx_word' id='word_1_298' title='bbox 211 2464 386 2503; x_wconf 83' lang='lat' dir='ltr'>privilegio</span> <span class='ocrx_word' id='word_1_299' title='bbox 417 2465 460 2494; x_wconf 84' lang='lat' dir='ltr'>sit</span> <span class='ocrx_word' id='word_1_300' title='bbox 491 2473 681 2502; x_wconf 59' lang='lat' dir='ltr'>expressus,</span> <span class='ocrx_word' id='word_1_301' title='bbox 716 2473 925 2502; x_wconf 84' lang='lat' dir='ltr'>nequaquam</span> <span class='ocrx_word' id='word_1_302' title='bbox 952 2464 1057 2502; x_wconf 88' lang='lat' dir='ltr'>palleo</span> <span class='ocrx_word' id='word_1_303' title='bbox 1084 2465 1133 2493; x_wconf 92' lang='lat' dir='ltr'>uti</span> 
     </span>
     <span class='ocr_line' id='line_1_43' title="bbox 119 2517 1132 2554; baseline -0.001 -7"><span class='ocrx_word' id='word_1_304' title='bbox 119 2518 235 2554; x_wconf 80' lang='lat' dir='ltr'>dehet3</span> <span class='ocrx_word' id='word_1_305' title='bbox 263 2523 490 2548; x_wconf 81' lang='lat' dir='ltr'>verumtamen</span> <span class='ocrx_word' id='word_1_306' title='bbox 520 2517 723 2547; x_wconf 83' lang='lat' dir='ltr'>fraternitati</span> <span class='ocrx_word' id='word_1_307' title='bbox 753 2522 805 2547; x_wconf 87' lang='lat' dir='ltr'>tue</span> <span class='ocrx_word' id='word_1_308' title='bbox 834 2522 879 2552; x_wconf 88' lang='lat' dir='ltr'>ut,</span> <span class='ocrx_word' id='word_1_309' title='bbox 910 2517 939 2547; x_wconf 87' lang='lat' dir='ltr'>si</span> <span class='ocrx_word' id='word_1_310' title='bbox 964 2518 1076 2547; x_wconf 83' lang='lat' dir='ltr'>forsan</span> <span class='ocrx_word' id='word_1_311' title='bbox 1104 2522 1132 2547; x_wconf 88' lang='lat' dir='ltr'>te</span> 
     </span>
     <span class='ocr_line' id='line_1_44' title="bbox 120 2569 1130 2609; baseline -0.002 -8"><span class='ocrx_word' id='word_1_312' title='bbox 120 2579 235 2609; x_wconf 86' lang='lat' dir='ltr'>regem</span> <span class='ocrx_word' id='word_1_313' title='bbox 259 2580 416 2601; x_wconf 84' lang='lat' dir='ltr'>coronare</span> <span class='ocrx_word' id='word_1_314' title='bbox 443 2570 626 2607; x_wconf 76' lang='lat' dir='ltr'>contingat.</span> <span class='ocrx_word' id='word_1_315' title='bbox 657 2579 693 2599; x_wconf 81' lang='lat' dir='ltr'>eo</span> <span class='ocrx_word' id='word_1_316' title='bbox 721 2570 772 2599; x_wconf 88' lang='lat' dir='ltr'>die</span> <span class='ocrx_word' id='word_1_317' title='bbox 802 2569 906 2608; x_wconf 86' lang='lat' dir='ltr'>palleo</span> <span class='ocrx_word' id='word_1_318' title='bbox 933 2570 980 2599; x_wconf 83' lang='lat' dir='ltr'>uti</span> <span class='ocrx_word' id='word_1_319' title='bbox 1005 2571 1130 2608; x_wconf 84' lang='lat' dir='ltr'>possis,</span> 
     </span>
     <span class='ocr_line' id='line_1_45' title="bbox 121 2622 1132 2662; baseline -0.002 -8"><span class='ocrx_word' id='word_1_320' title='bbox 121 2623 335 2662; x_wconf 80' lang='lat' dir='ltr'>presentibus</span> <span class='ocrx_word' id='word_1_321' title='bbox 357 2623 582 2661; x_wconf 72' lang='lat' dir='ltr'>indulgemus,</span> <span class='ocrx_word' id='word_1_322' title='bbox 609 2623 684 2651; x_wconf 89' lang='lat' dir='ltr'>dnm</span> <span class='ocrx_word' id='word_1_323' title='bbox 711 2627 819 2652; x_wconf 88' lang='lat' dir='ltr'>tamen</span> <span class='ocrx_word' id='word_1_324' title='bbox 846 2622 981 2652; x_wconf 83' lang='lat' dir='ltr'>evidens</span> <span class='ocrx_word' id='word_1_325' title='bbox 1005 2623 1132 2652; x_wconf 85' lang='lat' dir='ltr'>utilitas</span> 
     </span>
     <span class='ocr_line' id='line_1_46' title="bbox 125 2675 1133 2714; baseline -0.001 -8"><span class='ocrx_word' id='word_1_326' title='bbox 125 2675 372 2706; x_wconf 83' lang='lat' dir='ltr'>vel-necessitas</span> <span class='ocrx_word' id='word_1_327' title='bbox 386 2675 418 2704; x_wconf 86' lang='lat' dir='ltr'>id</span> <span class='ocrx_word' id='word_1_328' title='bbox 436 2680 599 2714; x_wconf 77' lang='lat' dir='ltr'>exposcat.</span> <span class='ocrx_word' id='word_1_329' title='bbox 618 2676 699 2704; x_wconf 86' lang='lat' dir='ltr'>ltem</span> <span class='ocrx_word' id='word_1_330' title='bbox 718 2675 748 2704; x_wconf 87' lang='lat' dir='ltr'>ei</span> <span class='ocrx_word' id='word_1_331' title='bbox 765 2675 833 2713; x_wconf 82' lang='lat' dir='ltr'>qui,</span> <span class='ocrx_word' id='word_1_332' title='bbox 852 2684 909 2713; x_wconf 89' lang='lat' dir='ltr'>pro</span> <span class='ocrx_word' id='word_1_333' title='bbox 921 2675 1051 2705; x_wconf 88' lang='lat' dir='ltr'>mortali</span> <span class='ocrx_word' id='word_1_334' title='bbox 1069 2676 1133 2705; x_wconf 89' lang='lat' dir='ltr'>cri-</span> 
     </span>
    </p>
   </div>
   <div class='ocr_carea' id='block_1_3' title="bbox 124 2821 1134 2939">
    <p class='ocr_par' dir='ltr' id='par_1_3' title="bbox 124 2821 1134 2939">
     <span class='ocr_line' id='line_1_47' title="bbox 157 2821 482 2851; baseline 0.006 -7"><span class='ocrx_word' id='word_1_335' title='bbox 157 2821 178 2845; x_wconf 86' lang='lat'>1.</span> <span class='ocrx_word' id='word_1_336' title='bbox 196 2821 237 2846; x_wconf 76' lang='lat' dir='ltr'>Cf.</span> <span class='ocrx_word' id='word_1_337' title='bbox 254 2828 352 2851; x_wconf 79' lang='lat' dir='ltr'>supra,</span> <span class='ocrx_word' id='word_1_338' title='bbox 368 2826 397 2844; x_wconf 64' lang='grc' dir='ltr'>η’*</span> <span class='ocrx_word' id='word_1_339' title='bbox 413 2821 482 2846; x_wconf 76' lang='grc'>4912.</span> 
     </span>
     <span class='ocr_line' id='line_1_48' title="bbox 156 2865 1134 2896; baseline 0 -8"><span class='ocrx_word' id='word_1_340' title='bbox 156 2865 178 2888; x_wconf 73' lang='lat'>2.</span> <span class='ocrx_word' id='word_1_341' title='bbox 197 2865 234 2888; x_wconf 85' lang='lat' dir='ltr'>La</span> <span class='ocrx_word' id='word_1_342' title='bbox 251 2865 348 2895; x_wconf 83' lang='lat' dir='ltr'>phrase</span> <span class='ocrx_word' id='word_1_343' title='bbox 365 2873 370 2888; x_wconf 92' lang='lat'>:</span> <span class='ocrx_word' id='word_1_344' title='bbox 387 2873 400 2888; x_wconf 74' lang='grc' dir='ltr'><em>α</em></span> <span class='ocrx_word' id='word_1_345' title='bbox 417 2865 449 2888; x_wconf 80' lang='lat' dir='ltr'>ad</span> <span class='ocrx_word' id='word_1_346' title='bbox 467 2865 556 2895; x_wconf 87' lang='lat' dir='ltr'>ipsum</span> <span class='ocrx_word' id='word_1_347' title='bbox 574 2868 664 2888; x_wconf 83' lang='lat' dir='ltr'>tamen</span> <span class='ocrx_word' id='word_1_348' title='bbox 725 2868 854 2888; x_wconf 83' lang='lat' dir='ltr'>recusant</span> <span class='ocrx_word' id='word_1_349' title='bbox 870 2872 892 2893; x_wconf 88' lang='lat'>»‚</span> <span class='ocrx_word' id='word_1_350' title='bbox 910 2871 944 2888; x_wconf 83' lang='lat' dir='ltr'>ne</span> <span class='ocrx_word' id='word_1_351' title='bbox 960 2871 988 2888; x_wconf 87' lang='lat' dir='ltr'>se</span> <span class='ocrx_word' id='word_1_352' title='bbox 1006 2869 1134 2896; x_wconf 87' lang='lat' dir='ltr'>rapporte</span> 
     </span>
     <span class='ocr_line' id='line_1_49' title="bbox 124 2908 1134 2939; baseline -0.001 -7"><span class='ocrx_word' id='word_1_353' title='bbox 124 2916 174 2939; x_wconf 84' lang='lat' dir='ltr'>pas</span> <span class='ocrx_word' id='word_1_354' title='bbox 190 2910 470 2939; x_wconf 76' lang='lat' dir='ltr'>grainmatieatement</span> <span class='ocrx_word' id='word_1_355' title='bbox 490 2909 505 2932; x_wconf 73' lang='lat' dir='ltr'>a</span> <span class='ocrx_word' id='word_1_356' title='bbox 526 2916 556 2933; x_wconf 86' lang='lat' dir='ltr'>ce</span> <span class='ocrx_word' id='word_1_357' title='bbox 577 2909 623 2939; x_wconf 87' lang='lat' dir='ltr'>qui</span> <span class='ocrx_word' id='word_1_358' title='bbox 647 2908 776 2939; x_wconf 68' lang='lat' dir='ltr'>precede,</span> <span class='ocrx_word' id='word_1_359' title='bbox 798 2911 824 2932; x_wconf 85' lang='lat' dir='ltr'>et</span> <span class='ocrx_word' id='word_1_360' title='bbox 844 2910 968 2938; x_wconf 82' lang='lat' dir='ltr'>pourrait</span> <span class='ocrx_word' id='word_1_361' title='bbox 989 2910 1046 2932; x_wconf 85' lang='lat' dir='ltr'>e&#39;tre</span> <span class='ocrx_word' id='word_1_362' title='bbox 1068 2910 1134 2933; x_wconf 77' lang='lat' dir='ltr'>mise</span> 
     </span>
    </p>
   </div>
   <div class='ocr_carea' id='block_1_4' title="bbox 123 2953 406 2984">
    <p class='ocr_par' dir='ltr' id='par_1_4' title="bbox 123 2953 406 2984">
     <span class='ocr_line' id='line_1_50' title="bbox 123 2953 406 2984; baseline 0 -8"><span class='ocrx_word' id='word_1_363' title='bbox 123 2956 204 2977; x_wconf 75' lang='lat' dir='ltr'>entre</span> <span class='ocrx_word' id='word_1_364' title='bbox 220 2953 406 2984; x_wconf 73' lang='lat' dir='ltr'>parentheses.</span> 
     </span>
    </p>
   </div>
   <div class='ocr_carea' id='block_1_5' title="bbox 1208 344 2215 646">
    <p class='ocr_par' dir='ltr' id='par_1_5' title="bbox 1208 344 2215 646">
     <span class='ocr_line' id='line_1_51' title="bbox 1208 344 2213 384; baseline 0.003 -12"><span class='ocrx_word' id='word_1_365' title='bbox 1208 344 1296 374; x_wconf 85' lang='lat' dir='ltr'>mine</span> <span class='ocrx_word' id='word_1_366' title='bbox 1317 345 1441 374; x_wconf 80' lang='lat' dir='ltr'>occulte</span> <span class='ocrx_word' id='word_1_367' title='bbox 1459 346 1643 381; x_wconf 70' lang='lat' dir='ltr'>commisso,</span> <span class='ocrx_word' id='word_1_368' title='bbox 1668 346 1881 383; x_wconf 75' lang='lat' dir='ltr'>penitentiam</span> <span class='ocrx_word' id='word_1_369' title='bbox 1905 356 1999 381; x_wconf 56' lang='lat' dir='ltr'>agere</span> <span class='ocrx_word' id='word_1_370' title='bbox 2024 348 2142 384; x_wconf 70' lang='lat' dir='ltr'>incepit</span> <span class='ocrx_word' id='word_1_371' title='bbox 2168 348 2213 375; x_wconf 80' lang='lat' dir='ltr'>in-</span> 
     </span>
     <span class='ocr_line' id='line_1_52' title="bbox 1208 397 2212 436; baseline 0.002 -11"><span class='ocrx_word' id='word_1_372' title='bbox 1208 397 1340 431; x_wconf 71' lang='lat' dir='ltr'>dictam,</span> <span class='ocrx_word' id='word_1_373' title='bbox 1357 398 1383 426; x_wconf 61' lang='lat' dir='ltr'>si</span> <span class='ocrx_word' id='word_1_374' title='bbox 1398 398 1601 435; x_wconf 81' lang='lat' dir='ltr'>postmodum</span> <span class='ocrx_word' id='word_1_375' title='bbox 1620 398 1701 426; x_wconf 87' lang='lat' dir='ltr'>illud</span> <span class='ocrx_word' id='word_1_376' title='bbox 1718 398 1840 427; x_wconf 71' lang='lat' dir='ltr'>crimen</span> <span class='ocrx_word' id='word_1_377' title='bbox 1856 399 2016 428; x_wconf 73' lang='lat' dir='ltr'>etiiciatur</span> <span class='ocrx_word' id='word_1_378' title='bbox 2032 399 2212 436; x_wconf 81' lang='lat' dir='ltr'>publicum,</span> 
     </span>
     <span class='ocr_line' id='line_1_53' title="bbox 1209 449 2212 489; baseline 0.001 -11"><span class='ocrx_word' id='word_1_379' title='bbox 1209 449 1447 479; x_wconf 69' lang='lat' dir='ltr'>nichilominus</span> <span class='ocrx_word' id='word_1_380' title='bbox 1472 455 1520 479; x_wconf 77' lang='lat' dir='ltr'>est</span> <span class='ocrx_word' id='word_1_381' title='bbox 1545 450 1607 478; x_wconf 76' lang='lat' dir='ltr'>sibi</span> <span class='ocrx_word' id='word_1_382' title='bbox 1636 450 1765 487; x_wconf 81' lang='lat' dir='ltr'>publica</span> <span class='ocrx_word' id='word_1_383' title='bbox 1792 451 1972 488; x_wconf 75' lang='lat' dir='ltr'>penitentia</span> <span class='ocrx_word' id='word_1_384' title='bbox 2000 452 2212 489; x_wconf 56' lang='lat' dir='ltr'>injungi-mla,</span> 
     </span>
     <span class='ocr_line' id='line_1_54' title="bbox 1210 503 2213 541; baseline 0.001 -10"><span class='ocrx_word' id='word_1_385' title='bbox 1210 512 1283 531; x_wconf 84' lang='lat' dir='ltr'>cum</span> <span class='ocrx_word' id='word_1_386' title='bbox 1314 512 1412 540; x_wconf 88' lang='lat' dir='ltr'>super</span> <span class='ocrx_word' id='word_1_387' title='bbox 1439 503 1566 532; x_wconf 89' lang='lat' dir='ltr'>occulta</span> <span class='ocrx_word' id='word_1_388' title='bbox 1596 503 1666 541; x_wconf 86' lang='lat' dir='ltr'>ejus</span> <span class='ocrx_word' id='word_1_389' title='bbox 1700 503 1882 541; x_wconf 81' lang='lat' dir='ltr'>penitentia</span> <span class='ocrx_word' id='word_1_390' title='bbox 1909 504 2007 532; x_wconf 68' lang='lat' dir='ltr'>unius</span> <span class='ocrx_word' id='word_1_391' title='bbox 2036 505 2123 533; x_wconf 77' lang='lat' dir='ltr'>credi</span> <span class='ocrx_word' id='word_1_392' title='bbox 2151 513 2213 533; x_wconf 90' lang='lat' dir='ltr'>non</span> 
     </span>
     <span class='ocr_line' id='line_1_55' title="bbox 1210 556 2215 592; baseline 0.001 -8"><span class='ocrx_word' id='word_1_393' title='bbox 1210 556 1325 585; x_wconf 86' lang='lat' dir='ltr'>debeat</span> <span class='ocrx_word' id='word_1_394' title='bbox 1351 556 1539 585; x_wconf 86' lang='lat' dir='ltr'>testimonio</span> <span class='ocrx_word' id='word_1_395' title='bbox 1561 556 1753 585; x_wconf 79' lang='lat' dir='ltr'>sacerdotis.</span> <span class='ocrx_word' id='word_1_396' title='bbox 1775 557 1846 585; x_wconf 86' lang='lat' dir='ltr'>Dat.</span> <span class='ocrx_word' id='word_1_397' title='bbox 1867 557 2027 592; x_wconf 58' lang='lat' dir='ltr'>Anagnie.</span> <span class='ocrx_word' id='word_1_398' title='bbox 2044 558 2139 586; x_wconf 69' lang='lat' dir='ltr'>VIIII</span> <span class='ocrx_word' id='word_1_399' title='bbox 2158 557 2215 585; x_wconf 65' lang='lat' dir='ltr'>lia-</span> 
     </span>
     <span class='ocr_line' id='line_1_56' title="bbox 1210 607 1942 646; baseline -0.001 -10"><span class='ocrx_word' id='word_1_400' title='bbox 1210 607 1324 637; x_wconf 86' lang='lat' dir='ltr'>lendas</span> <span class='ocrx_word' id='word_1_401' title='bbox 1340 609 1547 646; x_wconf 55' lang='lat' dir='ltr'>fflfpieinliiis,</span> <span class='ocrx_word' id='word_1_402' title='bbox 1567 618 1652 637; x_wconf 88' lang='lat' dir='ltr'>anno</span> <span class='ocrx_word' id='word_1_403' title='bbox 1675 609 1909 638; x_wconf 78' lang='lat' dir='ltr'>tertiodecimo.</span> <span class='ocrx_word' id='word_1_404' title='bbox 1931 622 1942 635; x_wconf 64' lang='grc' dir='ltr'><strong>υ</strong></span> 
     </span>
    </p>
   </div>
   <div class='ocr_carea' id='block_1_6' title="bbox 1281 795 1398 822">
    <p class='ocr_par' dir='ltr' id='par_1_6' title="bbox 1281 795 1398 822">
     <span class='ocr_line' id='line_1_57' title="bbox 1281 795 1398 822; baseline -0.009 0"><span class='ocrx_word' id='word_1_405' title='bbox 1281 795 1398 822; x_wconf 76' lang='grc'>4916</span> 
     </span>
    </p>
   </div>
   <div class='ocr_carea' id='block_1_7' title="bbox 1247 857 2214 890">
    <p class='ocr_par' dir='ltr' id='par_1_7' title="bbox 1247 857 2214 890">
     <span class='ocr_line' id='line_1_58' title="bbox 1247 857 2214 890; baseline 0 -7"><span class='ocrx_word' id='word_1_406' title='bbox 1247 858 1354 890; x_wconf 73' lang='lat' dir='ltr'>Regem</span> <span class='ocrx_word' id='word_1_407' title='bbox 1381 857 1499 889; x_wconf 83' lang='lat' dir='ltr'>Daciae,</span> <span class='ocrx_word' id='word_1_408' title='bbox 1526 860 1721 890; x_wconf 76' lang='lat' dir='ltr'>conquerente</span> <span class='ocrx_word' id='word_1_409' title='bbox 1743 857 1878 890; x_wconf 80' lang='lat' dir='ltr'>episcopo</span> <span class='ocrx_word' id='word_1_410' title='bbox 1899 857 2092 889; x_wconf 65' lang='lat' dir='ltr'>ltoscilslensi,</span> <span class='ocrx_word' id='word_1_411' title='bbox 2116 860 2214 883; x_wconf 83' lang='lat' dir='ltr'>monet</span> 
     </span>
    </p>
   </div>
   <div class='ocr_carea' id='block_1_8' title="bbox 1787 795 2142 829">
    <p class='ocr_par' dir='ltr' id='par_1_8' title="bbox 1787 795 2142 829">
     <span class='ocr_line' id='line_1_59' title="bbox 1787 795 2142 829; baseline -0.003 -7"><span class='ocrx_word' id='word_1_412' title='bbox 1787 796 1916 829; x_wconf 76' lang='lat' dir='ltr'>Anagni,</span> <span class='ocrx_word' id='word_1_413' title='bbox 1932 796 1965 822; x_wconf 85' lang='grc'>23</span> <span class='ocrx_word' id='word_1_414' title='bbox 1981 798 2048 822; x_wconf 77' lang='lat' dir='ltr'>aout</span> <span class='ocrx_word' id='word_1_415' title='bbox 2065 795 2142 821; x_wconf 86' lang='grc'>1239.</span> 
     </span>
    </p>
   </div>
   <div class='ocr_carea' id='block_1_9' title="bbox 1208 905 2216 1232">
    <p class='ocr_par' dir='ltr' id='par_1_9' title="bbox 1208 905 2216 1232">
     <span class='ocr_line' id='line_1_60' title="bbox 1209 905 2211 939; baseline 0 -8"><span class='ocrx_word' id='word_1_416' title='bbox 1209 908 1236 932; x_wconf 87' lang='lat' dir='ltr'>et</span> <span class='ocrx_word' id='word_1_417' title='bbox 1249 908 1330 937; x_wconf 61' lang='lat' dir='ltr'>rogat</span> <span class='ocrx_word' id='word_1_418' title='bbox 1344 908 1487 939; x_wconf 80' lang='lat' dir='ltr'>quatenus</span> <span class='ocrx_word' id='word_1_419' title='bbox 1503 906 1580 931; x_wconf 86' lang='lat' dir='ltr'>bunc</span> <span class='ocrx_word' id='word_1_420' title='bbox 1592 905 1727 937; x_wconf 71' lang='lat' dir='ltr'>abusum,</span> <span class='ocrx_word' id='word_1_421' title='bbox 1743 914 1755 929; x_wconf 83' lang='grc'>(1</span> <span class='ocrx_word' id='word_1_422' title='bbox 1769 906 1909 931; x_wconf 63' lang='lat' dir='ltr'>videlieet</span> <span class='ocrx_word' id='word_1_423' title='bbox 1923 906 2009 938; x_wconf 82' lang='lat' dir='ltr'>quod,</span> <span class='ocrx_word' id='word_1_424' title='bbox 2024 906 2047 931; x_wconf 86' lang='lat' dir='ltr'>si</span> <span class='ocrx_word' id='word_1_425' title='bbox 2057 905 2211 931; x_wconf 84' lang='lat' dir='ltr'>duodecim</span> 
     </span>
     <span class='ocr_line' id='line_1_61' title="bbox 1210 954 2214 988; baseline 0.001 -9"><span class='ocrx_word' id='word_1_426' title='bbox 1210 963 1223 980; x_wconf 84' lang='lat'>))</span> <span class='ocrx_word' id='word_1_427' title='bbox 1245 958 1343 986; x_wconf 77' lang='lat' dir='ltr'>testes,</span> <span class='ocrx_word' id='word_1_428' title='bbox 1366 954 1414 988; x_wconf 88' lang='lat' dir='ltr'>qui</span> <span class='ocrx_word' id='word_1_429' title='bbox 1437 955 1575 979; x_wconf 74' lang='lat' dir='ltr'>nominali</span> <span class='ocrx_word' id='word_1_430' title='bbox 1594 955 1734 980; x_wconf 82' lang='lat' dir='ltr'>dicuntur</span> <span class='ocrx_word' id='word_1_431' title='bbox 1752 976 1793 986; x_wconf 81' lang='grc'>.,.,</span> <span class='ocrx_word' id='word_1_432' title='bbox 1814 955 1980 987; x_wconf 84' lang='lat' dir='ltr'>juramento</span> <span class='ocrx_word' id='word_1_433' title='bbox 2000 955 2214 981; x_wconf 84' lang='lat' dir='ltr'>affirmaverint</span> 
     </span>
     <span class='ocr_line' id='line_1_62' title="bbox 1209 1003 2214 1037; baseline 0.001 -9"><span class='ocrx_word' id='word_1_434' title='bbox 1209 1011 1223 1028; x_wconf 84' lang='lat'>»</span> <span class='ocrx_word' id='word_1_435' title='bbox 1245 1004 1320 1037; x_wconf 86' lang='lat' dir='ltr'>quod</span> <span class='ocrx_word' id='word_1_436' title='bbox 1336 1004 1479 1030; x_wconf 78' lang='lat' dir='ltr'>decedens</span> <span class='ocrx_word' id='word_1_437' title='bbox 1495 1004 1608 1037; x_wconf 72' lang='lat' dir='ltr'>aliquid</span> <span class='ocrx_word' id='word_1_438' title='bbox 1626 1004 1655 1029; x_wconf 90' lang='lat' dir='ltr'>in</span> <span class='ocrx_word' id='word_1_439' title='bbox 1673 1006 1849 1029; x_wconf 77' lang='lat' dir='ltr'>testamento</span> <span class='ocrx_word' id='word_1_440' title='bbox 1865 1004 1939 1029; x_wconf 90' lang='grc'>1111111</span> <span class='ocrx_word' id='word_1_441' title='bbox 1956 1003 2115 1035; x_wconf 81' lang='lat' dir='ltr'>dimiserit,</span> <span class='ocrx_word' id='word_1_442' title='bbox 2130 1003 2214 1029; x_wconf 78' lang='lat' dir='ltr'>deco-</span> 
     </span>
     <span class='ocr_line' id='line_1_63' title="bbox 1210 1051 2215 1086; baseline -0.001 -8"><span class='ocrx_word' id='word_1_443' title='bbox 1210 1060 1222 1077; x_wconf 80' lang='grc'>1)</span> <span class='ocrx_word' id='word_1_444' title='bbox 1244 1052 1342 1078; x_wconf 84' lang='lat' dir='ltr'>dentis</span> <span class='ocrx_word' id='word_1_445' title='bbox 1362 1052 1516 1086; x_wconf 74' lang='lat' dir='ltr'>dispositio</span> <span class='ocrx_word' id='word_1_446' title='bbox 1534 1052 1702 1078; x_wconf 78' lang='lat' dir='ltr'>infirmatur</span> <span class='ocrx_word' id='word_1_447' title='bbox 1722 1060 1746 1083; x_wconf 79' lang='lat'>1),</span> <span class='ocrx_word' id='word_1_448' title='bbox 1768 1060 1945 1085; x_wconf 79' lang='lat' dir='ltr'>quamquam</span> <span class='ocrx_word' id='word_1_449' title='bbox 1964 1051 2143 1077; x_wconf 83' lang='lat' dir='ltr'>contrarium</span> <span class='ocrx_word' id='word_1_450' title='bbox 2166 1060 2215 1085; x_wconf 85' lang='lat' dir='ltr'>per</span> 
     </span>
     <span class='ocr_line' id='line_1_64' title="bbox 1208 1100 2213 1133; baseline -0.002 -6"><span class='ocrx_word' id='word_1_451' title='bbox 1208 1101 1396 1127; x_wconf 81' lang='lat' dir='ltr'>authenticas</span> <span class='ocrx_word' id='word_1_452' title='bbox 1415 1101 1529 1126; x_wconf 79' lang='lat' dir='ltr'>litteras</span> <span class='ocrx_word' id='word_1_453' title='bbox 1551 1104 1578 1126; x_wconf 81' lang='lat' dir='ltr'>et</span> <span class='ocrx_word' id='word_1_454' title='bbox 1599 1103 1686 1126; x_wconf 81' lang='lat' dir='ltr'>testes</span> <span class='ocrx_word' id='word_1_455' title='bbox 1708 1100 1857 1133; x_wconf 78' lang='lat' dir='ltr'>probetur,</span> <span class='ocrx_word' id='word_1_456' title='bbox 1878 1100 1954 1125; x_wconf 70' lang='lat' dir='ltr'>nnrle</span> <span class='ocrx_word' id='word_1_457' title='bbox 1971 1103 2213 1125; x_wconf 64' lang='lat' dir='ltr'>testamentorum</span> 
     </span>
     <span class='ocr_line' id='line_1_65' title="bbox 1209 1148 2214 1183; baseline -0.001 -8"><span class='ocrx_word' id='word_1_458' title='bbox 1209 1149 1357 1175; x_wconf 79' lang='lat' dir='ltr'>exsecutio</span> <span class='ocrx_word' id='word_1_459' title='bbox 1375 1149 1601 1183; x_wconf 72' lang='lat' dir='ltr'>impediebatur,</span> <span class='ocrx_word' id='word_1_460' title='bbox 1616 1149 1651 1175; x_wconf 90' lang='lat' dir='ltr'>de</span> <span class='ocrx_word' id='word_1_461' title='bbox 1668 1157 1754 1182; x_wconf 76' lang='lat' dir='ltr'>regno</span> <span class='ocrx_word' id='word_1_462' title='bbox 1771 1157 1821 1174; x_wconf 79' lang='lat' dir='ltr'>suo</span> <span class='ocrx_word' id='word_1_463' title='bbox 1837 1148 1954 1182; x_wconf 80' lang='lat' dir='ltr'>penitus</span> <span class='ocrx_word' id='word_1_464' title='bbox 1968 1148 2076 1174; x_wconf 82' lang='lat' dir='ltr'>aboleri</span> <span class='ocrx_word' id='word_1_465' title='bbox 2089 1148 2214 1174; x_wconf 76' lang='lat' dir='ltr'>studeat.</span> 
     </span>
     <span class='ocr_line' id='line_1_66' title="bbox 1210 1196 2216 1232; baseline -0.002 -8"><span class='ocrx_word' id='word_1_466' title='bbox 1210 1196 1979 1232; x_wconf 67' lang='grc' dir='ltr'>-(11Ε1;.19,1“.127[121]1·”;ε11111.ΧΙΙΙ,0.109;-</span> <span class='ocrx_word' id='word_1_467' title='bbox 1993 1197 2124 1223; x_wconf 59' lang='lat' dir='ltr'>Momm</span> <span class='ocrx_word' id='word_1_468' title='bbox 2138 1196 2216 1228; x_wconf 90' lang='grc'>1192,</span> 
     </span>
    </p>
   </div>
   <div class='ocr_carea' id='block_1_10' title="bbox 1210 1245 2217 1396">
    <p class='ocr_par' dir='ltr' id='par_1_10' title="bbox 1210 1245 2217 1396">
     <span class='ocr_line' id='line_1_67' title="bbox 1210 1245 2214 1278; baseline -0.001 -6"><span class='ocrx_word' id='word_1_469' title='bbox 1210 1246 1301 1278; x_wconf 61' lang='lat'>1:372,</span> <span class='ocrx_word' id='word_1_470' title='bbox 1313 1254 1347 1272; x_wconf 85' lang='lat' dir='ltr'>ex</span> <span class='ocrx_word' id='word_1_471' title='bbox 1360 1247 1521 1272; x_wconf 56' lang='lat' dir='ltr'>ltmmALno</span> <span class='ocrx_word' id='word_1_472' title='bbox 1534 1254 1539 1277; x_wconf 88' lang='lat'><em>;</em></span> <span class='ocrx_word' id='word_1_473' title='bbox 1554 1245 1862 1276; x_wconf 70' lang='lat' dir='ltr'>—PorrnAsr107803</span> <span class='ocrx_word' id='word_1_474' title='bbox 1876 1260 1906 1263; x_wconf 83' lang='lat'>—-</span> <span class='ocrx_word' id='word_1_475' title='bbox 1919 1247 1956 1271; x_wconf 78' lang='lat' dir='ltr'>ct.</span> <span class='ocrx_word' id='word_1_476' title='bbox 1971 1252 2064 1276; x_wconf 67' lang='lat' dir='ltr'>tustra,</span> <span class='ocrx_word' id='word_1_477' title='bbox 2081 1249 2109 1271; x_wconf 85' lang='lat' dir='ltr'>n⁰</span> <span class='ocrx_word' id='word_1_478' title='bbox 2122 1245 2214 1274; x_wconf 82' lang='lat'>3815.)</span> 
     </span>
     <span class='ocr_line' id='line_1_68' title="bbox 1252 1358 2217 1396; baseline -0.001 -8"><span class='ocrx_word' id='word_1_479' title='bbox 1252 1373 1264 1385; x_wconf 85' lang='lat'>«</span> <span class='ocrx_word' id='word_1_480' title='bbox 1286 1383 1305 1388; x_wconf 91' lang='lat'>..</span> <span class='ocrx_word' id='word_1_481' title='bbox 1325 1361 1441 1388; x_wconf 68' lang='lat' dir='ltr'>illuso-i</span> <span class='ocrx_word' id='word_1_482' title='bbox 1459 1361 1521 1396; x_wconf 65' lang='lat' dir='ltr'>rcyi</span> <span class='ocrx_word' id='word_1_483' title='bbox 1540 1360 1635 1387; x_wconf 60' lang='lat' dir='ltr'>Ducis.</span> <span class='ocrx_word' id='word_1_484' title='bbox 1656 1360 1719 1387; x_wconf 71' lang='lat' dir='ltr'>Stia</span> <span class='ocrx_word' id='word_1_485' title='bbox 1739 1358 1833 1387; x_wconf 80' lang='lat' dir='ltr'>nobis</span> <span class='ocrx_word' id='word_1_486' title='bbox 1855 1358 2054 1387; x_wconf 77' lang='lat' dir='ltr'>venerabilis</span> <span class='ocrx_word' id='word_1_487' title='bbox 2071 1375 2118 1385; x_wconf 93' lang='lat'>—.</span> <span class='ocrx_word' id='word_1_488' title='bbox 2144 1358 2217 1387; x_wconf 86' lang='lat' dir='ltr'>Dat.</span> 
     </span>
    </p>
   </div>
   <div class='ocr_carea' id='block_1_11' title="bbox 1210 1410 2215 1450">
    <p class='ocr_par' dir='ltr' id='par_1_11' title="bbox 1210 1410 2215 1450">
     <span class='ocr_line' id='line_1_69' title="bbox 1210 1410 2215 1450; baseline -0.004 -8"><span class='ocrx_word' id='word_1_489' title='bbox 1210 1413 1373 1450; x_wconf 59' lang='lat' dir='ltr'>Anagnie,</span> <span class='ocrx_word' id='word_1_490' title='bbox 1392 1413 1421 1441; x_wconf 78' lang='lat' dir='ltr'>X</span> <span class='ocrx_word' id='word_1_491' title='bbox 1438 1411 1596 1441; x_wconf 80' lang='lat' dir='ltr'>kalendas</span> <span class='ocrx_word' id='word_1_492' title='bbox 1617 1410 1825 1448; x_wconf 72' lang='lat' dir='ltr'>septembris,</span> <span class='ocrx_word' id='word_1_493' title='bbox 1843 1420 1928 1440; x_wconf 91' lang='lat' dir='ltr'>anno</span> <span class='ocrx_word' id='word_1_494' title='bbox 1947 1410 2182 1439; x_wconf 79' lang='lat' dir='ltr'>tertiodecimo.</span> <span class='ocrx_word' id='word_1_495' title='bbox 2204 1422 2215 1435; x_wconf 81' lang='lat' dir='ltr'><strong><em>n</em></strong></span> 
     </span>
    </p>
   </div>
   <div class='ocr_carea' id='block_1_12' title="bbox 1281 1599 1396 1626">
    <p class='ocr_par' dir='ltr' id='par_1_12' title="bbox 1281 1599 1396 1626">
     <span class='ocr_line' id='line_1_70' title="bbox 1281 1599 1396 1626; baseline 0 0"><span class='ocrx_word' id='word_1_496' title='bbox 1281 1599 1396 1626; x_wconf 59' lang='lat'>4912</span> 
     </span>
    </p>
   </div>
   <div class='ocr_carea' id='block_1_13' title="bbox 1246 1658 2215 1695">
    <p class='ocr_par' dir='ltr' id='par_1_13' title="bbox 1246 1658 2215 1695">
     <span class='ocr_line' id='line_1_71' title="bbox 1246 1658 2215 1695; baseline -0.003 -8"><span class='ocrx_word' id='word_1_497' title='bbox 1246 1662 1389 1695; x_wconf 71' lang='lat' dir='ltr'>Magistro</span> <span class='ocrx_word' id='word_1_498' title='bbox 1407 1660 1566 1691; x_wconf 78' lang='lat' dir='ltr'>Bernardo,</span> <span class='ocrx_word' id='word_1_499' title='bbox 1584 1659 1763 1686; x_wconf 80' lang='lat' dir='ltr'>subdiacono</span> <span class='ocrx_word' id='word_1_500' title='bbox 1784 1668 1844 1691; x_wconf 81' lang='lat' dir='ltr'>suo,</span> <span class='ocrx_word' id='word_1_501' title='bbox 1869 1658 2010 1685; x_wconf 82' lang='lat' dir='ltr'>canonico</span> <span class='ocrx_word' id='word_1_502' title='bbox 2033 1658 2215 1690; x_wconf 83' lang='lat' dir='ltr'>Patracensi,</span> 
     </span>
    </p>
   </div>
   <div class='ocr_carea' id='block_1_14' title="bbox 1789 1596 2143 1629">
    <p class='ocr_par' dir='ltr' id='par_1_14' title="bbox 1789 1596 2143 1629">
     <span class='ocr_line' id='line_1_72' title="bbox 1789 1596 2143 1629; baseline -0.003 -6"><span class='ocrx_word' id='word_1_503' title='bbox 1789 1597 1919 1629; x_wconf 75' lang='lat' dir='ltr'>Anagni,</span> <span class='ocrx_word' id='word_1_504' title='bbox 1935 1596 2143 1622; x_wconf 64' lang='grc'>201101111239.</span> 
     </span>
    </p>
   </div>
   <div class='ocr_carea' id='block_1_15' title="bbox 1211 1707 2221 2229">
    <p class='ocr_par' dir='ltr' id='par_1_15' title="bbox 1211 1707 2221 2229">
     <span class='ocr_line' id='line_1_73' title="bbox 1213 1707 2218 1743; baseline -0.003 -7"><span class='ocrx_word' id='word_1_505' title='bbox 1213 1710 1333 1736; x_wconf 84' lang='lat' dir='ltr'>mandat.</span> <span class='ocrx_word' id='word_1_506' title='bbox 1351 1712 1495 1743; x_wconf 71' lang='lat' dir='ltr'>quatenus</span> <span class='ocrx_word' id='word_1_507' title='bbox 1509 1709 1546 1740; x_wconf 82' lang='lat' dir='ltr'>J.,</span> <span class='ocrx_word' id='word_1_508' title='bbox 1563 1708 1750 1742; x_wconf 75' lang='lat' dir='ltr'>magistrum,</span> <span class='ocrx_word' id='word_1_509' title='bbox 1770 1710 1798 1734; x_wconf 89' lang='lat' dir='ltr'>et</span> <span class='ocrx_word' id='word_1_510' title='bbox 1815 1709 1917 1733; x_wconf 78' lang='lat' dir='ltr'>fratres</span> <span class='ocrx_word' id='word_1_511' title='bbox 1938 1707 2093 1741; x_wconf 71' lang='lat' dir='ltr'>hospitalis</span> <span class='ocrx_word' id='word_1_512' title='bbox 2116 1707 2218 1733; x_wconf 69' lang='lat' dir='ltr'>Sancti</span> 
     </span>
     <span class='ocr_line' id='line_1_74' title="bbox 1211 1756 2219 1791; baseline -0.005 -4"><span class='ocrx_word' id='word_1_513' title='bbox 1211 1759 1310 1787; x_wconf 75' lang='lat' dir='ltr'>Jacobi</span> <span class='ocrx_word' id='word_1_514' title='bbox 1326 1759 1360 1784; x_wconf 69' lang='lat' dir='ltr'>:le</span> <span class='ocrx_word' id='word_1_515' title='bbox 1374 1758 1551 1785; x_wconf 84' lang='lat' dir='ltr'>Andrevilla</span> <span class='ocrx_word' id='word_1_516' title='bbox 1568 1757 1598 1783; x_wconf 92' lang='lat' dir='ltr'>in</span> <span class='ocrx_word' id='word_1_517' title='bbox 1624 1757 1837 1791; x_wconf 73' lang='lat' dir='ltr'>possessionem</span> <span class='ocrx_word' id='word_1_518' title='bbox 1860 1756 1990 1789; x_wconf 74' lang='lat' dir='ltr'>ejusdem</span> <span class='ocrx_word' id='word_1_519' title='bbox 2015 1756 2169 1789; x_wconf 78' lang='lat' dir='ltr'>hospitalis</span> <span class='ocrx_word' id='word_1_520' title='bbox 2192 1760 2219 1782; x_wconf 77' lang='lat' dir='ltr'>ct</span> 
     </span>
     <span class='ocr_line' id='line_1_75' title="bbox 1213 1805 2220 1840; baseline -0.004 -7"><span class='ocrx_word' id='word_1_521' title='bbox 1213 1808 1353 1834; x_wconf 82' lang='lat' dir='ltr'>bonorum</span> <span class='ocrx_word' id='word_1_522' title='bbox 1371 1807 1407 1833; x_wconf 79' lang='lat' dir='ltr'>ad</span> <span class='ocrx_word' id='word_1_523' title='bbox 1422 1806 1497 1832; x_wconf 89' lang='lat' dir='ltr'>illud</span> <span class='ocrx_word' id='word_1_524' title='bbox 1513 1805 1725 1840; x_wconf 78' lang='lat' dir='ltr'>spect-antium,</span> <span class='ocrx_word' id='word_1_525' title='bbox 1743 1805 1849 1838; x_wconf 85' lang='lat' dir='ltr'>quibus</span> <span class='ocrx_word' id='word_1_526' title='bbox 1870 1813 1885 1830; x_wconf 88' lang='lat' dir='ltr'>a</span> <span class='ocrx_word' id='word_1_527' title='bbox 1906 1808 2092 1838; x_wconf 74' lang='lat' dir='ltr'>praeceptore</span> <span class='ocrx_word' id='word_1_528' title='bbox 2113 1808 2140 1831; x_wconf 90' lang='lat' dir='ltr'>et</span> <span class='ocrx_word' id='word_1_529' title='bbox 2162 1807 2220 1830; x_wconf 80' lang='lat' dir='ltr'>tra—</span> 
     </span>
     <span class='ocr_line' id='line_1_76' title="bbox 1214 1853 2220 1887; baseline -0.004 -4"><span class='ocrx_word' id='word_1_530' title='bbox 1214 1857 1307 1883; x_wconf 79' lang='lat' dir='ltr'>tribus</span> <span class='ocrx_word' id='word_1_531' title='bbox 1330 1856 1433 1882; x_wconf 77' lang='lat' dir='ltr'>(lomus</span> <span class='ocrx_word' id='word_1_532' title='bbox 1460 1855 1587 1882; x_wconf 82' lang='lat' dir='ltr'>Sanctae</span> <span class='ocrx_word' id='word_1_533' title='bbox 1612 1854 1726 1881; x_wconf 81' lang='lat' dir='ltr'>Mariae</span> <span class='ocrx_word' id='word_1_534' title='bbox 1751 1853 2000 1880; x_wconf 65' lang='lat' dir='ltr'>Tlieutonii—orum</span> <span class='ocrx_word' id='word_1_535' title='bbox 2027 1853 2062 1879; x_wconf 81' lang='lat' dir='ltr'>de</span> <span class='ocrx_word' id='word_1_536' title='bbox 2087 1853 2220 1887; x_wconf 76' lang='lat' dir='ltr'>partibus</span> 
     </span>
     <span class='ocr_line' id='line_1_77' title="bbox 1216 1900 2219 1939; baseline -0.005 -7"><span class='ocrx_word' id='word_1_537' title='bbox 1216 1905 1388 1936; x_wconf 66' lang='lat' dir='ltr'>Romaniae,</span> <span class='ocrx_word' id='word_1_538' title='bbox 1402 1903 1567 1939; x_wconf 70' lang='lat' dir='ltr'>[Godetridi</span> <span class='ocrx_word' id='word_1_539' title='bbox 1584 1904 1619 1929; x_wconf 84' lang='lat' dir='ltr'>de</span> <span class='ocrx_word' id='word_1_540' title='bbox 1636 1903 1720 1929; x_wconf 82' lang='lat' dir='ltr'>Villa</span> <span class='ocrx_word' id='word_1_541' title='bbox 1734 1900 1906 1936; x_wconf 81' lang='lat' dir='ltr'>Harduini,]</span> <span class='ocrx_word' id='word_1_542' title='bbox 1920 1902 2064 1935; x_wconf 78' lang='lat' dir='ltr'>principis</span> <span class='ocrx_word' id='word_1_543' title='bbox 2078 1903 2219 1934; x_wconf 77' lang='lat' dir='ltr'>Achaiae,</span> 
     </span>
     <span class='ocr_line' id='line_1_78' title="bbox 1215 1951 2221 1987; baseline -0.003 -7"><span class='ocrx_word' id='word_1_544' title='bbox 1215 1956 1313 1981; x_wconf 75' lang='lat' dir='ltr'>favore</span> <span class='ocrx_word' id='word_1_545' title='bbox 1327 1954 1468 1985; x_wconf 71' lang='lat' dir='ltr'>suffultis,</span> <span class='ocrx_word' id='word_1_546' title='bbox 1481 1952 1600 1987; x_wconf 86' lang='lat' dir='ltr'>spoliati</span> <span class='ocrx_word' id='word_1_547' title='bbox 1616 1954 1743 1983; x_wconf 70' lang='lat' dir='ltr'>fuerant,</span> <span class='ocrx_word' id='word_1_548' title='bbox 1759 1951 1889 1981; x_wconf 82' lang='lat' dir='ltr'>reducat,</span> <span class='ocrx_word' id='word_1_549' title='bbox 1903 1955 1928 1977; x_wconf 79' lang='lat' dir='ltr'>et</span> <span class='ocrx_word' id='word_1_550' title='bbox 1945 1951 2032 1977; x_wconf 75' lang='lat' dir='ltr'>faciat</span> <span class='ocrx_word' id='word_1_551' title='bbox 2048 1951 2088 1976; x_wconf 86' lang='lat' dir='ltr'>eis</span> <span class='ocrx_word' id='word_1_552' title='bbox 2100 1951 2135 1977; x_wconf 79' lang='lat' dir='ltr'>de</span> <span class='ocrx_word' id='word_1_553' title='bbox 2148 1952 2221 1977; x_wconf 78' lang='lat' dir='ltr'>truc-</span> 
     </span>
     <span class='ocr_line' id='line_1_79' title="bbox 1215 1999 2220 2035; baseline -0.004 -5"><span class='ocrx_word' id='word_1_554' title='bbox 1215 2003 1293 2030; x_wconf 84' lang='lat' dir='ltr'>tibus</span> <span class='ocrx_word' id='word_1_555' title='bbox 1311 2003 1389 2033; x_wconf 80' lang='lat' dir='ltr'>inde,</span> <span class='ocrx_word' id='word_1_556' title='bbox 1407 2003 1532 2028; x_wconf 76' lang='lat' dir='ltr'>durante</span> <span class='ocrx_word' id='word_1_557' title='bbox 1549 2001 1736 2035; x_wconf 80' lang='lat' dir='ltr'>spoliatione,</span> <span class='ocrx_word' id='word_1_558' title='bbox 1759 2000 1904 2034; x_wconf 80' lang='lat' dir='ltr'>perceptis</span> <span class='ocrx_word' id='word_1_559' title='bbox 1926 1999 2079 2031; x_wconf 76' lang='lat' dir='ltr'>satisfieri;</span> <span class='ocrx_word' id='word_1_560' title='bbox 2102 2000 2176 2033; x_wconf 74' lang='lat' dir='ltr'>qnoul</span> <span class='ocrx_word' id='word_1_561' title='bbox 2196 2000 2220 2026; x_wconf 82' lang='lat' dir='ltr'>si</span> 
     </span>
     <span class='ocr_line' id='line_1_80' title="bbox 1215 2048 2221 2086; baseline -0.004 -8"><span class='ocrx_word' id='word_1_562' title='bbox 1215 2052 1359 2086; x_wconf 74' lang='lat' dir='ltr'>praedicti</span> <span class='ocrx_word' id='word_1_563' title='bbox 1373 2051 1550 2078; x_wconf 79' lang='lat' dir='ltr'>Tbeutoniei</span> <span class='ocrx_word' id='word_1_564' title='bbox 1568 2059 1596 2075; x_wconf 80' lang='lat' dir='ltr'>se</span> <span class='ocrx_word' id='word_1_565' title='bbox 1611 2050 1641 2075; x_wconf 90' lang='lat' dir='ltr'>in</span> <span class='ocrx_word' id='word_1_566' title='bbox 1656 2049 1757 2075; x_wconf 55' lang='lat' dir='ltr'>etalem</span> <span class='ocrx_word' id='word_1_567' title='bbox 1773 2048 1913 2082; x_wconf 85' lang='lat' dir='ltr'>hospitali</span> <span class='ocrx_word' id='word_1_568' title='bbox 1926 2049 1971 2081; x_wconf 81' lang='lat' dir='ltr'>jus</span> <span class='ocrx_word' id='word_1_569' title='bbox 1984 2048 2102 2081; x_wconf 73' lang='lat' dir='ltr'>aliquod</span> <span class='ocrx_word' id='word_1_570' title='bbox 2116 2048 2221 2074; x_wconf 80' lang='lat' dir='ltr'>babere</span> 
     </span>
     <span class='ocr_line' id='line_1_81' title="bbox 1215 2096 2219 2134; baseline -0.004 -8"><span class='ocrx_word' id='word_1_571' title='bbox 1215 2103 1379 2134; x_wconf 87' lang='lat' dir='ltr'>proponant</span> <span class='ocrx_word' id='word_1_572' title='bbox 1392 2102 1420 2125; x_wconf 81' lang='lat' dir='ltr'>et</span> <span class='ocrx_word' id='word_1_573' title='bbox 1436 2099 1471 2125; x_wconf 89' lang='lat' dir='ltr'>de</span> <span class='ocrx_word' id='word_1_574' title='bbox 1488 2099 1550 2132; x_wconf 85' lang='lat' dir='ltr'>ipso</span> <span class='ocrx_word' id='word_1_575' title='bbox 1569 2097 1717 2124; x_wconf 84' lang='lat' dir='ltr'>voluerint</span> <span class='ocrx_word' id='word_1_576' title='bbox 1740 2096 1879 2130; x_wconf 83' lang='lat' dir='ltr'>experiri,</span> <span class='ocrx_word' id='word_1_577' title='bbox 1904 2096 2036 2130; x_wconf 82' lang='lat' dir='ltr'>partibus</span> <span class='ocrx_word' id='word_1_578' title='bbox 2059 2096 2219 2122; x_wconf 78' lang='lat' dir='ltr'>terminum</span> 
     </span>
     <span class='ocr_line' id='line_1_82' title="bbox 1215 2145 2220 2184; baseline -0.005 -9"><span class='ocrx_word' id='word_1_579' title='bbox 1215 2150 1365 2184; x_wconf 78' lang='lat' dir='ltr'>praefigat,</span> <span class='ocrx_word' id='word_1_580' title='bbox 1394 2157 1449 2182; x_wconf 85' lang='lat' dir='ltr'>quo</span> <span class='ocrx_word' id='word_1_581' title='bbox 1476 2146 1635 2181; x_wconf 86' lang='lat' dir='ltr'>apostolico</span> <span class='ocrx_word' id='word_1_582' title='bbox 1662 2145 1832 2179; x_wconf 82' lang='lat' dir='ltr'>conspectui</span> <span class='ocrx_word' id='word_1_583' title='bbox 1863 2153 1892 2171; x_wconf 83' lang='lat' dir='ltr'>se</span> <span class='ocrx_word' id='word_1_584' title='bbox 1920 2148 2125 2178; x_wconf 82' lang='lat' dir='ltr'>praesentent;</span> <span class='ocrx_word' id='word_1_585' title='bbox 2153 2145 2220 2171; x_wconf 78' lang='lat' dir='ltr'>aliis</span> 
     </span>
     <span class='ocr_line' id='line_1_83' title="bbox 1217 2193 2218 2229; baseline -0.005 -5"><span class='ocrx_word' id='word_1_586' title='bbox 1217 2197 1365 2224; x_wconf 79' lang='lat' dir='ltr'>mandatis</span> <span class='ocrx_word' id='word_1_587' title='bbox 1381 2197 1417 2223; x_wconf 89' lang='lat' dir='ltr'>ad</span> <span class='ocrx_word' id='word_1_588' title='bbox 1432 2196 1509 2222; x_wconf 88' lang='lat' dir='ltr'>idem</span> <span class='ocrx_word' id='word_1_589' title='bbox 1530 2195 1678 2229; x_wconf 74' lang='lat' dir='ltr'>negotium</span> <span class='ocrx_word' id='word_1_590' title='bbox 1697 2194 1916 2228; x_wconf 82' lang='lat' dir='ltr'>pertinentibus</span> <span class='ocrx_word' id='word_1_591' title='bbox 1932 2193 2065 2226; x_wconf 73' lang='lat' dir='ltr'>adjectis.</span> <span class='ocrx_word' id='word_1_592' title='bbox 2084 2208 2115 2210; x_wconf 97' lang='lat'><strong>—</strong></span> <span class='ocrx_word' id='word_1_593' title='bbox 2133 2194 2218 2225; x_wconf 70' lang='lat' dir='ltr'>(ltno.</span> 
     </span>
    </p>
   </div>
   <div class='ocr_carea' id='block_1_16' title="bbox 1214 2241 2219 2280">
    <p class='ocr_par' dir='ltr' id='par_1_16' title="bbox 1214 2241 2219 2280">
     <span class='ocr_line' id='line_1_84' title="bbox 1214 2241 2219 2280; baseline -0.006 -7"><span class='ocrx_word' id='word_1_594' title='bbox 1214 2247 1257 2278; x_wconf 84' lang='lat'>19,</span> <span class='ocrx_word' id='word_1_595' title='bbox 1276 2246 1361 2272; x_wconf 63' lang='lat'>1:127</span> <span class='ocrx_word' id='word_1_596' title='bbox 1378 2243 1450 2280; x_wconf 89' lang='grc'>[121]</span> <span class='ocrx_word' id='word_1_597' title='bbox 1468 2247 1513 2275; x_wconf 76' lang='lat' dir='ltr'>v⁰3</span> <span class='ocrx_word' id='word_1_598' title='bbox 1531 2252 1600 2270; x_wconf 91' lang='lat' dir='ltr'>ann.</span> <span class='ocrx_word' id='word_1_599' title='bbox 1619 2243 1700 2275; x_wconf 80' lang='lat' dir='ltr'>XIII,</span> <span class='ocrx_word' id='word_1_600' title='bbox 1720 2251 1744 2268; x_wconf 87' lang='lat' dir='ltr'>c.</span> <span class='ocrx_word' id='word_1_601' title='bbox 1762 2242 1832 2273; x_wconf 86' lang='lat'>110;</span> <span class='ocrx_word' id='word_1_602' title='bbox 1852 2256 1882 2259; x_wconf 89' lang='lat'>—</span> <span class='ocrx_word' id='word_1_603' title='bbox 1903 2243 1939 2267; x_wconf 79' lang='lat' dir='ltr'>et‘.</span> <span class='ocrx_word' id='word_1_604' title='bbox 1962 2248 2056 2274; x_wconf 64' lang='lat' dir='ltr'>supra,</span> <span class='ocrx_word' id='word_1_605' title='bbox 2080 2245 2108 2266; x_wconf 85' lang='lat'><em>11¹¹</em></span> <span class='ocrx_word' id='word_1_606' title='bbox 2129 2241 2219 2271; x_wconf 73' lang='lat'>3878.)</span> 
     </span>
    </p>
   </div>
   <div class='ocr_carea' id='block_1_17' title="bbox 1215 2357 2224 2976">
    <p class='ocr_par' dir='ltr' id='par_1_17' title="bbox 1215 2357 2224 2976">
     <span class='ocr_line' id='line_1_85' title="bbox 1258 2357 2220 2397; baseline -0.006 -7"><span class='ocrx_word' id='word_1_607' title='bbox 1258 2374 1267 2386; x_wconf 82' lang='grc'>11</span> <span class='ocrx_word' id='word_1_608' title='bbox 1300 2362 1442 2397; x_wconf 57' lang='lat' dir='ltr'>Mamm-0</span> <span class='ocrx_word' id='word_1_609' title='bbox 1465 2359 1627 2388; x_wconf 54' lang='lat' dir='ltr'>Bia-nardo.</span> <span class='ocrx_word' id='word_1_610' title='bbox 1656 2358 1838 2385; x_wconf 74' lang='lat' dir='ltr'>subdiacono</span> <span class='ocrx_word' id='word_1_611' title='bbox 1859 2361 1970 2391; x_wconf 74' lang='lat' dir='ltr'>noso-0,</span> <span class='ocrx_word' id='word_1_612' title='bbox 1994 2357 2138 2384; x_wconf 72' lang='lat' dir='ltr'>canonico</span> <span class='ocrx_word' id='word_1_613' title='bbox 2162 2357 2220 2384; x_wconf 74' lang='grc' dir='ltr'>Ρα-</span> 
     </span>
     <span class='ocr_line' id='line_1_86' title="bbox 1216 2408 2217 2449; baseline -0.006 -6"><span class='ocrx_word' id='word_1_614' title='bbox 1216 2415 1357 2443; x_wconf 62' lang='lat' dir='ltr'>irai-ensi.</span> <span class='ocrx_word' id='word_1_615' title='bbox 1379 2415 1422 2447; x_wconf 80' lang='lat' dir='ltr'>.I.,</span> <span class='ocrx_word' id='word_1_616' title='bbox 1447 2412 1614 2449; x_wconf 72' lang='lat' dir='ltr'>magister,</span> <span class='ocrx_word' id='word_1_617' title='bbox 1635 2410 1688 2449; x_wconf 81' lang='lat' dir='ltr'>[et]</span> <span class='ocrx_word' id='word_1_618' title='bbox 1709 2411 1739 2439; x_wconf 79' lang='lat' dir='ltr'>J.</span> <span class='ocrx_word' id='word_1_619' title='bbox 1765 2414 1795 2439; x_wconf 80' lang='lat' dir='ltr'>et</span> <span class='ocrx_word' id='word_1_620' title='bbox 1821 2410 1873 2443; x_wconf 72' lang='lat' dir='ltr'>R,</span> <span class='ocrx_word' id='word_1_621' title='bbox 1898 2410 2016 2437; x_wconf 77' lang='lat' dir='ltr'>fratres</span> <span class='ocrx_word' id='word_1_622' title='bbox 2045 2408 2217 2446; x_wconf 77' lang='lat' dir='ltr'>hospitalis</span> 
     </span>
     <span class='ocr_line' id='line_1_87' title="bbox 1215 2463 2217 2499; baseline -0.007 -2"><span class='ocrx_word' id='word_1_623' title='bbox 1215 2468 1327 2498; x_wconf 79' lang='lat' dir='ltr'>Sancti</span> <span class='ocrx_word' id='word_1_624' title='bbox 1352 2466 1467 2497; x_wconf 82' lang='lat' dir='ltr'>Jacobi</span> <span class='ocrx_word' id='word_1_625' title='bbox 1490 2465 1527 2494; x_wconf 74' lang='lat' dir='ltr'>ile</span> <span class='ocrx_word' id='word_1_626' title='bbox 1552 2463 1757 2498; x_wconf 59' lang='lat' dir='ltr'>Andr-nilla,</span> <span class='ocrx_word' id='word_1_627' title='bbox 1783 2463 1816 2491; x_wconf 90' lang='lat' dir='ltr'>in</span> <span class='ocrx_word' id='word_1_628' title='bbox 1847 2467 1958 2491; x_wconf 74' lang='lat' dir='ltr'>nostra</span> <span class='ocrx_word' id='word_1_629' title='bbox 1979 2466 2217 2499; x_wconf 82' lang='lat' dir='ltr'>proposuerunt</span> 
     </span>
     <span class='ocr_line' id='line_1_88' title="bbox 1215 2514 2220 2560; baseline -0.009 -9"><span class='ocrx_word' id='word_1_630' title='bbox 1215 2521 1382 2560; x_wconf 77' lang='lat' dir='ltr'>presentia</span> <span class='ocrx_word' id='word_1_631' title='bbox 1409 2518 1580 2548; x_wconf 84' lang='lat' dir='ltr'>constituti</span> <span class='ocrx_word' id='word_1_632' title='bbox 1609 2516 1705 2555; x_wconf 75' lang='lat' dir='ltr'>qnod.</span> <span class='ocrx_word' id='word_1_633' title='bbox 1728 2524 1800 2544; x_wconf 86' lang='lat' dir='ltr'>cum</span> <span class='ocrx_word' id='word_1_634' title='bbox 1824 2514 1985 2552; x_wconf 73' lang='lat' dir='ltr'>hospitale</span> <span class='ocrx_word' id='word_1_635' title='bbox 2011 2514 2119 2551; x_wconf 82' lang='lat' dir='ltr'>ipsum</span> <span class='ocrx_word' id='word_1_636' title='bbox 2143 2523 2220 2543; x_wconf 84' lang='lat' dir='ltr'>con-</span> 
     </span>
     <span class='ocr_line' id='line_1_89' title="bbox 1215 2569 2219 2607; baseline -0.01 -2"><span class='ocrx_word' id='word_1_637' title='bbox 1215 2580 1377 2605; x_wconf 82' lang='lat' dir='ltr'>structum</span> <span class='ocrx_word' id='word_1_638' title='bbox 1398 2572 1498 2602; x_wconf 82' lang='lat' dir='ltr'>fuerit</span> <span class='ocrx_word' id='word_1_639' title='bbox 1514 2571 1553 2599; x_wconf 90' lang='lat' dir='ltr'>ad</span> <span class='ocrx_word' id='word_1_640' title='bbox 1572 2569 1790 2607; x_wconf 51' lang='lat' dir='ltr'>receptionem</span> <span class='ocrx_word' id='word_1_641' title='bbox 1812 2576 1991 2606; x_wconf 75' lang='lat' dir='ltr'>pauperum</span> <span class='ocrx_word' id='word_1_642' title='bbox 2009 2572 2038 2596; x_wconf 84' lang='lat' dir='ltr'>et</span> <span class='ocrx_word' id='word_1_643' title='bbox 2056 2576 2219 2604; x_wconf 69' lang='lat' dir='ltr'>egi-orum,</span> 
     </span>
     <span class='ocr_line' id='line_1_90' title="bbox 1218 2620 2222 2666; baseline -0.009 -9"><span class='ocrx_word' id='word_1_644' title='bbox 1218 2652 1236 2657; x_wconf 93' lang='lat'>..</span> <span class='ocrx_word' id='word_1_645' title='bbox 1261 2631 1430 2666; x_wconf 86' lang='lat' dir='ltr'>preceptor</span> <span class='ocrx_word' id='word_1_646' title='bbox 1451 2629 1482 2654; x_wconf 88' lang='lat' dir='ltr'>et</span> <span class='ocrx_word' id='word_1_647' title='bbox 1503 2625 1623 2653; x_wconf 76' lang='lat' dir='ltr'>fratres</span> <span class='ocrx_word' id='word_1_648' title='bbox 1649 2623 1764 2651; x_wconf 84' lang='lat' dir='ltr'>domus</span> <span class='ocrx_word' id='word_1_649' title='bbox 1793 2621 1910 2650; x_wconf 80' lang='lat' dir='ltr'>Sancte</span> <span class='ocrx_word' id='word_1_650' title='bbox 1939 2620 2040 2649; x_wconf 81' lang='lat' dir='ltr'>Mai-ie</span> <span class='ocrx_word' id='word_1_651' title='bbox 2065 2620 2222 2649; x_wconf 87' lang='lat' dir='ltr'>Teutoni-</span> 
     </span>
     <span class='ocr_line' id='line_1_91' title="bbox 1216 2671 2222 2715; baseline -0.011 -5"><span class='ocrx_word' id='word_1_652' title='bbox 1216 2689 1328 2710; x_wconf 82' lang='lat' dir='ltr'>corum</span> <span class='ocrx_word' id='word_1_653' title='bbox 1345 2679 1382 2708; x_wconf 86' lang='lat' dir='ltr'>de</span> <span class='ocrx_word' id='word_1_654' title='bbox 1400 2677 1548 2715; x_wconf 77' lang='lat' dir='ltr'>partibus</span> <span class='ocrx_word' id='word_1_655' title='bbox 1566 2673 1737 2707; x_wconf 64' lang='lat' dir='ltr'>Romanie,</span> <span class='ocrx_word' id='word_1_656' title='bbox 1757 2672 1904 2701; x_wconf 79' lang='lat' dir='ltr'>volentes</span> <span class='ocrx_word' id='word_1_657' title='bbox 1921 2671 2002 2700; x_wconf 85' lang='lat' dir='ltr'>illud</span> <span class='ocrx_word' id='word_1_658' title='bbox 2019 2671 2089 2700; x_wconf 82' lang='lat' dir='ltr'>suis</span> <span class='ocrx_word' id='word_1_659' title='bbox 2107 2671 2222 2700; x_wconf 86' lang='lat' dir='ltr'>usibus</span> 
     </span>
     <span class='ocr_line' id='line_1_92' title="bbox 1217 2724 2223 2772; baseline -0.013 -9"><span class='ocrx_word' id='word_1_660' title='bbox 1217 2733 1394 2772; x_wconf 79' lang='lat' dir='ltr'>applicare,</span> <span class='ocrx_word' id='word_1_661' title='bbox 1415 2728 1536 2759; x_wconf 84' lang='lat' dir='ltr'>nobilis</span> <span class='ocrx_word' id='word_1_662' title='bbox 1553 2727 1615 2756; x_wconf 92' lang='lat' dir='ltr'>viri</span> <span class='ocrx_word' id='word_1_663' title='bbox 1635 2750 1653 2755; x_wconf 92' lang='lat'>..</span> <span class='ocrx_word' id='word_1_664' title='bbox 1672 2725 1832 2764; x_wconf 76' lang='lat' dir='ltr'>principis</span> <span class='ocrx_word' id='word_1_665' title='bbox 1853 2724 1987 2754; x_wconf 72' lang='lat' dir='ltr'>Acba&#39;ie,</span> <span class='ocrx_word' id='word_1_666' title='bbox 2007 2724 2062 2761; x_wconf 73' lang='lat' dir='ltr'>qui</span> <span class='ocrx_word' id='word_1_667' title='bbox 2078 2733 2136 2761; x_wconf 87' lang='lat' dir='ltr'>pro</span> <span class='ocrx_word' id='word_1_668' title='bbox 2153 2724 2223 2762; x_wconf 72' lang='lat' dir='ltr'>ejus</span> 
     </span>
     <span class='ocr_line' id='line_1_93' title="bbox 1216 2776 2223 2825; baseline -0.01 -10"><span class='ocrx_word' id='word_1_669' title='bbox 1216 2791 1353 2825; x_wconf 89' lang='lat' dir='ltr'>patrono</span> <span class='ocrx_word' id='word_1_670' title='bbox 1371 2793 1404 2813; x_wconf 87' lang='lat' dir='ltr'>se</span> <span class='ocrx_word' id='word_1_671' title='bbox 1428 2782 1523 2820; x_wconf 73' lang='lat' dir='ltr'>gerit,</span> <span class='ocrx_word' id='word_1_672' title='bbox 1545 2782 1656 2810; x_wconf 78' lang='lat' dir='ltr'>favore</span> <span class='ocrx_word' id='word_1_673' title='bbox 1677 2778 1816 2812; x_wconf 80' lang='lat' dir='ltr'>suffulti,</span> <span class='ocrx_word' id='word_1_674' title='bbox 1834 2777 1916 2806; x_wconf 85' lang='lat' dir='ltr'>illud</span> <span class='ocrx_word' id='word_1_675' title='bbox 1933 2781 2047 2805; x_wconf 84' lang='lat' dir='ltr'>contra</span> <span class='ocrx_word' id='word_1_676' title='bbox 2060 2776 2223 2815; x_wconf 82' lang='lat' dir='ltr'>justitiam</span> 
     </span>
     <span class='ocr_line' id='line_1_94' title="bbox 1217 2829 2222 2876; baseline -0.012 -7"><span class='ocrx_word' id='word_1_677' title='bbox 1217 2841 1430 2876; x_wconf 83' lang='lat' dir='ltr'>occuparunt,</span> <span class='ocrx_word' id='word_1_678' title='bbox 1459 2845 1476 2864; x_wconf 89' lang='lat' dir='ltr'>a</span> <span class='ocrx_word' id='word_1_679' title='bbox 1499 2833 1698 2872; x_wconf 80' lang='lat' dir='ltr'>quibusdam</span> <span class='ocrx_word' id='word_1_680' title='bbox 1726 2830 1885 2860; x_wconf 82' lang='lat' dir='ltr'>fratribus</span> <span class='ocrx_word' id='word_1_681' title='bbox 1908 2829 1978 2868; x_wconf 78' lang='lat' dir='ltr'>ejus</span> <span class='ocrx_word' id='word_1_682' title='bbox 2002 2829 2222 2858; x_wconf 81' lang='lat' dir='ltr'>obedientiam</span> 
     </span>
     <span class='ocr_line' id='line_1_95' title="bbox 1217 2881 2224 2928; baseline -0.013 -8"><span class='ocrx_word' id='word_1_683' title='bbox 1217 2888 1451 2928; x_wconf 78' lang='lat' dir='ltr'>extorquendo,</span> <span class='ocrx_word' id='word_1_684' title='bbox 1481 2890 1511 2915; x_wconf 84' lang='lat' dir='ltr'>et</span> <span class='ocrx_word' id='word_1_685' title='bbox 1533 2883 1750 2922; x_wconf 86' lang='lat' dir='ltr'>mancipando</span> <span class='ocrx_word' id='word_1_686' title='bbox 1778 2882 1900 2911; x_wconf 68' lang='lat' dir='ltr'>‹lic-tuin</span> <span class='ocrx_word' id='word_1_687' title='bbox 1932 2881 2126 2918; x_wconf 58' lang='lat' dir='ltr'>magistrum</span> <span class='ocrx_word' id='word_1_688' title='bbox 2149 2889 2224 2909; x_wconf 86' lang='lat' dir='ltr'>eus-</span> 
     </span>
     <span class='ocr_line' id='line_1_96' title="bbox 1219 2933 2222 2976; baseline -0.012 -3"><span class='ocrx_word' id='word_1_689' title='bbox 1219 2943 1304 2974; x_wconf 87' lang='lat' dir='ltr'>todie</span> <span class='ocrx_word' id='word_1_690' title='bbox 1321 2939 1490 2973; x_wconf 84' lang='lat' dir='ltr'>carcerali,</span> <span class='ocrx_word' id='word_1_691' title='bbox 1510 2946 1573 2967; x_wconf 89' lang='lat' dir='ltr'>non</span> <span class='ocrx_word' id='word_1_692' title='bbox 1591 2937 1663 2966; x_wconf 83' lang='lat' dir='ltr'>sine</span> <span class='ocrx_word' id='word_1_693' title='bbox 1686 2935 1864 2974; x_wconf 73' lang='lat' dir='ltr'>injectione</span> <span class='ocrx_word' id='word_1_694' title='bbox 1888 2942 2044 2962; x_wconf 86' lang='lat' dir='ltr'>manuum</span> <span class='ocrx_word' id='word_1_695' title='bbox 2067 2933 2222 2976; x_wconf 67' lang='lat' dir='ltr'>violentay</span> 
     </span>
    </p>
   </div>
  </div>
 </body>
</html>
