2553 3526
167 286 220 315 461
1003 275 1247 320 QniNzOEME
1270 277 1428 314 ANNEE.

167 351 317 381 honestis
337 351 554 389 petitionibus
572 368 620 379 —.
643 351 715 380 Dat.
735 350 900 380 Laterani.
920 351 970 380 III
994 349 1068 379 idus
1085 348 1173 387 apri-

166 404 220 435 lis.
238 412 325 433 anno
341 403 600 441 quintodecimo.
611 413 613 416 ⁴
624 416 636 428 »

237 575 354 603 5969

203 638 380 666 comitissae
401 637 486 664 Barri
507 637 608 668 Ducis,
634 637 784 663 Tullensis
805 636 957 667 dioecesis,
979 636 1125 669 significat
1147 644 1176 661 sc

166 687 302 714 inhibere
319 695 354 713 ne
375 687 440 720 quis
462 687 490 712 in
509 685 684 712 tenimentis
704 685 807 712 Sancti
826 685 985 711 Michaelis
1001 687 1029 710 et.
1047 692 1176 717 quorun-

165 735 233 762 dam
251 735 376 761 aliorum
396 734 640 760 monasteriorum
659 741 733 766 quae
749 733 802 759 sub
820 733 912 766 ipsius
928 733 1108 762 comitissae,
1124 740 1176 758 nee

166 792 224 810 non
248 783 367 810 comitis
394 782 548 809 Barrensis
570 782 619 815 qui
642 790 692 815 pro
715 784 846 814 tempore
873 781 972 808 tuerit.
996 781 1125 807 custodia
1148 784 1176 806 et

766 575 886 603 Latran.
903 574 918 600 8
932 574 1008 600 avril
1026 574 1103 600 1241.

164 831 337 858 defensione
350 831 525 861 consistant,
540 834 668 856 castrum
685 830 731 855 vel
748 829 957 859 munitionem,
976 829 1005 855 in
1023 829 1116 863 ipsius
1132 838 1176 855 60-

166 879 300 906 mitissae
322 882 350 905 et
375 879 592 912 praedictorum
617 878 861 904 monasteriorum
887 877 1115 911 praejudicium.
1141 877 1177 903 de

165 936 240 954 novo
256 929 416 954 construat.
434 941 465 945 -
482 927 568 958 (Hm.
585 926 630 958 20,
648 927 667 952 f.
685 926 719 952 65
733 932 780 957 v⁰;
797 934 867 952 ann.
885 926 953 958 XV,
971 934 995 952 c.
1012 926 1069 956 17.)

207 1040 220 1055 «
238 1028 338 1057 Nobili
354 1027 482 1055 ¹mulieri
499 1049 518 1055 ..
541 1027 691 1055 comitisse
707 1027 798 1055 Bari-i
821 1027 920 1060 Ducis,
946 1026 1095 1055 Tullensis
1110 1026 1176 1054 dio-

164 1081 248 1109 cesis.
266 1079 418 1117 Suscepti
435 1087 514 1108 cura
527 1078 701 1116 regiminis
712 1095 761 1106 -.
776 1079 848 1107 Dat.
864 1078 1030 1111 Laterani,
1044 1079 1088 1107 VI
1101 1077 1175 1106 idus

164 1132 291 1171 aprilis,
315 1141 401 1162 anno
418 1131 677 1170 quintodecimo.
699 1143 710 1157 »

234 1303 353 1332 59⁷0

198 1365 343 1400 Episcopo
357 1368 385 1391 et
402 1364 515 1391 cantori
535 1364 724 1394 Vicensibus,
746 1367 774 1390 et
799 1364 931 1390 Ferrario
954 1363 989 1389 de
1006 1364 1111 1391 Lauro.
1128 1371 1175 1389 ar—

163 1415 338 1442 chidiacono
350 1413 598 1443 Barcffinonensi,
612 1413 734 1439 mandat
746 1416 891 1446 quatenus
902 1412 1079 1439 denuntient
1092 1412 1126 1439 B.
1140 1412 1175 1438 de

163 1462 348 1494 Locustaria‚
368 1462 401 1489 P.
424 1461 459 1488 de
477 1461 613 1493 Cistella,
638 1461 673 1488 G.
692 1461 830 1487 Gauirisli
847 1464 874 1487 et
895 1460 968 1487 alios
990 1460 1175 1495 presbyteros

163 1510 320 1538 canonicos
337 1510 478 1537 ecclesiae
495 1509 698 1536 Gerundensis
715 1518 771 1535 11011
795 1509 887 1535 1611611
904 1509 940 1535 ad
957 1509 1172 1535 observandum

163 1560 310 1594 quoddam
332 1558 489 1585 arbitrium
512 1566 568 1592 quo
589 1557 791 1585 Gerundensis
815 1557 967 1591 episcopus
989 1560 1015 1583 et
1036 1557 1099 1590 ejus
1115 1558 1175 1584 col-

163 1609 244 1642 legae
259 1608 484 1634 declaraverant
505 1606 620 1633 eosdem
647 1605 832 1640 presbyteros
854 1614 910 1631 non
934 1614 995 1632 esse
1019 1605 1175 1632 canonicos

165 1656 387 1687 Gerundenses;
405 1655 488 1689 eujus
504 1654 620 1681 arbitrii
635 1654 788 1681 occasione
800 1655 963 1688 capitulum
983 1654 1175 1681 Gerundense

740 1302 862 1331 Latran.
879 1301 912 1327 13
928 1301 1101 1327 111-1111211.

163 1705 273 1732 eisdem
294 1704 485 1739 presbyteris,
507 1704 606 1737 aliquo
623 1712 721 1729 eorum
741 1703 770 1730 in
792 1703 901 1730 scholis
918 1703 1107 1730 immorante.
1126 1711 1175 1729 au-

163 1762 226 1781 reos
242 1753 292 1788 qui
309 1753 441 1787 quolibet
459 1760 558 1779 mense
575 1752 725 1778 canonicis
741 1752 872 1785 ejusdem
891 1752 1031 1778 ecclesiae
1048 1752 1078 1778 in
1096 1752 1175 1778 litte·

163 1803 204 1830 ris
223 1801 412 1830 studentibus
435 1801 582 1828 debebant
602 1801 751 1832 exbiberi.
774 1800 983 1831 subtrahebat:
1010 1804 1120 1834 partes.
1146 1801 1173 1827 id

163 1855 207 1879 est
222 1852 367 1886 praefatos
386 1850 572 1885 presbyteros
590 1850 757 1880 canonicos,
775 1858 809 1875 ex
830 1852 911 1883 parte
927 1858 996 1879 una,
1016 1853 1043 1876 ct
1061 1851 1175 1883 praefa-

163 1903 226 1927 tum
249 1899 414 1934 capitulum
440 1898 643 1928 Gerundense,
666 1906 700 1924 ex
720 1899 825 1928 altera,
852 1901 1026 1926 convocent..
1048 1900 1076 1924 et
1098 1898 1175 1923 111161·

163 1958 211 1976 eas
231 1949 307 1983 quod
333 1948 443 1981 justum
471 1947 614 1979 viderint,
637 1949 780 1973 statuant.
803 1962 836 1964 —
860 1947 946 1977 (Rea.
970 1946 1015 1977 20,
1040 1948 1059 1972 s.
1080 1946 1114 1973 65
1130 1950 1173 1977 x·⁰;

162 2007 233 2025 ann.
250 1998 319 2029 XV,
338 2006 361 2023 c.
382 1997 438 2027 18.)

206 2112 218 2126 υ
247 2122 266 2128 ..
289 2099 423 2136 episcopo
448 2103 473 2126 el
499 2120 518 2126 ..

163 2153 275 2187 Lauro,
288 2151 506 2180 archidiacono
521 2151 772 2179 Barchinonenst.
790 2150 834 2179 Ex
850 2155 942 2188 parte
955 2150 992 2179 B.
1007 2150 1044 2179 de
1058 2150 1176 2179 Locus-

166 2205 262 2240 taria,
282 2206 317 2235 P.
336 2204 374 2234 de
391 2203 541 2237 Cistella,
559 2203 596 2233 G.
624 2203 779 2232 Ganfridi
803 2208 834 2232 et
857 2202 997 2232 aliorum
1016 2202 1177 2240 presbite-

165 2266 277 2288 rorum
294 2257 529 2287 canonicorum
547 2255 776 2285 Gerundensis
794 2255 933 2285 ecclesie
957 2255 1052 2284 nobis
1070 2255 1178 2285 extitit

165 2311 358 2341 intimatum
375 2309 477 2349 quod,
496 2318 570 2339 611111
589 2309 627 2339 (16
645 2309 783 2347 antiqua
800 2309 1012 2350 institutione
1029 2309 1176 2347 ejusdem

166 2364 307 2395 ecclesie
322 2363 495 2394 habeatur.
513 2367 548 2391 ut
561 2362 731 2391 canonicis
748 2362 854 2400 ipsius
869 2361 1007 2391 ecclesie
1024 2361 1058 2390 in
1074 2361 1178 2391 scien-

167 2418 213 2448 tia
239 2417 427 2447 litterarum
449 2415 677 2447 studentibus.
705 2415 854 2454 quolibet
878 2424 991 2445 mense
1018 2415 1056 2444 de
1082 2415 1178 2445 bonis

143 2476 148 2484 '
166 2469 400 2500 communibus
430 2468 578 2507 ejusdem
609 2468 747 2498 ecclesie
780 2477 867 2497 unus
902 2476 1023 2497 aureus
1063 2467 1179 2497 debeat

167 2520 319 2552 exhiberi
337 2533 343 2551 :
362 2520 498 2550 eisdem.
521 2520 655 2549 nomine
672 2520 708 2549 G.
730 2519 769 2548 de
790 2520 912 2553 Turno.
931 2528 1044 2548 eorum
1061 2528 1180 2548 conca-

168 2574 291 2609 nonici,
311 2573 345 2602 in
367 2573 527 2603 canonico
545 2573 620 2611 jure
644 2572 821 2602 studentis.
844 2580 863 2601 a
883 2572 1034 2609 personis
1054 2576 1085 2601 61
1103 2571 1180 2601 aliis

167 2626 307 2657 ecclesie
330 2625 475 2664 predicte
500 2625 670 2655 canonicis
695 2633 832 2654 aureum
849 2624 958 2662 ipsum
978 2624 1179 2662 petentibus,

168 2688 273 2717 nuper
288 2678 471 2716 capitulum
484 2677 713 2711 Gerundense,
727 2682 916 2707 asserentes
931 2677 1036 2707 dictos
1053 2677 1181 2715 presbi-

168 2737 255 2762 teros
272 2740 310 2762 ea
326 2732 455 2761 ratione
469 2740 534 2761 non
549 2740 621 2761 esse
638 2731 816 2760 canonicos
833 2731 1082 2766 Gerundenses,
1096 2730 1182 2769 quod

168 2785 305 2824 quidam
324 2785 471 2822 ipsorum
490 2784 750 2822 presbiterorum
772 2793 828 2822 per
845 2784 1034 2822 episcopum
1052 2783 1183 2813 Gerun-

169 2839 317 2873 densem,
337 2837 472 2876 quidam
491 2846 568 2867 vero
586 2846 643 2875 per
662 2846 820 2875 personas
844 2836 974 2866 easdem
992 2845 1029 2866 ex
1046 2835 1184 2874 antiqua

170 2896 202 2921 et
219 2890 398 2929 approbata
411 2890 663 2924 consuetudine,
682 2899 747 2919 non
767 2889 929 2928 requisito
946 2897 1111 2918 consensu
1129 2896 1184 2917 ca-

174 2943 289 2982 pituli,
319 2943 355 2972 in
382 2942 523 2973 ecclesia
547 2942 772 2972 instituuntur
793 2942 922 2977 eadem,
950 2946 981 2971 et
1007 2941 1093 2980 quod
1118 2949 1184 2970 non

550 2098 670 2127 cantori
698 2097 903 2136 Vtcenjsilms}
928 2102 952 2126 el
979 2098 1122 2126 Fcrrario
1143 2097 1175 2125 cle

2209 294 2263 322 462

1256 349 1321 378 nisi
1341 349 1468 380 nobiles
1484 352 1518 380 in
1535 354 1712 383 canonicos
1726 355 1928 391 recipiantur
1945 356 1977 384 in
1997 357 2136 386 ecclesia
2152 368 2263 396 supra-

1256 401 1352 432 dicta.
1377 404 1559 441 predictum
1583 415 1719 435 aureum
1743 408 1868 444 prefato
1895 408 1933 438 G.
1958 408 1996 437 de
2019 410 2140 439 Turno.
2163 411 2263 441 disci-

1256 454 1358 492 plinis
1381 456 1565 487 scolasticis
1589 459 1770 488 insistenti.
1792 465 1904 489 contra
1924 461 2099 498 justitiam,
2127 472 2184 500 pro
2206 473 2263 494 sue

1257 506 1437 538 voluntatis
1461 509 1609 544 arbitrio.
1637 511 1882 541 subtraxerunt.
1912 514 2153 552 propterquod
2180 515 2266 545 inter

1258 560 1450 596 capitulum,
1480 571 1516 591 ex
1546 567 1637 600 parte
1663 573 1740 599 una,
1770 569 1799 593 et
1826 565 1956 594 eosdem
1986 567 2196 603 presbiteros,
2228 577 2265 597 cx

1258 612 1372 647 altera,
1391 615 1565 652 questione
1587 616 1732 647 suborta.
1756 617 1833 647 hinc
1858 618 1934 647 inde
1957 618 2016 657 [in]
2040 621 2263 651 venerabilem

1259 664 1392 693 fratrem
1424 671 1571 696 nostrum
1598 691 1616 696 ..
1640 669 1890 700 Get-[indensem
1915 671 2104 710 episcopum
2132 678 2162 703 et
2188 683 2264 704 suos

1258 717 1412 755 collegas,
1431 718 1491 748 1106
1509 725 1579 749 acto
1603 721 1802 758 specialiter,
1822 732 1862 752 ne
1879 729 1988 761 posset
2007 734 2024 753 a
2041 726 2190 763 partibus
2208 736 2265 765 ap-

1259 770 1386 807 pellari.
1405 771 1603 809 simpliciter
1623 779 1653 803 et
1675 774 1798 813 absque
1822 785 1901 813 pena
1925 777 2030 806 extitit
2050 781 2265 817 compromis-

1259 832 1343 852 sum.
1369 824 1486 854 Coram
1514 826 1636 863 quibus
1666 827 1728 856 suit
1757 836 1793 857 ex
1821 828 1982 858 dictorum
2006 831 2263 868 presbiterorum

1258 880 1350 913 parte
1371 878 1574 914 propositum
1597 879 1683 916 ‹tluod
1707 888 1743 909 ex
1768 881 1905 919 antiqua
1927 882 2137 914 institutione
2159 885 2264 923 ipsius

1258 929 1408 964 ecclesie,
1437 939 1543 968 usque
1570 931 1610 960 ad
1635 933 1791 962 moderna
1817 938 1964 973 tempora
1989 936 2266 974 irrefragabiliter

1257 981 1441 1012 observata.
1454 983 1487 1011 in
1499 992 1536 1013 ea
1547 989 1657 1013 certus
1671 994 1828 1016 numerus
1842 987 2100 1024 presbiterorum
2111 990 2262 1021 habetur.

1258 1035 1326 1072 qui.
1345 1036 1497 1065 canonici
1515 1039 1696 1075 nuncupati
1721 1043 1751 1068 et
1774 1039 1813 1068 ad
1830 1041 1966 1079 majoris
1987 1042 2101 1071 altaris
2118 1044 2265 1081 deputati

1257 1088 1442 1123 servitium,
1462 1090 1572 1118 tamin
1590 1090 1809 1121 electionibus
1824 1093 1969 1131 episcopi
1985 1099 2016 1124 et
2031 1097 2263 1126 canonicorum

1258 1149 1355 1178 quam
1375 1141 1408 1170 in
1426 1143 1658 1172 communibus
1676 1144 1812 1182 capituli
1828 1146 2022 1176 tractatibus
2042 1153 2198 1187 tanquam
2212 1158 2265 1179 ca-

1258 1193 1369 1222 nonici
1387 1193 1547 1224 hactenus
1567 1200 1643 1224 sunt
1666 1196 1815 1226 admissi.
1837 1203 1868 1227 et
1886 1198 1923 1228 de
1941 1201 2172 1231 communibus
2191 1211 2266 1240 pro-

1257 1246 1411 1275 ventibus
1430 1247 1576 1285 ejusdem
1594 1249 1732 1279 ecclesie
1750 1250 1895 1288 ipsorum
1914 1252 2037 1289 singuli
2055 1255 2265 1285 canonicales

1256 1299 1444 1337 percipiunt
1460 1301 1639 1337 portiones.
1654 1311 1700 1332 ac.
1721 1303 1812 1333 nulla
1829 1304 1916 1334 inter
1928 1304 2016 1342 ipsos
2034 1311 2065 1336 et
2081 1307 2164 1337 alios
2180 1308 2266 1347 ejus-

1256 1352 1329 1381 dem
1352 1352 1490 1383 ecclesie
1512 1355 1689 1384 canonicos
1714 1355 1827 1385 habita
1852 1357 2051 1388 differentia.
2080 1360 2113 1388 in
2139 1361 2265 1390 instru-

1256 1406 1378 1435 mentis
1408 1406 1549 1443 publicis
1577 1408 1663 1437 sicut
1690 1409 1790 1438 ceteri
1819 1411 1970 1440 canonici
2004 1412 2263 1444 subscribentes,

1257 1463 1322 1487 tam
1340 1459 1379 1488 ab
1397 1459 1559 1498 episcopis
1581 1470 1678 1499 quam
1700 1463 1819 1492 ceteris
1838 1465 1988 1501 personis
2006 1465 2039 1494 in
2057 1468 2264 1497 testamentis

1256 1516 1286 1541 61
1303 1511 1337 1540 111
1354 1511 1588 1542 instrumentis
1611 1513 1687 1543 aliis
1711 1515 1853 1552 publicis
1875 1518 2026 1547 canonici
2046 1524 2124 1548 511111
2147 1521 2263 1550 vocati.

1257 1564 1337 1594 etin
1352 1565 1507 1594 omnibus
1522 1567 1782 1604 requiruntur-et
1798 1569 2028 1601 admittuntur.
2047 1581 2121 1600 611111
2138 1573 2265 1610 capitu-

1255 1617 1324 1646 lum
1341 1618 1442 1647 fuerit
1463 1618 1708 1649 celebrandum.
1730 1621 1833 1651 Iidem
1858 1632 1988 1661 quoque
2010 1624 2138 1657 arbitri,
2164 1626 2265 1655 ratio-

1257 1670 1355 1699 nibus
1376 1671 1551 1709 utriusque
1574 1673 1678 1710 partis
1701 1674 1836 1708 amlitis,
1863 1684 1927 1704 non
1947 1676 2085 1706 rationis
2101 1678 2264 1716 judicium

1256 1723 1312 1752 sed
1332 1723 1507 1753 arbitrium
1521 1730 1697 1763 sequentes
1711 1727 1840 1764 proprie
1857 1728 2049 1763 voluntatis,
2062 1730 2109 1759 sic
2122 1740 2264 1768 pronun-

1256 1776 1368 1806 tiando
1397 1777 1643 1807 sententialiter
1667 1778 1877 1809 declararunt
1901 1781 2032 1811 eosdem
2062 1784 2264 1820 presbiteros

1257 1838 1321 1858 non
1348 1838 1420 1859 esse
1442 1830 1618 1860 canonicos
1639 1832 1885 1868 Gerundenses,
1910 1834 2017 1864 sedin
2036 1837 2262 1874 episcoporum

1256 1882 1539 1920 electionibusjus
1552 1883 1685 1918 habere,
1697 1889 1727 1914 et
1742 1886 1966 1923 preposituras
1983 1892 2094 1918 tenere
2112 1898 2147 1919 ac
2165 1889 2266 1920 inter-

1256 1944 1329 1964 esse
1354 1944 1449 1973 posse
1474 1936 1610 1973 capituli
1632 1937 1826 1967 tractatibus
1849 1939 2027 1969 universis.
2055 1941 2099 1970 Ex
2125 1952 2264 1981 quorum

1257 1987 1479 2018 declaratione
1496 1989 1560 2026 ipsi
1572 1989 1723 2019 videntes
1735 1991 1844 2021 sibiet
1860 1992 1998 2022 ecclesie
2012 1994 2155 2031 predicte
2168 2005 2266 2033 grave

1257 2040 1478 2079 prejudicium
1495 2042 1659 2079 generari.
1678 2047 1708 2072 et
1724 2043 1874 2081 derogari
1888 2045 1956 2083 juri
1972 2054 2096 2080 eorum,
2115 2049 2266 2085 protinus

1258 2093 1397 2123 arbitrio
1418 2093 1652 2124 declarationis
1675 2095 1864 2134 hujusmodi
1889 2098 2114 2129 contradicere
2131 2110 2267 2131 curave-

1259 2151 1347 2175 runt.
1373 2146 1436 2175 Sed
1457 2147 1622 2184 prefatum
1647 2148 1839 2186 capitulum.
1866 2151 2039 2181 occasione
2064 2152 2266 2191 hujusmodi.

1259 2199 1364 2229 dictos
1381 2208 1498 2229 aureos
1516 2199 1640 2229 eisdem
1662 2201 1869 2238 presbiteris.
1890 2212 1963 2232 cum
1988 2204 2132 2243 aliquem
2156 2215 2267 2236 eorum

1259 2252 1293 2281 in
1313 2252 1412 2282 scolis
1432 2252 1603 2282 immorari
1627 2254 1799 2292 contingit.
1821 2260 1934 2285 contra
1955 2258 2114 2294 prefatam
2132 2259 2267 2289 institu-

1260 2305 1383 2334 tionem
1400 2305 1610 2341 subtrahunt,
1632 2312 1662 2336 ct
1686 2306 1788 2337 alias¹
1810 2309 1899 2346 ipsos
1922 2310 1955 2338 in
1979 2310 2053 2348 jure
2076 2320 2135 2340 5110
2156 2312 2268 2341 11111111-

1260 2357 1392 2395 pliciter
1419 2363 1533 2388 contra
1556 2359 1722 2397 justitiam
1750 2360 1923 2391 molestare
1948 2369 2154 2400 presumunt,
2180 2365 2268 2395 licet.

1261 2410 1343 2448 ipsis
1372 2411 1566 2448 presbiteris
1591 2412 1747 2442 continue
1773 2413 2038 2444 deservientibus
2069 2416 2102 2445 in
2131 2417 2268 2447 ecclesia

1262 2463 1460 2501 supradicta,
1482 2464 1583 2493 ceteri
1600 2465 1762 2501 canonici,
1784 2475 1857 2495 raro
1878 2466 2040 2497 1111616556
2063 2469 2154 2498 110115
2173 2479 2270 2500 cano-

1262 2516 1347 2545 nicis
1364 2521 1590 2553 procurantes.
1610 2517 1647 2546 ad
1666 2518 1887 2547 sacerdotium
1908 2521 2092 2557 promoveri
2109 2527 2271 2560 contemp-

1263 2573 1360 2599 nant:
1390 2574 1520 2607 propter
1541 2570 1626 2608 quod
1646 2570 1875 2601 Gerundensis
1897 2572 2036 2602 ecclesia
2059 2574 2181 2604 divinis
2201 2576 2271 2605 oili-

1264 2621 1325 2650 ciis
1343 2630 1406 2651 uon
1427 2621 1591 2651 modicum
1608 2622 1834 2652 defraudatur.
1852 2624 1961 2660 Quare
1978 2625 2077 2655 iidem
2095 2627 2271 2664 presbiteri

1265 2674 1360 2703 nobis
1389 2674 1562 2704 humiliter
1592 2675 1822 2713 supplicarunt
1847 2681 1882 2705 ut
1912 2686 2011 2715 super
2037 2678 2102 2707 hiis
2127 2679 2209 2717 ipsis
2242 2687 2270 2710 ct

1265 2727 1371 2757 cidem
1389 2727 1527 2757 ecclesie
1544 2737 1737 2757 curaremus
1753 2728 1791 2757 de
1806 2728 2011 2767 benignitate
2026 2732 2120 2761 Sedis
2138 2734 2272 2771 Aposto-

1264 2780 1327 2810 lice
1350 2780 1533 2818 providere.
1562 2781 1724 2816 Quocirca
1749 2782 1944 2812 mandamus
1966 2789 2140 2821 quatenus.
2166 2786 2194 2815 si
2222 2796 2272 2816 res

1266 2833 1311 2861 ita
1328 2842 1361 2862 se
1379 2832 1488 2867 habet.
1508 2832 1744 2863 denuntiantes
1767 2834 1871 2864 dictos
1893 2836 2106 2873 presbiteros.
2131 2840 2274 2868 auctori-

1301 2947 1321 2969 1.
1339 2948 1386 2969 Με.
1404 2955 1409 2969 ;
1426 2946 1504 2970 alios,
