<?xml version="1.0" encoding="UTF-8"?>
<!DOCTYPE html PUBLIC "-//W3C//DTD XHTML 1.0 Transitional//EN"
    "http://www.w3.org/TR/xhtml1/DTD/xhtml1-transitional.dtd">
<html xmlns="http://www.w3.org/1999/xhtml" xml:lang="en" lang="en">
 <head>
  <title>
</title>
<meta http-equiv="Content-Type" content="text/html;charset=utf-8" />
  <meta name='ocr-system' content='tesseract 3.04.00' />
  <meta name='ocr-capabilities' content='ocr_page ocr_carea ocr_par ocr_line ocrx_word'/>
</head>
<body>
  <div class='ocr_page' id='page_1' title='image "./lesregistresdegr03cathuoft_0240.png"; bbox 0 0 2553 3526; ppageno 0'>
   <div class='ocr_carea' id='block_1_1' title="bbox 271 272 2363 319">
    <p class='ocr_par' dir='ltr' id='par_1_1' title="bbox 271 272 2363 319">
     <span class='ocr_line' id='line_1_1' title="bbox 271 272 2363 319; baseline -0.008 0"><span class='ocrx_word' id='word_1_1' title='bbox 271 291 326 319; x_wconf 61' lang='lat'>4:29</span> <span class='ocrx_word' id='word_1_2' title='bbox 996 281 1232 313; x_wconf 71' lang='lat' dir='ltr'>REGISTRES</span> <span class='ocrx_word' id='word_1_3' title='bbox 1256 279 1310 308; x_wconf 80' lang='lat' dir='ltr'>DE</span> <span class='ocrx_word' id='word_1_4' title='bbox 1333 272 1554 308; x_wconf 77' lang='lat' dir='ltr'>GREGornE</span> <span class='ocrx_word' id='word_1_5' title='bbox 1578 280 1634 309; x_wconf 61' lang='grc'>111.</span> <span class='ocrx_word' id='word_1_6' title='bbox 2306 280 2363 310; x_wconf 73' lang='grc'>460</span> 
     </span>
    </p>
   </div>
   <div class='ocr_carea' id='block_1_2' title="bbox 271 346 1276 820">
    <p class='ocr_par' dir='ltr' id='par_1_2' title="bbox 271 346 1276 820">
     <span class='ocr_line' id='line_1_2' title="bbox 273 346 1274 388; baseline -0.012 -5"><span class='ocrx_word' id='word_1_7' title='bbox 273 357 346 383; x_wconf 69' lang='grc'>111015</span> <span class='ocrx_word' id='word_1_8' title='bbox 370 355 598 384; x_wconf 69' lang='grc' dir='ltr'>Ρ1111510115111115,</span> <span class='ocrx_word' id='word_1_9' title='bbox 619 355 765 388; x_wconf 72' lang='lat' dir='ltr'>significat</span> <span class='ocrx_word' id='word_1_10' title='bbox 783 362 811 379; x_wconf 76' lang='lat' dir='ltr'>se</span> <span class='ocrx_word' id='word_1_11' title='bbox 835 352 1012 379; x_wconf 77' lang='lat' dir='ltr'>sententiam</span> <span class='ocrx_word' id='word_1_12' title='bbox 1033 346 1274 376; x_wconf 74' lang='lat' dir='ltr'>excommunica-</span> 
     </span>
     <span class='ocr_line' id='line_1_3' title="bbox 271 397 1272 433; baseline -0.013 -1"><span class='ocrx_word' id='word_1_13' title='bbox 271 406 360 432; x_wconf 69' lang='lat' dir='ltr'>tionis</span> <span class='ocrx_word' id='word_1_14' title='bbox 371 415 385 431; x_wconf 85' lang='lat' dir='ltr'>a</span> <span class='ocrx_word' id='word_1_15' title='bbox 401 405 492 431; x_wconf 72' lang='lat' dir='ltr'>bonae</span> <span class='ocrx_word' id='word_1_16' title='bbox 504 403 662 430; x_wconf 77' lang='lat' dir='ltr'>menwriae</span> <span class='ocrx_word' id='word_1_17' title='bbox 678 402 814 428; x_wconf 69' lang='lat' dir='ltr'>ltemensi</span> <span class='ocrx_word' id='word_1_18' title='bbox 827 400 1046 433; x_wconf 65' lang='lat' dir='ltr'>archiepiscopo</span> <span class='ocrx_word' id='word_1_19' title='bbox 1059 397 1272 431; x_wconf 66' lang='lat' dir='ltr'>promulgatam</span> 
     </span>
     <span class='ocr_line' id='line_1_4' title="bbox 273 442 1276 487; baseline -0.014 -7"><span class='ocrx_word' id='word_1_20' title='bbox 273 455 301 480; x_wconf 86' lang='lat' dir='ltr'>in</span> <span class='ocrx_word' id='word_1_21' title='bbox 334 454 472 487; x_wconf 70' lang='lat' dir='ltr'>quosdam</span> <span class='ocrx_word' id='word_1_22' title='bbox 513 453 743 479; x_wconf 60' lang='lat' dir='ltr'>Catalaunonses</span> <span class='ocrx_word' id='word_1_23' title='bbox 777 449 932 475; x_wconf 76' lang='lat' dir='ltr'>canonicos</span> <span class='ocrx_word' id='word_1_24' title='bbox 973 447 1021 480; x_wconf 80' lang='lat' dir='ltr'>qui</span> <span class='ocrx_word' id='word_1_25' title='bbox 1059 443 1207 472; x_wconf 77' lang='lat' dir='ltr'>(iaut&#39;redo</span> <span class='ocrx_word' id='word_1_26' title='bbox 1240 442 1276 467; x_wconf 72' lang='lat' dir='ltr'>de</span> 
     </span>
     <span class='ocr_line' id='line_1_5' title="bbox 273 492 1275 531; baseline -0.012 -3"><span class='ocrx_word' id='word_1_27' title='bbox 273 503 385 529; x_wconf 64' lang='lat' dir='ltr'>Grandi</span> <span class='ocrx_word' id='word_1_28' title='bbox 404 502 501 531; x_wconf 68' lang='lat' dir='ltr'>Prato,</span> <span class='ocrx_word' id='word_1_29' title='bbox 520 499 730 527; x_wconf 69' lang='lat' dir='ltr'>Catalaunonsi</span> <span class='ocrx_word' id='word_1_30' title='bbox 748 499 852 527; x_wconf 71' lang='lat' dir='ltr'>electo,</span> <span class='ocrx_word' id='word_1_31' title='bbox 877 505 932 522; x_wconf 84' lang='lat' dir='ltr'>non</span> <span class='ocrx_word' id='word_1_32' title='bbox 956 493 1142 523; x_wconf 70' lang='lat' dir='ltr'>obediebant,</span> <span class='ocrx_word' id='word_1_33' title='bbox 1160 492 1275 517; x_wconf 80' lang='lat' dir='ltr'>denun-</span> 
     </span>
     <span class='ocr_line' id='line_1_6' title="bbox 274 539 1276 580; baseline -0.012 -4"><span class='ocrx_word' id='word_1_34' title='bbox 274 551 360 577; x_wconf 71' lang='lat' dir='ltr'>tiasse</span> <span class='ocrx_word' id='word_1_35' title='bbox 375 559 435 576; x_wconf 72' lang='lat' dir='ltr'>esse</span> <span class='ocrx_word' id='word_1_36' title='bbox 451 550 529 574; x_wconf 90' lang='lat' dir='ltr'>nulla</span> <span class='ocrx_word' id='word_1_37' title='bbox 537 557 574 577; x_wconf 81' lang='lat' dir='ltr'>m,</span> <span class='ocrx_word' id='word_1_38' title='bbox 586 548 685 580; x_wconf 71' lang='lat' dir='ltr'>eisque</span> <span class='ocrx_word' id='word_1_39' title='bbox 700 546 822 572; x_wconf 82' lang='lat' dir='ltr'>mandat</span> <span class='ocrx_word' id='word_1_40' title='bbox 840 547 996 578; x_wconf 74' lang='lat' dir='ltr'>quatenus,</span> <span class='ocrx_word' id='word_1_41' title='bbox 1013 543 1035 568; x_wconf 72' lang='lat' dir='ltr'>si</span> <span class='ocrx_word' id='word_1_42' title='bbox 1054 542 1152 574; x_wconf 83' lang='lat' dir='ltr'>aliqua</span> <span class='ocrx_word' id='word_1_43' title='bbox 1169 539 1204 565; x_wconf 84' lang='lat' dir='ltr'>de</span> <span class='ocrx_word' id='word_1_44' title='bbox 1215 547 1276 572; x_wconf 81' lang='lat' dir='ltr'>pro-</span> 
     </span>
     <span class='ocr_line' id='line_1_7' title="bbox 272 588 1276 631; baseline -0.012 -7"><span class='ocrx_word' id='word_1_45' title='bbox 272 599 409 624; x_wconf 75' lang='lat' dir='ltr'>ventibus</span> <span class='ocrx_word' id='word_1_46' title='bbox 434 596 664 631; x_wconf 69' lang='lat' dir='ltr'>praelwndarum</span> <span class='ocrx_word' id='word_1_47' title='bbox 685 594 899 628; x_wconf 78' lang='lat' dir='ltr'>praedictorum</span> <span class='ocrx_word' id='word_1_48' title='bbox 926 591 1132 617; x_wconf 71' lang='lat' dir='ltr'>canonicorum</span> <span class='ocrx_word' id='word_1_49' title='bbox 1156 588 1276 614; x_wconf 76' lang='lat' dir='ltr'>invene-</span> 
     </span>
     <span class='ocr_line' id='line_1_8' title="bbox 272 637 1274 678; baseline -0.013 -5"><span class='ocrx_word' id='word_1_50' title='bbox 272 647 341 673; x_wconf 70' lang='lat' dir='ltr'>rint,</span> <span class='ocrx_word' id='word_1_51' title='bbox 370 646 498 678; x_wconf 63' lang='lat' dir='ltr'>ejusdem</span> <span class='ocrx_word' id='word_1_52' title='bbox 531 643 694 669; x_wconf 72' lang='lat' dir='ltr'>sententiae</span> <span class='ocrx_word' id='word_1_53' title='bbox 724 642 885 671; x_wconf 73' lang='lat' dir='ltr'>occasione,</span> <span class='ocrx_word' id='word_1_54' title='bbox 914 640 1012 666; x_wconf 80' lang='lat' dir='ltr'>ablata</span> <span class='ocrx_word' id='word_1_55' title='bbox 1037 639 1084 664; x_wconf 70' lang='lat' dir='ltr'>vel</span> <span class='ocrx_word' id='word_1_56' title='bbox 1114 637 1274 666; x_wconf 78' lang='lat' dir='ltr'>subtracta,</span> 
     </span>
     <span class='ocr_line' id='line_1_9' title="bbox 273 682 1275 724; baseline -0.011 -4"><span class='ocrx_word' id='word_1_57' title='bbox 273 696 381 721; x_wconf 66' lang='lat' dir='ltr'>eisdem</span> <span class='ocrx_word' id='word_1_58' title='bbox 407 692 556 719; x_wconf 57' lang='lat' dir='ltr'>canonicis</span> <span class='ocrx_word' id='word_1_59' title='bbox 578 699 664 724; x_wconf 71' lang='lat' dir='ltr'>super</span> <span class='ocrx_word' id='word_1_60' title='bbox 686 692 737 716; x_wconf 80' lang='lat' dir='ltr'>hoc</span> <span class='ocrx_word' id='word_1_61' title='bbox 760 689 896 716; x_wconf 71' lang='lat' dir='ltr'>satisfieri</span> <span class='ocrx_word' id='word_1_62' title='bbox 921 688 1042 714; x_wconf 75' lang='lat' dir='ltr'>saciant.</span> <span class='ocrx_word' id='word_1_63' title='bbox 1070 701 1099 704; x_wconf 91' lang='lat'><em>-</em></span> <span class='ocrx_word' id='word_1_64' title='bbox 1124 686 1209 716; x_wconf 71' lang='lat' dir='ltr'>(REG.</span> <span class='ocrx_word' id='word_1_65' title='bbox 1231 682 1275 714; x_wconf 72' lang='lat'>20,</span> 
     </span>
     <span class='ocr_line' id='line_1_10' title="bbox 274 734 1275 772; baseline -0.014 -3"><span class='ocrx_word' id='word_1_66' title='bbox 274 740 708 772; x_wconf 68' lang='grc' dir='ltr'>1.651·“;.’11111.ΧΥ,«·.14;-</span> <span class='ocrx_word' id='word_1_67' title='bbox 724 735 1113 766; x_wconf 53' lang='lat' dir='ltr'>atonEAu1193,f.275;—</span> <span class='ocrx_word' id='word_1_68' title='bbox 1130 734 1167 759; x_wconf 81' lang='lat' dir='ltr'>ct&#39;.</span> <span class='ocrx_word' id='word_1_69' title='bbox 1180 738 1275 763; x_wconf 78' lang='lat' dir='ltr'>supra,</span> 
     </span>
     <span class='ocr_line' id='line_1_11' title="bbox 273 791 408 820; baseline -0.015 -3"><span class='ocrx_word' id='word_1_70' title='bbox 273 796 300 817; x_wconf 76' lang='grc'>11”</span> <span class='ocrx_word' id='word_1_71' title='bbox 316 791 408 820; x_wconf 76' lang='grc'>5206.)</span> 
     </span>
    </p>
   </div>
   <div class='ocr_carea' id='block_1_3' title="bbox 269 881 1284 2085">
    <p class='ocr_par' dir='ltr' id='par_1_3' title="bbox 269 881 1284 2085">
     <span class='ocr_line' id='line_1_12' title="bbox 314 881 1277 928; baseline -0.008 -12"><span class='ocrx_word' id='word_1_72' title='bbox 314 905 324 917; x_wconf 67' lang='grc' dir='ltr'><em>α</em></span> <span class='ocrx_word' id='word_1_73' title='bbox 336 891 588 928; x_wconf 67' lang='lat' dir='ltr'>,lluyislroHugson</span> <span class='ocrx_word' id='word_1_74' title='bbox 597 890 604 917; x_wconf 81' lang='lat' dir='ltr'>i</span> <span class='ocrx_word' id='word_1_75' title='bbox 613 889 648 917; x_wconf 83' lang='lat' dir='ltr'>de</span> <span class='ocrx_word' id='word_1_76' title='bbox 658 888 798 925; x_wconf 74' lang='lat' dir='ltr'>Caprosia</span> <span class='ocrx_word' id='word_1_77' title='bbox 810 891 834 914; x_wconf 80' lang='lat' dir='ltr'>e!</span> <span class='ocrx_word' id='word_1_78' title='bbox 847 886 929 914; x_wconf 67' lang='lat' dir='ltr'>Petro</span> <span class='ocrx_word' id='word_1_79' title='bbox 938 883 1141 917; x_wconf 71' lang='lat' dir='ltr'>dictthcreni,</span> <span class='ocrx_word' id='word_1_80' title='bbox 1153 881 1277 910; x_wconf 75' lang='lat' dir='ltr'>canani-</span> 
     </span>
     <span class='ocr_line' id='line_1_13' title="bbox 272 934 1276 973; baseline -0.011 0"><span class='ocrx_word' id='word_1_81' title='bbox 272 947 313 973; x_wconf 77' lang='lat' dir='ltr'>cis</span> <span class='ocrx_word' id='word_1_82' title='bbox 333 944 566 973; x_wconf 60' lang='lat' dir='ltr'>parisiensibus.</span> <span class='ocrx_word' id='word_1_83' title='bbox 580 942 674 973; x_wconf 79' lang='lat' dir='ltr'>Cum,</span> <span class='ocrx_word' id='word_1_84' title='bbox 694 944 829 969; x_wconf 82' lang='lat' dir='ltr'>vacante</span> <span class='ocrx_word' id='word_1_85' title='bbox 844 935 1106 968; x_wconf 82' lang='lat' dir='ltr'>Cathalaunensi</span> <span class='ocrx_word' id='word_1_86' title='bbox 1125 934 1276 967; x_wconf 78' lang='lat' dir='ltr'>ecclesia,</span> 
     </span>
     <span class='ocr_line' id='line_1_14' title="bbox 273 987 1277 1036; baseline -0.01 -11"><span class='ocrx_word' id='word_1_87' title='bbox 273 1003 301 1027; x_wconf 81' lang='lat' dir='ltr'>et</span> <span class='ocrx_word' id='word_1_88' title='bbox 320 995 510 1036; x_wconf 74' lang='lat' dir='ltr'>G[aufredo]</span> <span class='ocrx_word' id='word_1_89' title='bbox 529 995 566 1024; x_wconf 89' lang='lat' dir='ltr'>de</span> <span class='ocrx_word' id='word_1_90' title='bbox 584 993 709 1024; x_wconf 85' lang='lat' dir='ltr'>Grandi</span> <span class='ocrx_word' id='word_1_91' title='bbox 726 994 823 1022; x_wconf 86' lang='lat' dir='ltr'>Prato</span> <span class='ocrx_word' id='word_1_92' title='bbox 840 991 872 1019; x_wconf 91' lang='lat' dir='ltr'>in</span> <span class='ocrx_word' id='word_1_93' title='bbox 888 989 1034 1029; x_wconf 80' lang='lat' dir='ltr'>ejusdem</span> <span class='ocrx_word' id='word_1_94' title='bbox 1052 987 1190 1018; x_wconf 80' lang='lat' dir='ltr'>ecclesie</span> <span class='ocrx_word' id='word_1_95' title='bbox 1208 995 1277 1024; x_wconf 89' lang='lat' dir='ltr'>pas-</span> 
     </span>
     <span class='ocr_line' id='line_1_15' title="bbox 273 1040 1278 1082; baseline -0.012 -2"><span class='ocrx_word' id='word_1_96' title='bbox 273 1057 374 1080; x_wconf 79' lang='lat' dir='ltr'>torem</span> <span class='ocrx_word' id='word_1_97' title='bbox 395 1049 508 1082; x_wconf 83' lang='lat' dir='ltr'>electo,</span> <span class='ocrx_word' id='word_1_98' title='bbox 529 1057 564 1077; x_wconf 83' lang='lat' dir='ltr'>ac</span> <span class='ocrx_word' id='word_1_99' title='bbox 582 1046 754 1076; x_wconf 67' lang='lat' dir='ltr'>electionis</span> <span class='ocrx_word' id='word_1_100' title='bbox 772 1044 877 1082; x_wconf 86' lang='lat' dir='ltr'>ipsius</span> <span class='ocrx_word' id='word_1_101' title='bbox 901 1042 1063 1081; x_wconf 73' lang='lat' dir='ltr'>pendente</span> <span class='ocrx_word' id='word_1_102' title='bbox 1082 1040 1212 1078; x_wconf 75' lang='lat' dir='ltr'>negotio</span> <span class='ocrx_word' id='word_1_103' title='bbox 1229 1048 1278 1069; x_wconf 85' lang='lat' dir='ltr'>co-</span> 
     </span>
     <span class='ocr_line' id='line_1_16' title="bbox 274 1093 1279 1133; baseline -0.012 -1"><span class='ocrx_word' id='word_1_104' title='bbox 274 1113 342 1133; x_wconf 83' lang='lat' dir='ltr'>ram</span> <span class='ocrx_word' id='word_1_105' title='bbox 360 1101 541 1132; x_wconf 67' lang='lat' dir='ltr'>veina-abili</span> <span class='ocrx_word' id='word_1_106' title='bbox 559 1101 659 1129; x_wconf 81' lang='lat' dir='ltr'>fratre</span> <span class='ocrx_word' id='word_1_107' title='bbox 678 1103 788 1127; x_wconf 89' lang='lat' dir='ltr'>nostro</span> <span class='ocrx_word' id='word_1_108' title='bbox 807 1120 826 1125; x_wconf 91' lang='lat'>..</span> <span class='ocrx_word' id='word_1_109' title='bbox 845 1095 1007 1125; x_wconf 87' lang='lat' dir='ltr'>Meldensi</span> <span class='ocrx_word' id='word_1_110' title='bbox 1025 1094 1176 1132; x_wconf 83' lang='lat' dir='ltr'>episcopo</span> <span class='ocrx_word' id='word_1_111' title='bbox 1190 1093 1279 1131; x_wconf 82' lang='lat' dir='ltr'>ejus-</span> 
     </span>
     <span class='ocr_line' id='line_1_17' title="bbox 273 1147 1281 1194; baseline -0.012 -9"><span class='ocrx_word' id='word_1_112' title='bbox 273 1166 336 1194; x_wconf 79' lang='lat' dir='ltr'>que</span> <span class='ocrx_word' id='word_1_113' title='bbox 355 1154 490 1191; x_wconf 70' lang='lat' dir='ltr'>collegis</span> <span class='ocrx_word' id='word_1_114' title='bbox 510 1163 526 1183; x_wconf 87' lang='lat' dir='ltr'>a</span> <span class='ocrx_word' id='word_1_115' title='bbox 547 1153 629 1183; x_wconf 76' lang='lat' dir='ltr'>Sede</span> <span class='ocrx_word' id='word_1_116' title='bbox 646 1150 835 1189; x_wconf 80' lang='lat' dir='ltr'>Apostolica</span> <span class='ocrx_word' id='word_1_117' title='bbox 859 1147 1030 1185; x_wconf 67' lang='lat' dir='ltr'>delegatis,</span> <span class='ocrx_word' id='word_1_118' title='bbox 1055 1147 1137 1175; x_wconf 87' lang='lat' dir='ltr'>bone</span> <span class='ocrx_word' id='word_1_119' title='bbox 1160 1154 1281 1174; x_wconf 87' lang='lat' dir='ltr'>memo-</span> 
     </span>
     <span class='ocr_line' id='line_1_18' title="bbox 273 1197 1278 1241; baseline -0.011 -4"><span class='ocrx_word' id='word_1_120' title='bbox 273 1209 320 1238; x_wconf 93' lang='lat' dir='ltr'>rie</span> <span class='ocrx_word' id='word_1_121' title='bbox 340 1231 358 1236; x_wconf 91' lang='lat'>..</span> <span class='ocrx_word' id='word_1_122' title='bbox 380 1206 555 1237; x_wconf 74' lang='lat' dir='ltr'>Remensis</span> <span class='ocrx_word' id='word_1_123' title='bbox 572 1204 849 1241; x_wconf 71' lang='lat' dir='ltr'>archiepiscopus,</span> <span class='ocrx_word' id='word_1_124' title='bbox 872 1201 933 1230; x_wconf 87' lang='lat' dir='ltr'>loci</span> <span class='ocrx_word' id='word_1_125' title='bbox 947 1198 1231 1237; x_wconf 80' lang='lat' dir='ltr'>metropolitanus,</span> <span class='ocrx_word' id='word_1_126' title='bbox 1245 1197 1278 1226; x_wconf 86' lang='lat' dir='ltr'>in</span> 
     </span>
     <span class='ocr_line' id='line_1_19' title="bbox 273 1251 1278 1298; baseline -0.012 -7"><span class='ocrx_word' id='word_1_127' title='bbox 273 1262 311 1291; x_wconf 86' lang='lat' dir='ltr'>G.</span> <span class='ocrx_word' id='word_1_128' title='bbox 330 1261 367 1290; x_wconf 85' lang='lat' dir='ltr'>de</span> <span class='ocrx_word' id='word_1_129' title='bbox 388 1259 551 1298; x_wconf 75' lang='lat' dir='ltr'>Ponjeiol,</span> <span class='ocrx_word' id='word_1_130' title='bbox 571 1259 608 1287; x_wconf 87' lang='lat' dir='ltr'>G.</span> <span class='ocrx_word' id='word_1_131' title='bbox 628 1257 666 1287; x_wconf 88' lang='lat' dir='ltr'>de</span> <span class='ocrx_word' id='word_1_132' title='bbox 681 1256 905 1293; x_wconf 67' lang='lat' dir='ltr'>Yamlope1·a²,</span> <span class='ocrx_word' id='word_1_133' title='bbox 921 1254 961 1283; x_wconf 86' lang='lat' dir='ltr'>N.</span> <span class='ocrx_word' id='word_1_134' title='bbox 976 1253 1014 1281; x_wconf 84' lang='lat' dir='ltr'>de</span> <span class='ocrx_word' id='word_1_135' title='bbox 1030 1251 1229 1288; x_wconf 73' lang='lat' dir='ltr'>Eligniaco³‚</span> <span class='ocrx_word' id='word_1_136' title='bbox 1247 1251 1278 1280; x_wconf 79' lang='lat' dir='ltr'>J.</span> 
     </span>
     <span class='ocr_line' id='line_1_20' title="bbox 274 1303 1280 1349; baseline -0.012 -5"><span class='ocrx_word' id='word_1_137' title='bbox 274 1316 312 1345; x_wconf 85' lang='lat' dir='ltr'>de</span> <span class='ocrx_word' id='word_1_138' title='bbox 334 1313 578 1349; x_wconf 65' lang='lat' dir='ltr'>Gaudcgniaco,</span> <span class='ocrx_word' id='word_1_139' title='bbox 598 1312 772 1347; x_wconf 74' lang='lat' dir='ltr'>Hugoneni</span> <span class='ocrx_word' id='word_1_140' title='bbox 792 1309 830 1338; x_wconf 89' lang='lat' dir='ltr'>de</span> <span class='ocrx_word' id='word_1_141' title='bbox 850 1307 1014 1344; x_wconf 68' lang='lat' dir='ltr'>Magduno</span> <span class='ocrx_word' id='word_1_142' title='bbox 1031 1310 1061 1335; x_wconf 86' lang='lat' dir='ltr'>et</span> <span class='ocrx_word' id='word_1_143' title='bbox 1083 1306 1123 1334; x_wconf 91' lang='lat' dir='ltr'>N.</span> <span class='ocrx_word' id='word_1_144' title='bbox 1142 1304 1180 1333; x_wconf 91' lang='lat' dir='ltr'>de</span> <span class='ocrx_word' id='word_1_145' title='bbox 1197 1303 1280 1333; x_wconf 90' lang='lat' dir='ltr'>Mal-</span> 
     </span>
     <span class='ocr_line' id='line_1_21' title="bbox 274 1358 1280 1406; baseline -0.012 -9"><span class='ocrx_word' id='word_1_146' title='bbox 274 1367 425 1406; x_wconf 80' lang='lat' dir='ltr'>quieriis,</span> <span class='ocrx_word' id='word_1_147' title='bbox 452 1365 628 1394; x_wconf 86' lang='lat' dir='ltr'>canonicos</span> <span class='ocrx_word' id='word_1_148' title='bbox 655 1362 954 1393; x_wconf 82' lang='lat' dir='ltr'>Cathalaunenses,</span> <span class='ocrx_word' id='word_1_149' title='bbox 982 1363 1013 1388; x_wconf 88' lang='lat' dir='ltr'>et</span> <span class='ocrx_word' id='word_1_150' title='bbox 1044 1358 1280 1396; x_wconf 80' lang='lat' dir='ltr'>participantes</span> 
     </span>
     <span class='ocr_line' id='line_1_22' title="bbox 274 1409 1280 1452; baseline -0.013 -1"><span class='ocrx_word' id='word_1_151' title='bbox 274 1420 398 1451; x_wconf 77' lang='lat' dir='ltr'>eisdem</span> <span class='ocrx_word' id='word_1_152' title='bbox 424 1418 537 1448; x_wconf 80' lang='lat' dir='ltr'>fecerit</span> <span class='ocrx_word' id='word_1_153' title='bbox 564 1416 758 1446; x_wconf 86' lang='lat' dir='ltr'>auctoritate</span> <span class='ocrx_word' id='word_1_154' title='bbox 784 1413 925 1452; x_wconf 81' lang='lat' dir='ltr'>propria,</span> <span class='ocrx_word' id='word_1_155' title='bbox 955 1412 993 1441; x_wconf 88' lang='lat' dir='ltr'>de</span> <span class='ocrx_word' id='word_1_156' title='bbox 1021 1412 1117 1446; x_wconf 82' lang='lat' dir='ltr'>facto,</span> <span class='ocrx_word' id='word_1_157' title='bbox 1143 1419 1215 1440; x_wconf 86' lang='lat' dir='ltr'>cum</span> <span class='ocrx_word' id='word_1_158' title='bbox 1242 1409 1280 1439; x_wconf 85' lang='lat' dir='ltr'>de</span> 
     </span>
     <span class='ocr_line' id='line_1_23' title="bbox 269 1462 1280 1513; baseline -0.012 -10"><span class='ocrx_word' id='word_1_159' title='bbox 269 1475 343 1513; x_wconf 79' lang='lat' dir='ltr'>jure</span> <span class='ocrx_word' id='word_1_160' title='bbox 370 1482 432 1501; x_wconf 89' lang='grc'>11011</span> <span class='ocrx_word' id='word_1_161' title='bbox 453 1475 571 1509; x_wconf 71' lang='lat' dir='ltr'>posset,</span> <span class='ocrx_word' id='word_1_162' title='bbox 598 1478 653 1507; x_wconf 87' lang='lat' dir='ltr'>per</span> <span class='ocrx_word' id='word_1_163' title='bbox 679 1491 698 1497; x_wconf 88' lang='grc'>..</span> <span class='ocrx_word' id='word_1_164' title='bbox 717 1467 868 1496; x_wconf 84' lang='lat' dir='ltr'>abbatem</span> <span class='ocrx_word' id='word_1_165' title='bbox 892 1465 929 1495; x_wconf 90' lang='lat' dir='ltr'>de</span> <span class='ocrx_word' id='word_1_166' title='bbox 947 1464 1120 1495; x_wconf 85' lang='lat' dir='ltr'>Castriciis</span> <span class='ocrx_word' id='word_1_167' title='bbox 1138 1467 1168 1493; x_wconf 90' lang='lat' dir='ltr'>et</span> <span class='ocrx_word' id='word_1_168' title='bbox 1185 1462 1280 1492; x_wconf 87' lang='lat' dir='ltr'>colle-</span> 
     </span>
     <span class='ocr_line' id='line_1_24' title="bbox 275 1515 1281 1564; baseline -0.013 -8"><span class='ocrx_word' id='word_1_169' title='bbox 275 1535 346 1564; x_wconf 72' lang='lat' dir='ltr'>gam</span> <span class='ocrx_word' id='word_1_170' title='bbox 365 1526 446 1564; x_wconf 72' lang='lat' dir='ltr'>ejus,</span> <span class='ocrx_word' id='word_1_171' title='bbox 465 1524 543 1562; x_wconf 82' lang='lat' dir='ltr'>quia</span> <span class='ocrx_word' id='word_1_172' title='bbox 558 1531 621 1551; x_wconf 93' lang='lat' dir='ltr'>non</span> <span class='ocrx_word' id='word_1_173' title='bbox 637 1520 835 1551; x_wconf 69' lang='lat' dir='ltr'>obediebant</span> <span class='ocrx_word' id='word_1_174' title='bbox 851 1518 915 1556; x_wconf 90' lang='lat' dir='ltr'>ipsi</span> <span class='ocrx_word' id='word_1_175' title='bbox 926 1517 1040 1551; x_wconf 84' lang='lat' dir='ltr'>eleeto,</span> <span class='ocrx_word' id='word_1_176' title='bbox 1054 1515 1281 1546; x_wconf 81' lang='lat' dir='ltr'>excommuni-</span> 
     </span>
     <span class='ocr_line' id='line_1_25' title="bbox 274 1569 1281 1612; baseline -0.012 -4"><span class='ocrx_word' id='word_1_177' title='bbox 274 1578 414 1609; x_wconf 77' lang='lat' dir='ltr'>cationis</span> <span class='ocrx_word' id='word_1_178' title='bbox 431 1575 629 1606; x_wconf 71' lang='lat' dir='ltr'>sententiam</span> <span class='ocrx_word' id='word_1_179' title='bbox 647 1571 848 1612; x_wconf 68' lang='lat' dir='ltr'>promulgari</span> <span class='ocrx_word' id='word_1_180' title='bbox 868 1581 873 1599; x_wconf 88' lang='lat'><strong>:</strong></span> <span class='ocrx_word' id='word_1_181' title='bbox 893 1579 951 1599; x_wconf 86' lang='lat' dir='ltr'>nos</span> <span class='ocrx_word' id='word_1_182' title='bbox 969 1569 1110 1604; x_wconf 76' lang='lat' dir='ltr'>tandem,</span> <span class='ocrx_word' id='word_1_183' title='bbox 1130 1572 1281 1598; x_wconf 80' lang='lat' dir='ltr'>revocato</span> 
     </span>
     <span class='ocr_line' id='line_1_26' title="bbox 276 1622 1281 1669; baseline -0.012 -7"><span class='ocrx_word' id='word_1_184' title='bbox 276 1633 315 1662; x_wconf 86' lang='lat' dir='ltr'>ad</span> <span class='ocrx_word' id='word_1_185' title='bbox 332 1630 554 1669; x_wconf 80' lang='lat' dir='ltr'>Apostolicam</span> <span class='ocrx_word' id='word_1_186' title='bbox 572 1627 688 1658; x_wconf 80' lang='lat' dir='ltr'>Sedem</span> <span class='ocrx_word' id='word_1_187' title='bbox 708 1627 779 1664; x_wconf 86' lang='lat' dir='ltr'>ipso</span> <span class='ocrx_word' id='word_1_188' title='bbox 797 1624 927 1661; x_wconf 66' lang='lat' dir='ltr'>negotio</span> <span class='ocrx_word' id='word_1_189' title='bbox 944 1622 1136 1660; x_wconf 85' lang='lat' dir='ltr'>etpartibus</span> <span class='ocrx_word' id='word_1_190' title='bbox 1153 1622 1186 1650; x_wconf 90' lang='lat' dir='ltr'>in</span> <span class='ocrx_word' id='word_1_191' title='bbox 1205 1630 1281 1650; x_wconf 88' lang='lat' dir='ltr'>nos-</span> 
     </span>
     <span class='ocr_line' id='line_1_27' title="bbox 277 1675 1282 1723; baseline -0.013 -8"><span class='ocrx_word' id='word_1_192' title='bbox 277 1691 326 1715; x_wconf 80' lang='lat' dir='ltr'>tra</span> <span class='ocrx_word' id='word_1_193' title='bbox 349 1683 515 1723; x_wconf 86' lang='lat' dir='ltr'>presentia</span> <span class='ocrx_word' id='word_1_194' title='bbox 537 1680 744 1713; x_wconf 76' lang='lat' dir='ltr'>constitutis,</span> <span class='ocrx_word' id='word_1_195' title='bbox 769 1678 907 1708; x_wconf 88' lang='lat' dir='ltr'>eandem</span> <span class='ocrx_word' id='word_1_196' title='bbox 931 1675 1131 1706; x_wconf 87' lang='lat' dir='ltr'>sententiam</span> <span class='ocrx_word' id='word_1_197' title='bbox 1153 1683 1282 1704; x_wconf 76' lang='lat' dir='ltr'>excom-</span> 
     </span>
     <span class='ocr_line' id='line_1_28' title="bbox 277 1728 1282 1768; baseline -0.013 0"><span class='ocrx_word' id='word_1_198' title='bbox 277 1736 512 1768; x_wconf 87' lang='lat' dir='ltr'>municationis</span> <span class='ocrx_word' id='word_1_199' title='bbox 549 1732 820 1763; x_wconf 77' lang='lat' dir='ltr'>denuntiavimus</span> <span class='ocrx_word' id='word_1_200' title='bbox 855 1739 925 1760; x_wconf 89' lang='lat' dir='ltr'>esse</span> <span class='ocrx_word' id='word_1_201' title='bbox 964 1728 1101 1758; x_wconf 87' lang='lat' dir='ltr'>nullam.</span> <span class='ocrx_word' id='word_1_202' title='bbox 1139 1728 1282 1765; x_wconf 79' lang='lat' dir='ltr'>Ideoque</span> 
     </span>
     <span class='ocr_line' id='line_1_29' title="bbox 277 1781 1282 1826; baseline -0.012 -6"><span class='ocrx_word' id='word_1_203' title='bbox 277 1791 471 1821; x_wconf 86' lang='lat' dir='ltr'>mandamus</span> <span class='ocrx_word' id='word_1_204' title='bbox 489 1791 664 1826; x_wconf 72' lang='lat' dir='ltr'>quatenus,</span> <span class='ocrx_word' id='word_1_205' title='bbox 688 1785 774 1823; x_wconf 88' lang='lat' dir='ltr'>quod</span> <span class='ocrx_word' id='word_1_206' title='bbox 799 1793 816 1813; x_wconf 89' lang='lat' dir='ltr'>a</span> <span class='ocrx_word' id='word_1_207' title='bbox 842 1783 937 1812; x_wconf 88' lang='lat' dir='ltr'>nobis</span> <span class='ocrx_word' id='word_1_208' title='bbox 957 1791 1055 1820; x_wconf 87' lang='lat' dir='ltr'>super</span> <span class='ocrx_word' id='word_1_209' title='bbox 1077 1781 1139 1810; x_wconf 89' lang='lat' dir='ltr'>hoc</span> <span class='ocrx_word' id='word_1_210' title='bbox 1160 1781 1282 1809; x_wconf 84' lang='lat' dir='ltr'>sactum</span> 
     </span>
     <span class='ocr_line' id='line_1_30' title="bbox 277 1833 1282 1880; baseline -0.012 -6"><span class='ocrx_word' id='word_1_211' title='bbox 277 1849 336 1878; x_wconf 78' lang='lat' dir='ltr'>est,</span> <span class='ocrx_word' id='word_1_212' title='bbox 360 1843 417 1872; x_wconf 84' lang='lat' dir='ltr'>ubi</span> <span class='ocrx_word' id='word_1_213' title='bbox 441 1841 593 1880; x_wconf 87' lang='lat' dir='ltr'>expedire</span> <span class='ocrx_word' id='word_1_214' title='bbox 615 1838 777 1872; x_wconf 75' lang='lat' dir='ltr'>videritis,</span> <span class='ocrx_word' id='word_1_215' title='bbox 801 1836 1020 1875; x_wconf 80' lang='lat' dir='ltr'>publicantes,</span> <span class='ocrx_word' id='word_1_216' title='bbox 1045 1834 1082 1869; x_wconf 77' lang='lat' dir='ltr'>si,</span> <span class='ocrx_word' id='word_1_217' title='bbox 1110 1833 1282 1863; x_wconf 70' lang='lat' dir='ltr'>occasione</span> 
     </span>
     <span class='ocr_line' id='line_1_31' title="bbox 278 1886 1283 1936; baseline -0.012 -10"><span class='ocrx_word' id='word_1_218' title='bbox 278 1897 382 1936; x_wconf 87' lang='lat' dir='ltr'>ipsius</span> <span class='ocrx_word' id='word_1_219' title='bbox 400 1894 575 1925; x_wconf 73' lang='lat' dir='ltr'>sententie,</span> <span class='ocrx_word' id='word_1_220' title='bbox 595 1892 707 1930; x_wconf 83' lang='lat' dir='ltr'>aliqua</span> <span class='ocrx_word' id='word_1_221' title='bbox 734 1891 773 1920; x_wconf 89' lang='lat' dir='ltr'>de</span> <span class='ocrx_word' id='word_1_222' title='bbox 798 1888 1012 1928; x_wconf 74' lang='lat' dir='ltr'>proventibus</span> <span class='ocrx_word' id='word_1_223' title='bbox 1040 1886 1283 1925; x_wconf 80' lang='lat' dir='ltr'>prebendarum</span> 
     </span>
     <span class='ocr_line' id='line_1_32' title="bbox 276 1938 1284 1979; baseline -0.012 0"><span class='ocrx_word' id='word_1_224' title='bbox 276 1958 411 1979; x_wconf 81' lang='lat' dir='ltr'>suarum</span> <span class='ocrx_word' id='word_1_225' title='bbox 437 1947 545 1977; x_wconf 87' lang='lat' dir='ltr'>ablata</span> <span class='ocrx_word' id='word_1_226' title='bbox 569 1944 767 1975; x_wconf 86' lang='lat' dir='ltr'>inveneritis</span> <span class='ocrx_word' id='word_1_227' title='bbox 788 1942 839 1972; x_wconf 93' lang='lat' dir='ltr'>vel</span> <span class='ocrx_word' id='word_1_228' title='bbox 860 1941 1037 1975; x_wconf 84' lang='lat' dir='ltr'>subtracta,</span> <span class='ocrx_word' id='word_1_229' title='bbox 1062 1939 1144 1977; x_wconf 89' lang='lat' dir='ltr'>ipsis</span> <span class='ocrx_word' id='word_1_230' title='bbox 1167 1938 1284 1969; x_wconf 78' lang='lat' dir='ltr'>exinde</span> 
     </span>
     <span class='ocr_line' id='line_1_33' title="bbox 277 1991 1282 2032; baseline -0.013 0"><span class='ocrx_word' id='word_1_231' title='bbox 277 2001 433 2032; x_wconf 70' lang='lat' dir='ltr'>satisfieri</span> <span class='ocrx_word' id='word_1_232' title='bbox 465 1999 605 2029; x_wconf 75' lang='lat' dir='ltr'>faciatis.</span> <span class='ocrx_word' id='word_1_233' title='bbox 637 1995 904 2028; x_wconf 87' lang='lat' dir='ltr'>Contradictores</span> <span class='ocrx_word' id='word_1_234' title='bbox 933 1997 992 2023; x_wconf 88' lang='lat' dir='ltr'>etc.</span> <span class='ocrx_word' id='word_1_235' title='bbox 1027 1992 1120 2029; x_wconf 82' lang='lat' dir='ltr'>Quod</span> <span class='ocrx_word' id='word_1_236' title='bbox 1156 1991 1185 2021; x_wconf 90' lang='lat' dir='ltr'>si</span> <span class='ocrx_word' id='word_1_237' title='bbox 1218 1999 1282 2020; x_wconf 90' lang='lat' dir='ltr'>non</span> 
     </span>
     <span class='ocr_line' id='line_1_34' title="bbox 278 2044 1284 2085; baseline -0.014 0"><span class='ocrx_word' id='word_1_238' title='bbox 278 2055 372 2085; x_wconf 85' lang='lat' dir='ltr'>ambo</span> <span class='ocrx_word' id='word_1_239' title='bbox 390 2058 449 2083; x_wconf 78' lang='lat' dir='ltr'>etc..</span> <span class='ocrx_word' id='word_1_240' title='bbox 469 2053 541 2081; x_wconf 81' lang='lat' dir='ltr'>Dat.</span> <span class='ocrx_word' id='word_1_241' title='bbox 561 2049 727 2084; x_wconf 79' lang='lat' dir='ltr'>Laterani,</span> <span class='ocrx_word' id='word_1_242' title='bbox 745 2049 776 2077; x_wconf 91' lang='lat' dir='ltr'>II</span> <span class='ocrx_word' id='word_1_243' title='bbox 800 2047 874 2076; x_wconf 87' lang='lat' dir='ltr'>idus</span> <span class='ocrx_word' id='word_1_244' title='bbox 898 2045 1024 2084; x_wconf 78' lang='lat' dir='ltr'>aprilis.</span> <span class='ocrx_word' id='word_1_245' title='bbox 1046 2053 1132 2074; x_wconf 87' lang='lat' dir='ltr'>anno</span> <span class='ocrx_word' id='word_1_246' title='bbox 1149 2044 1284 2081; x_wconf 85' lang='lat' dir='ltr'>quinto-</span> 
     </span>
    </p>
   </div>
   <div class='ocr_carea' id='block_1_4' title="bbox 278 2108 448 2138">
    <p class='ocr_par' dir='ltr' id='par_1_4' title="bbox 278 2108 448 2138">
     <span class='ocr_line' id='line_1_35' title="bbox 278 2108 448 2138; baseline 0 -3"><span class='ocrx_word' id='word_1_247' title='bbox 278 2108 415 2138; x_wconf 86' lang='lat' dir='ltr'>decimo.</span> <span class='ocrx_word' id='word_1_248' title='bbox 437 2120 448 2131; x_wconf 86' lang='lat'>»</span> 
     </span>
    </p>
   </div>
   <div class='ocr_carea' id='block_1_5' title="bbox 347 2297 1212 2336">
    <p class='ocr_par' dir='ltr' id='par_1_5' title="bbox 347 2297 1212 2336">
     <span class='ocr_line' id='line_1_36' title="bbox 347 2297 1212 2336; baseline -0.015 -1"><span class='ocrx_word' id='word_1_249' title='bbox 347 2306 461 2336; x_wconf 57' lang='lat'>5362</span> <span class='ocrx_word' id='word_1_250' title='bbox 857 2301 977 2330; x_wconf 77' lang='lat' dir='ltr'>Latran,</span> <span class='ocrx_word' id='word_1_251' title='bbox 995 2299 1027 2325; x_wconf 71' lang='lat'>23</span> <span class='ocrx_word' id='word_1_252' title='bbox 1044 2306 1120 2324; x_wconf 74' lang='lat' dir='ltr'>mars</span> <span class='ocrx_word' id='word_1_253' title='bbox 1134 2297 1212 2323; x_wconf 72' lang='lat'>1241.</span> 
     </span>
    </p>
   </div>
   <div class='ocr_carea' id='block_1_6' title="bbox 278 2360 1286 2593">
    <p class='ocr_par' dir='ltr' id='par_1_6' title="bbox 278 2360 1286 2593">
     <span class='ocr_line' id='line_1_37' title="bbox 315 2360 1283 2403; baseline -0.013 -7"><span class='ocrx_word' id='word_1_254' title='bbox 315 2369 459 2403; x_wconf 74' lang='lat' dir='ltr'>Episcopo</span> <span class='ocrx_word' id='word_1_255' title='bbox 485 2365 652 2397; x_wconf 83' lang='lat' dir='ltr'>Cauriensi,</span> <span class='ocrx_word' id='word_1_256' title='bbox 674 2365 756 2397; x_wconf 82' lang='lat' dir='ltr'>cujus</span> <span class='ocrx_word' id='word_1_257' title='bbox 781 2362 922 2389; x_wconf 80' lang='lat' dir='ltr'>dioecesis</span> <span class='ocrx_word' id='word_1_258' title='bbox 946 2360 1030 2387; x_wconf 83' lang='lat' dir='ltr'>terris</span> <span class='ocrx_word' id='word_1_259' title='bbox 1056 2360 1283 2386; x_wconf 73' lang='lat' dir='ltr'>Sarracenorum</span> 
     </span>
     <span class='ocr_line' id='line_1_38' title="bbox 278 2407 1286 2449; baseline -0.011 -6"><span class='ocrx_word' id='word_1_260' title='bbox 278 2422 337 2444; x_wconf 74' lang='lat' dir='ltr'>erat</span> <span class='ocrx_word' id='word_1_261' title='bbox 362 2417 516 2449; x_wconf 67' lang='lat' dir='ltr'>contigua,</span> <span class='ocrx_word' id='word_1_262' title='bbox 545 2413 680 2441; x_wconf 79' lang='lat' dir='ltr'>concedit</span> <span class='ocrx_word' id='word_1_263' title='bbox 704 2415 735 2438; x_wconf 89' lang='lat' dir='ltr'>ut</span> <span class='ocrx_word' id='word_1_264' title='bbox 761 2411 898 2438; x_wconf 84' lang='lat' dir='ltr'>omnibus</span> <span class='ocrx_word' id='word_1_265' title='bbox 919 2417 986 2435; x_wconf 76' lang='lat' dir='ltr'>vere</span> <span class='ocrx_word' id='word_1_266' title='bbox 1014 2407 1235 2442; x_wconf 80' lang='lat' dir='ltr'>paenitentibus</span> <span class='ocrx_word' id='word_1_267' title='bbox 1258 2409 1286 2432; x_wconf 86' lang='lat' dir='ltr'>et</span> 
     </span>
     <span class='ocr_line' id='line_1_39' title="bbox 278 2457 1286 2498; baseline -0.013 -6"><span class='ocrx_word' id='word_1_268' title='bbox 278 2465 428 2496; x_wconf 69' lang='lat' dir='ltr'>confessis,</span> <span class='ocrx_word' id='word_1_269' title='bbox 446 2464 495 2498; x_wconf 84' lang='lat' dir='ltr'>qui</span> <span class='ocrx_word' id='word_1_270' title='bbox 512 2472 577 2489; x_wconf 84' lang='lat' dir='ltr'>cum</span> <span class='ocrx_word' id='word_1_271' title='bbox 594 2463 655 2496; x_wconf 85' lang='lat' dir='ltr'>ipso</span> <span class='ocrx_word' id='word_1_272' title='bbox 672 2461 806 2495; x_wconf 82' lang='lat' dir='ltr'>episcopo</span> <span class='ocrx_word' id='word_1_273' title='bbox 821 2459 961 2486; x_wconf 81' lang='lat' dir='ltr'>adversus</span> <span class='ocrx_word' id='word_1_274' title='bbox 978 2457 1093 2483; x_wconf 86' lang='lat' dir='ltr'>eosdem</span> <span class='ocrx_word' id='word_1_275' title='bbox 1110 2457 1286 2482; x_wconf 70' lang='lat' dir='ltr'>Sarracenos</span> 
     </span>
     <span class='ocr_line' id='line_1_40' title="bbox 280 2503 1285 2548; baseline -0.012 -8"><span class='ocrx_word' id='word_1_276' title='bbox 280 2514 471 2548; x_wconf 75' lang='lat' dir='ltr'>personaliter</span> <span class='ocrx_word' id='word_1_277' title='bbox 496 2511 657 2546; x_wconf 61' lang='lat' dir='ltr'>pugnarint</span> <span class='ocrx_word' id='word_1_278' title='bbox 677 2512 726 2535; x_wconf 85' lang='lat' dir='ltr'>aut</span> <span class='ocrx_word' id='word_1_279' title='bbox 753 2510 918 2542; x_wconf 72' lang='lat' dir='ltr'>pugnantes</span> <span class='ocrx_word' id='word_1_280' title='bbox 942 2505 1079 2539; x_wconf 74' lang='lat' dir='ltr'>expensis</span> <span class='ocrx_word' id='word_1_281' title='bbox 1101 2503 1285 2536; x_wconf 78' lang='lat' dir='ltr'>adjuvarint,</span> 
     </span>
     <span class='ocr_line' id='line_1_41' title="bbox 279 2553 1286 2593; baseline -0.013 -3"><span class='ocrx_word' id='word_1_282' title='bbox 279 2564 366 2591; x_wconf 78' lang='lat' dir='ltr'>unius</span> <span class='ocrx_word' id='word_1_283' title='bbox 383 2562 453 2589; x_wconf 86' lang='lat' dir='ltr'>anni</span> <span class='ocrx_word' id='word_1_284' title='bbox 472 2559 702 2593; x_wconf 77' lang='lat' dir='ltr'>indulgentiam,</span> <span class='ocrx_word' id='word_1_285' title='bbox 721 2557 765 2583; x_wconf 87' lang='grc'>1115</span> <span class='ocrx_word' id='word_1_286' title='bbox 781 2565 849 2583; x_wconf 86' lang='lat' dir='ltr'>vero</span> <span class='ocrx_word' id='word_1_287' title='bbox 864 2555 913 2589; x_wconf 88' lang='lat' dir='ltr'>qui</span> <span class='ocrx_word' id='word_1_288' title='bbox 930 2555 960 2582; x_wconf 89' lang='lat' dir='ltr'>in</span> <span class='ocrx_word' id='word_1_289' title='bbox 976 2555 1029 2580; x_wconf 84' lang='lat' dir='ltr'>hoc</span> <span class='ocrx_word' id='word_1_290' title='bbox 1046 2553 1142 2579; x_wconf 86' lang='lat' dir='ltr'>labore</span> <span class='ocrx_word' id='word_1_291' title='bbox 1158 2553 1286 2578; x_wconf 83' lang='lat' dir='ltr'>decesse-</span> 
     </span>
    </p>
   </div>
   <div class='ocr_carea' id='block_1_7' title="bbox 279 2678 1287 2981">
    <p class='ocr_par' dir='ltr' id='par_1_7' title="bbox 279 2678 1286 2848">
     <span class='ocr_line' id='line_1_42' title="bbox 312 2678 1286 2717; baseline -0.012 -4"><span class='ocrx_word' id='word_1_292' title='bbox 312 2691 331 2713; x_wconf 87' lang='lat'>1.</span> <span class='ocrx_word' id='word_1_293' title='bbox 357 2689 392 2712; x_wconf 88' lang='lat' dir='ltr'>Le</span> <span class='ocrx_word' id='word_1_294' title='bbox 419 2689 504 2711; x_wconf 75' lang='lat' dir='ltr'>meme</span> <span class='ocrx_word' id='word_1_295' title='bbox 527 2692 707 2717; x_wconf 79' lang='lat' dir='ltr'>personnage,</span> <span class='ocrx_word' id='word_1_296' title='bbox 733 2685 809 2708; x_wconf 84' lang='lat' dir='ltr'>selon</span> <span class='ocrx_word' id='word_1_297' title='bbox 836 2686 911 2706; x_wconf 86' lang='lat' dir='ltr'>toute</span> <span class='ocrx_word' id='word_1_298' title='bbox 939 2681 1164 2709; x_wconf 74' lang='lat' dir='ltr'>vraisemfflance,</span> <span class='ocrx_word' id='word_1_299' title='bbox 1187 2685 1240 2709; x_wconf 89' lang='lat' dir='ltr'>que</span> <span class='ocrx_word' id='word_1_300' title='bbox 1262 2678 1286 2701; x_wconf 82' lang='lat' dir='ltr'>le</span> 
     </span>
     <span class='ocr_line' id='line_1_43' title="bbox 279 2723 1285 2761; baseline -0.012 -4"><span class='ocrx_word' id='word_1_301' title='bbox 279 2737 367 2758; x_wconf 78' lang='lat' dir='ltr'>Guido</span> <span class='ocrx_word' id='word_1_302' title='bbox 381 2735 413 2756; x_wconf 79' lang='lat' dir='ltr'>de</span> <span class='ocrx_word' id='word_1_303' title='bbox 430 2734 559 2761; x_wconf 70' lang='lat' dir='ltr'>Puyz&#39;aco,</span> <span class='ocrx_word' id='word_1_304' title='bbox 576 2731 732 2753; x_wconf 77' lang='lat' dir='ltr'>canonicus</span> <span class='ocrx_word' id='word_1_305' title='bbox 747 2728 992 2752; x_wconf 73' lang='lat' dir='ltr'>cathalaunensis,</span> <span class='ocrx_word' id='word_1_306' title='bbox 1006 2725 1039 2748; x_wconf 83' lang='lat' dir='ltr'>de</span> <span class='ocrx_word' id='word_1_307' title='bbox 1053 2725 1077 2748; x_wconf 83' lang='lat' dir='ltr'>la</span> <span class='ocrx_word' id='word_1_308' title='bbox 1092 2723 1168 2754; x_wconf 65' lang='lat' dir='ltr'>piece</span> <span class='ocrx_word' id='word_1_309' title='bbox 1180 2723 1285 2751; x_wconf 76' lang='lat' dir='ltr'>4119et,</span> 
     </span>
     <span class='ocr_line' id='line_1_44' title="bbox 280 2767 1285 2810; baseline -0.012 -9"><span class='ocrx_word' id='word_1_310' title='bbox 280 2780 340 2810; x_wconf 84' lang='lat' dir='ltr'>plus</span> <span class='ocrx_word' id='word_1_311' title='bbox 356 2778 421 2803; x_wconf 82' lang='grc'>10111,</span> <span class='ocrx_word' id='word_1_312' title='bbox 439 2776 471 2798; x_wconf 82' lang='lat' dir='ltr'>de</span> <span class='ocrx_word' id='word_1_313' title='bbox 488 2777 511 2798; x_wconf 85' lang='lat' dir='ltr'>la</span> <span class='ocrx_word' id='word_1_314' title='bbox 528 2775 604 2805; x_wconf 71' lang='lat' dir='ltr'>piece</span> <span class='ocrx_word' id='word_1_315' title='bbox 621 2774 679 2798; x_wconf 73' lang='lat'>5974</span> <span class='ocrx_word' id='word_1_316' title='bbox 697 2775 865 2801; x_wconf 70' lang='lat' dir='ltr'>(Ponjeium,</span> <span class='ocrx_word' id='word_1_317' title='bbox 882 2772 1047 2800; x_wconf 73' lang='lat' dir='ltr'>Puyiacum,</span> <span class='ocrx_word' id='word_1_318' title='bbox 1065 2769 1169 2798; x_wconf 79' lang='lat' dir='ltr'>Pougy,</span> <span class='ocrx_word' id='word_1_319' title='bbox 1187 2767 1285 2797; x_wconf 67' lang='lat' dir='ltr'>depar-</span> 
     </span>
     <span class='ocr_line' id='line_1_45' title="bbox 280 2820 564 2848; baseline -0.014 -2"><span class='ocrx_word' id='word_1_320' title='bbox 280 2825 382 2846; x_wconf 86' lang='lat' dir='ltr'>tement</span> <span class='ocrx_word' id='word_1_321' title='bbox 398 2821 431 2843; x_wconf 86' lang='lat' dir='ltr'>de</span> <span class='ocrx_word' id='word_1_322' title='bbox 449 2820 564 2848; x_wconf 74' lang='lat' dir='ltr'>l&#39;Aube&#39;).</span> 
     </span>
    </p>

    <p class='ocr_par' dir='ltr' id='par_1_8' title="bbox 280 2857 1287 2935">
     <span class='ocr_line' id='line_1_46' title="bbox 310 2857 1287 2894; baseline -0.012 -5"><span class='ocrx_word' id='word_1_323' title='bbox 310 2866 332 2889; x_wconf 65' lang='lat' dir='ltr'>Q,</span> <span class='ocrx_word' id='word_1_324' title='bbox 352 2866 389 2889; x_wconf 59' lang='lat' dir='ltr'>(je</span> <span class='ocrx_word' id='word_1_325' title='bbox 409 2870 578 2894; x_wconf 77' lang='lat' dir='ltr'>personnage</span> <span class='ocrx_word' id='word_1_326' title='bbox 601 2865 641 2885; x_wconf 86' lang='lat' dir='ltr'>est</span> <span class='ocrx_word' id='word_1_327' title='bbox 664 2868 726 2884; x_wconf 78' lang='lat' dir='ltr'>sans</span> <span class='ocrx_word' id='word_1_328' title='bbox 746 2861 829 2883; x_wconf 84' lang='lat' dir='ltr'>doute</span> <span class='ocrx_word' id='word_1_329' title='bbox 845 2860 869 2882; x_wconf 86' lang='lat' dir='ltr'>le</span> <span class='ocrx_word' id='word_1_330' title='bbox 886 2860 975 2882; x_wconf 79' lang='lat' dir='ltr'>Guido</span> <span class='ocrx_word' id='word_1_331' title='bbox 993 2859 1026 2880; x_wconf 76' lang='lat' dir='ltr'>de</span> <span class='ocrx_word' id='word_1_332' title='bbox 1050 2858 1225 2885; x_wconf 64' lang='lat' dir='ltr'>l&#39;eridopera,</span> <span class='ocrx_word' id='word_1_333' title='bbox 1241 2857 1287 2878; x_wconf 79' lang='lat' dir='ltr'>Ca—</span> 
     </span>
     <span class='ocr_line' id='line_1_47' title="bbox 280 2901 1118 2935; baseline -0.012 -2"><span class='ocrx_word' id='word_1_334' title='bbox 280 2909 475 2934; x_wconf 72' lang='lat' dir='ltr'>thalaunensis</span> <span class='ocrx_word' id='word_1_335' title='bbox 489 2908 654 2932; x_wconf 74' lang='lat' dir='ltr'>canonicus,</span> <span class='ocrx_word' id='word_1_336' title='bbox 671 2905 716 2935; x_wconf 89' lang='lat' dir='ltr'>qui</span> <span class='ocrx_word' id='word_1_337' title='bbox 734 2905 819 2935; x_wconf 80' lang='lat' dir='ltr'>figure</span> <span class='ocrx_word' id='word_1_338' title='bbox 834 2903 901 2926; x_wconf 85' lang='lat' dir='ltr'>dans</span> <span class='ocrx_word' id='word_1_339' title='bbox 916 2903 941 2925; x_wconf 78' lang='lat' dir='ltr'>la</span> <span class='ocrx_word' id='word_1_340' title='bbox 957 2901 1032 2932; x_wconf 71' lang='lat' dir='ltr'>piece</span> <span class='ocrx_word' id='word_1_341' title='bbox 1049 2901 1118 2924; x_wconf 66' lang='lat'>4506.</span> 
     </span>
    </p>

    <p class='ocr_par' dir='ltr' id='par_1_9' title="bbox 311 2952 584 2981">
     <span class='ocr_line' id='line_1_48' title="bbox 311 2952 584 2981; baseline -0.018 -3"><span class='ocrx_word' id='word_1_342' title='bbox 311 2955 332 2978; x_wconf 84' lang='lat'>3.</span> <span class='ocrx_word' id='word_1_343' title='bbox 352 2956 399 2977; x_wconf 72' lang='lat' dir='ltr'>Ms.</span> <span class='ocrx_word' id='word_1_344' title='bbox 413 2960 421 2975; x_wconf 92' lang='lat'><em>:</em></span> <span class='ocrx_word' id='word_1_345' title='bbox 440 2952 584 2981; x_wconf 80' lang='lat' dir='ltr'>Eligmaco.</span> 
     </span>
    </p>
   </div>
   <div class='ocr_carea' id='block_1_8' title="bbox 1358 344 2363 427">
    <p class='ocr_par' dir='ltr' id='par_1_10' title="bbox 1358 344 2363 427">
     <span class='ocr_line' id='line_1_49' title="bbox 1358 344 2361 381; baseline 0.003 -11"><span class='ocrx_word' id='word_1_346' title='bbox 1358 344 1428 373; x_wconf 75' lang='lat' dir='ltr'>rint,</span> <span class='ocrx_word' id='word_1_347' title='bbox 1445 345 1578 372; x_wconf 83' lang='lat' dir='ltr'>omnium</span> <span class='ocrx_word' id='word_1_348' title='bbox 1597 350 1781 379; x_wconf 81' lang='lat' dir='ltr'>peccatorum</span> <span class='ocrx_word' id='word_1_349' title='bbox 1799 355 1915 373; x_wconf 86' lang='lat' dir='ltr'>suorum</span> <span class='ocrx_word' id='word_1_350' title='bbox 1933 347 2051 373; x_wconf 82' lang='lat' dir='ltr'>venian]</span> <span class='ocrx_word' id='word_1_351' title='bbox 2069 348 2167 374; x_wconf 85' lang='lat' dir='ltr'>valeat</span> <span class='ocrx_word' id='word_1_352' title='bbox 2183 347 2312 381; x_wconf 79' lang='lat' dir='ltr'>elargiri.</span> <span class='ocrx_word' id='word_1_353' title='bbox 2330 361 2361 365; x_wconf 90' lang='lat'>—-</span> 
     </span>
     <span class='ocr_line' id='line_1_50' title="bbox 1358 393 2363 427; baseline 0.003 -9"><span class='ocrx_word' id='word_1_354' title='bbox 1358 393 1443 423; x_wconf 60' lang='lat' dir='ltr'>(Rae.</span> <span class='ocrx_word' id='word_1_355' title='bbox 1461 393 1505 424; x_wconf 75' lang='lat'>20,</span> <span class='ocrx_word' id='word_1_356' title='bbox 1524 395 1542 419; x_wconf 84' lang='lat' dir='ltr'>f.</span> <span class='ocrx_word' id='word_1_357' title='bbox 1558 393 1591 419; x_wconf 84' lang='lat'>65</span> <span class='ocrx_word' id='word_1_358' title='bbox 1603 398 1646 425; x_wconf 78' lang='lat' dir='ltr'>v⁴&#39;;</span> <span class='ocrx_word' id='word_1_359' title='bbox 1664 403 1733 421; x_wconf 84' lang='lat' dir='ltr'>ann.</span> <span class='ocrx_word' id='word_1_360' title='bbox 1752 395 1820 427; x_wconf 79' lang='lat' dir='ltr'>XV,</span> <span class='ocrx_word' id='word_1_361' title='bbox 1837 404 1861 421; x_wconf 80' lang='lat' dir='ltr'>c.</span> <span class='ocrx_word' id='word_1_362' title='bbox 1880 395 1932 426; x_wconf 86' lang='lat'>15;</span> <span class='ocrx_word' id='word_1_363' title='bbox 1950 410 1981 412; x_wconf 97' lang='lat'><strong>—</strong></span> <span class='ocrx_word' id='word_1_364' title='bbox 1998 395 2130 422; x_wconf 62' lang='lat' dir='ltr'>Monimo</span> <span class='ocrx_word' id='word_1_365' title='bbox 2147 395 2226 427; x_wconf 87' lang='lat'>1193,</span> <span class='ocrx_word' id='word_1_366' title='bbox 2245 396 2264 421; x_wconf 80' lang='lat' dir='ltr'>f.</span> <span class='ocrx_word' id='word_1_367' title='bbox 2286 395 2363 426; x_wconf 75' lang='lat'>257.)</span> 
     </span>
    </p>
   </div>
   <div class='ocr_carea' id='block_1_9' title="bbox 1357 501 2371 1330">
    <p class='ocr_par' dir='ltr' id='par_1_11' title="bbox 1357 501 2371 1330">
     <span class='ocr_line' id='line_1_51' title="bbox 1401 501 2363 539; baseline 0.005 -13"><span class='ocrx_word' id='word_1_368' title='bbox 1401 511 1413 525; x_wconf 70' lang='grc' dir='ltr'><strong>α</strong></span> <span class='ocrx_word' id='word_1_369' title='bbox 1430 522 1451 528; x_wconf 89' lang='grc'>..</span> <span class='ocrx_word' id='word_1_370' title='bbox 1469 501 1602 538; x_wconf 70' lang='lat' dir='ltr'>episcopo</span> <span class='ocrx_word' id='word_1_371' title='bbox 1619 502 1791 530; x_wconf 72' lang='lat' dir='ltr'>Canrieasi.</span> <span class='ocrx_word' id='word_1_372' title='bbox 1816 501 1860 530; x_wconf 85' lang='lat' dir='ltr'>Ex</span> <span class='ocrx_word' id='word_1_373' title='bbox 1883 501 2031 539; x_wconf 79' lang='lat' dir='ltr'>injuncte</span> <span class='ocrx_word' id='word_1_374' title='bbox 2050 501 2144 531; x_wconf 87' lang='lat' dir='ltr'>nohis</span> <span class='ocrx_word' id='word_1_375' title='bbox 2164 519 2213 530; x_wconf 79' lang='lat'>—.</span> <span class='ocrx_word' id='word_1_376' title='bbox 2232 502 2363 531; x_wconf 82' lang='lat' dir='ltr'>Gratias</span> 
     </span>
     <span class='ocr_line' id='line_1_52' title="bbox 1357 551 2365 592; baseline 0.003 -12"><span class='ocrx_word' id='word_1_377' title='bbox 1357 551 1460 589; x_wconf 75' lang='lat' dir='ltr'>igitur</span> <span class='ocrx_word' id='word_1_378' title='bbox 1479 553 1673 583; x_wconf 77' lang='lat' dir='ltr'>exhibemus</span> <span class='ocrx_word' id='word_1_379' title='bbox 1690 554 1872 591; x_wconf 77' lang='lat' dir='ltr'>gratiarum</span> <span class='ocrx_word' id='word_1_380' title='bbox 1889 554 2037 583; x_wconf 87' lang='lat' dir='ltr'>omnium</span> <span class='ocrx_word' id='word_1_381' title='bbox 2050 553 2209 591; x_wconf 77' lang='lat' dir='ltr'>largitori,</span> <span class='ocrx_word' id='word_1_382' title='bbox 2226 554 2294 592; x_wconf 71' lang='lat' dir='ltr'>qui,</span> <span class='ocrx_word' id='word_1_383' title='bbox 2307 563 2365 592; x_wconf 82' lang='lat' dir='ltr'>per</span> 
     </span>
     <span class='ocr_line' id='line_1_53' title="bbox 1357 604 2364 642; baseline 0.003 -10"><span class='ocrx_word' id='word_1_384' title='bbox 1357 604 1626 642; x_wconf 80' lang='lat' dir='ltr'>predecessorum</span> <span class='ocrx_word' id='word_1_385' title='bbox 1664 611 1809 641; x_wconf 81' lang='lat' dir='ltr'>tuorum,</span> <span class='ocrx_word' id='word_1_386' title='bbox 1849 611 1940 636; x_wconf 87' lang='lat' dir='ltr'>tuum</span> <span class='ocrx_word' id='word_1_387' title='bbox 1970 615 2006 636; x_wconf 83' lang='lat' dir='ltr'>ac</span> <span class='ocrx_word' id='word_1_388' title='bbox 2039 606 2181 636; x_wconf 83' lang='lat' dir='ltr'>aliorum</span> <span class='ocrx_word' id='word_1_389' title='bbox 2216 607 2364 636; x_wconf 87' lang='lat' dir='ltr'>fidelium</span> 
     </span>
     <span class='ocr_line' id='line_1_54' title="bbox 1358 656 2365 698; baseline 0.003 -13"><span class='ocrx_word' id='word_1_390' title='bbox 1358 656 1483 686; x_wconf 83' lang='lat' dir='ltr'>Christi</span> <span class='ocrx_word' id='word_1_391' title='bbox 1502 658 1725 688; x_wconf 82' lang='lat' dir='ltr'>ministerium</span> <span class='ocrx_word' id='word_1_392' title='bbox 1749 660 1913 697; x_wconf 85' lang='lat' dir='ltr'>propriam</span> <span class='ocrx_word' id='word_1_393' title='bbox 1934 669 2067 689; x_wconf 85' lang='lat' dir='ltr'>causam</span> <span class='ocrx_word' id='word_1_394' title='bbox 2094 668 2223 697; x_wconf 83' lang='lat' dir='ltr'>gerens⁷</span> <span class='ocrx_word' id='word_1_395' title='bbox 2249 668 2365 698; x_wconf 89' lang='lat' dir='ltr'>quam-</span> 
     </span>
     <span class='ocr_line' id='line_1_55' title="bbox 1359 709 2365 750; baseline 0.003 -12"><span class='ocrx_word' id='word_1_396' title='bbox 1359 709 1470 747; x_wconf 83' lang='lat' dir='ltr'>plures</span> <span class='ocrx_word' id='word_1_397' title='bbox 1499 715 1603 740; x_wconf 81' lang='lat' dir='ltr'>terras</span> <span class='ocrx_word' id='word_1_398' title='bbox 1627 712 1682 741; x_wconf 88' lang='lat' dir='ltr'>diu</span> <span class='ocrx_word' id='word_1_399' title='bbox 1704 712 1744 741; x_wconf 84' lang='lat' dir='ltr'>ab</span> <span class='ocrx_word' id='word_1_400' title='bbox 1766 712 1878 750; x_wconf 85' lang='lat' dir='ltr'>impiis</span> <span class='ocrx_word' id='word_1_401' title='bbox 1898 712 2061 749; x_wconf 82' lang='lat' dir='ltr'>Agarenis</span> <span class='ocrx_word' id='word_1_402' title='bbox 2084 712 2234 742; x_wconf 86' lang='lat' dir='ltr'>detentas</span> <span class='ocrx_word' id='word_1_403' title='bbox 2260 712 2365 741; x_wconf 83' lang='lat' dir='ltr'>cultui</span> 
     </span>
     <span class='ocr_line' id='line_1_56' title="bbox 1359 763 2366 803; baseline 0.003 -12"><span class='ocrx_word' id='word_1_404' title='bbox 1359 763 1506 792; x_wconf 86' lang='lat' dir='ltr'>restituit</span> <span class='ocrx_word' id='word_1_405' title='bbox 1523 763 1726 797; x_wconf 81' lang='lat' dir='ltr'>Christiano,</span> <span class='ocrx_word' id='word_1_406' title='bbox 1749 764 1842 799; x_wconf 76' lang='lat' dir='ltr'>alias,</span> <span class='ocrx_word' id='word_1_407' title='bbox 1870 765 1955 794; x_wconf 86' lang='lat' dir='ltr'>sicut</span> <span class='ocrx_word' id='word_1_408' title='bbox 1977 764 2174 794; x_wconf 81' lang='lat' dir='ltr'>confidimus</span> <span class='ocrx_word' id='word_1_409' title='bbox 2198 769 2228 795; x_wconf 87' lang='lat' dir='ltr'>et</span> <span class='ocrx_word' id='word_1_410' title='bbox 2254 774 2366 803; x_wconf 88' lang='lat' dir='ltr'>spera-</span> 
     </span>
     <span class='ocr_line' id='line_1_57' title="bbox 1360 815 2366 855; baseline 0.003 -11"><span class='ocrx_word' id='word_1_411' title='bbox 1360 824 1443 845; x_wconf 82' lang='lat' dir='ltr'>mus.</span> <span class='ocrx_word' id='word_1_412' title='bbox 1464 815 1503 844; x_wconf 90' lang='lat' dir='ltr'>ad</span> <span class='ocrx_word' id='word_1_413' title='bbox 1526 815 1662 853; x_wconf 73' lang='lat' dir='ltr'>gloriam</span> <span class='ocrx_word' id='word_1_414' title='bbox 1679 817 1730 846; x_wconf 89' lang='lat' dir='ltr'>sui</span> <span class='ocrx_word' id='word_1_415' title='bbox 1746 817 1891 846; x_wconf 78' lang='lat' dir='ltr'>nominis</span> <span class='ocrx_word' id='word_1_416' title='bbox 1908 821 1939 847; x_wconf 84' lang='lat' dir='ltr'>et.</span> <span class='ocrx_word' id='word_1_417' title='bbox 1956 817 2183 847; x_wconf 79' lang='lat' dir='ltr'>dilatationem</span> <span class='ocrx_word' id='word_1_418' title='bbox 2201 817 2366 855; x_wconf 81' lang='lat' dir='ltr'>generalis</span> 
     </span>
     <span class='ocr_line' id='line_1_58' title="bbox 1361 868 2367 906; baseline 0.003 -9"><span class='ocrx_word' id='word_1_419' title='bbox 1361 868 1508 899; x_wconf 77' lang='lat' dir='ltr'>Ecclesie</span> <span class='ocrx_word' id='word_1_420' title='bbox 1525 869 1718 906; x_wconf 76' lang='lat' dir='ltr'>largiturus.</span> <span class='ocrx_word' id='word_1_421' title='bbox 1737 870 1823 906; x_wconf 78' lang='lat' dir='ltr'>Quia</span> <span class='ocrx_word' id='word_1_422' title='bbox 1841 879 1918 899; x_wconf 92' lang='lat' dir='ltr'>vero</span> <span class='ocrx_word' id='word_1_423' title='bbox 1934 870 2073 900; x_wconf 87' lang='lat' dir='ltr'>interest</span> <span class='ocrx_word' id='word_1_424' title='bbox 2090 874 2202 899; x_wconf 86' lang='lat' dir='ltr'>nostra</span> <span class='ocrx_word' id='word_1_425' title='bbox 2220 875 2255 899; x_wconf 93' lang='lat' dir='ltr'>ut</span> <span class='ocrx_word' id='word_1_426' title='bbox 2270 878 2367 900; x_wconf 83' lang='lat' dir='ltr'>omne</span> 
     </span>
     <span class='ocr_line' id='line_1_59' title="bbox 1360 921 2368 961; baseline 0.002 -12"><span class='ocrx_word' id='word_1_427' title='bbox 1360 921 1445 959; x_wconf 85' lang='lat' dir='ltr'>quod</span> <span class='ocrx_word' id='word_1_428' title='bbox 1467 921 1501 950; x_wconf 89' lang='lat' dir='ltr'>in</span> <span class='ocrx_word' id='word_1_429' title='bbox 1521 921 1581 950; x_wconf 89' lang='lat' dir='ltr'>hoc</span> <span class='ocrx_word' id='word_1_430' title='bbox 1605 931 1792 959; x_wconf 84' lang='lat' dir='ltr'>possumus,</span> <span class='ocrx_word' id='word_1_431' title='bbox 1811 922 1988 952; x_wconf 85' lang='lat' dir='ltr'>consilium</span> <span class='ocrx_word' id='word_1_432' title='bbox 2008 923 2250 961; x_wconf 81' lang='lat' dir='ltr'>impendamus.</span> <span class='ocrx_word' id='word_1_433' title='bbox 2269 921 2368 952; x_wconf 89' lang='lat' dir='ltr'>intel-</span> 
     </span>
     <span class='ocr_line' id='line_1_60' title="bbox 1361 973 2368 1014; baseline 0.002 -12"><span class='ocrx_word' id='word_1_434' title='bbox 1361 973 1453 1007; x_wconf 78' lang='lat' dir='ltr'>lecto,</span> <span class='ocrx_word' id='word_1_435' title='bbox 1475 979 1504 1004; x_wconf 90' lang='lat' dir='ltr'>te</span> <span class='ocrx_word' id='word_1_436' title='bbox 1525 974 1619 1003; x_wconf 89' lang='lat' dir='ltr'>nobis</span> <span class='ocrx_word' id='word_1_437' title='bbox 1640 974 1813 1004; x_wconf 87' lang='lat' dir='ltr'>humiliter</span> <span class='ocrx_word' id='word_1_438' title='bbox 1832 980 2025 1013; x_wconf 74' lang='lat' dir='ltr'>exponente,</span> <span class='ocrx_word' id='word_1_439' title='bbox 2051 976 2137 1014; x_wconf 87' lang='lat' dir='ltr'>quod</span> <span class='ocrx_word' id='word_1_440' title='bbox 2160 976 2368 1013; x_wconf 79' lang='lat' dir='ltr'>episcopatus</span> 
     </span>
     <span class='ocr_line' id='line_1_61' title="bbox 1362 1026 2367 1067; baseline 0.001 -11"><span class='ocrx_word' id='word_1_441' title='bbox 1362 1032 1437 1056; x_wconf 81' lang='lat' dir='ltr'>tuus</span> <span class='ocrx_word' id='word_1_442' title='bbox 1456 1026 1552 1056; x_wconf 84' lang='lat' dir='ltr'>terris</span> <span class='ocrx_word' id='word_1_443' title='bbox 1574 1027 1833 1057; x_wconf 85' lang='lat' dir='ltr'>Sarracenorum</span> <span class='ocrx_word' id='word_1_444' title='bbox 1856 1028 1898 1057; x_wconf 86' lang='lat' dir='ltr'>sit</span> <span class='ocrx_word' id='word_1_445' title='bbox 1917 1029 2093 1065; x_wconf 79' lang='lat' dir='ltr'>contiguus</span> <span class='ocrx_word' id='word_1_446' title='bbox 2111 1033 2141 1058; x_wconf 92' lang='lat' dir='ltr'>et</span> <span class='ocrx_word' id='word_1_447' title='bbox 2160 1029 2367 1067; x_wconf 79' lang='lat' dir='ltr'>conjunctus,</span> 
     </span>
     <span class='ocr_line' id='line_1_62' title="bbox 1363 1079 2369 1118; baseline 0.001 -10"><span class='ocrx_word' id='word_1_448' title='bbox 1363 1089 1398 1109; x_wconf 86' lang='lat' dir='ltr'>ac</span> <span class='ocrx_word' id='word_1_449' title='bbox 1415 1088 1472 1117; x_wconf 90' lang='lat' dir='ltr'>per</span> <span class='ocrx_word' id='word_1_450' title='bbox 1488 1079 1560 1114; x_wconf 65' lang='lat' dir='ltr'>hoc.</span> <span class='ocrx_word' id='word_1_451' title='bbox 1579 1089 1651 1109; x_wconf 83' lang='lat' dir='ltr'>cum</span> <span class='ocrx_word' id='word_1_452' title='bbox 1668 1080 1862 1118; x_wconf 84' lang='lat' dir='ltr'>frequenter</span> <span class='ocrx_word' id='word_1_453' title='bbox 1878 1081 2055 1110; x_wconf 81' lang='lat' dir='ltr'>invadatur</span> <span class='ocrx_word' id='word_1_454' title='bbox 2077 1086 2108 1111; x_wconf 84' lang='lat' dir='ltr'>et</span> <span class='ocrx_word' id='word_1_455' title='bbox 2124 1081 2312 1111; x_wconf 81' lang='lat' dir='ltr'>devastetur</span> <span class='ocrx_word' id='word_1_456' title='bbox 2329 1081 2369 1110; x_wconf 88' lang='lat' dir='ltr'>ab</span> 
     </span>
     <span class='ocr_line' id='line_1_63' title="bbox 1363 1133 2370 1171; baseline 0.002 -10"><span class='ocrx_word' id='word_1_457' title='bbox 1363 1133 1422 1166; x_wconf 80' lang='lat' dir='ltr'>eis,</span> <span class='ocrx_word' id='word_1_458' title='bbox 1453 1137 1481 1162; x_wconf 87' lang='lat' dir='ltr'>te</span> <span class='ocrx_word' id='word_1_459' title='bbox 1507 1137 1655 1170; x_wconf 85' lang='lat' dir='ltr'>oporteat</span> <span class='ocrx_word' id='word_1_460' title='bbox 1682 1133 1855 1163; x_wconf 84' lang='lat' dir='ltr'>conatibus</span> <span class='ocrx_word' id='word_1_461' title='bbox 1880 1133 2028 1171; x_wconf 85' lang='lat' dir='ltr'>ipsorum</span> <span class='ocrx_word' id='word_1_462' title='bbox 2052 1134 2220 1168; x_wconf 74' lang='lat' dir='ltr'>resistere,</span> <span class='ocrx_word' id='word_1_463' title='bbox 2242 1143 2278 1163; x_wconf 86' lang='lat' dir='ltr'>ac</span> <span class='ocrx_word' id='word_1_464' title='bbox 2300 1134 2370 1163; x_wconf 82' lang='lat' dir='ltr'>loca</span> 
     </span>
     <span class='ocr_line' id='line_1_64' title="bbox 1363 1185 2369 1224; baseline 0.002 -10"><span class='ocrx_word' id='word_1_465' title='bbox 1363 1194 1425 1224; x_wconf 84' lang='lat' dir='ltr'>que</span> <span class='ocrx_word' id='word_1_466' title='bbox 1442 1185 1601 1221; x_wconf 80' lang='lat' dir='ltr'>detinent,</span> <span class='ocrx_word' id='word_1_467' title='bbox 1623 1186 1752 1215; x_wconf 84' lang='lat' dir='ltr'>labores</span> <span class='ocrx_word' id='word_1_468' title='bbox 1774 1186 1901 1224; x_wconf 84' lang='lat' dir='ltr'>eripere</span> <span class='ocrx_word' id='word_1_469' title='bbox 1918 1186 1956 1216; x_wconf 90' lang='lat' dir='ltr'>de</span> <span class='ocrx_word' id='word_1_470' title='bbox 1980 1187 2134 1216; x_wconf 84' lang='lat' dir='ltr'>manibus</span> <span class='ocrx_word' id='word_1_471' title='bbox 2153 1187 2343 1217; x_wconf 88' lang='lat' dir='ltr'>eorumdem</span> <span class='ocrx_word' id='word_1_472' title='bbox 2361 1196 2369 1216; x_wconf 70' lang='grc' dir='ltr'>ε</span> 
     </span>
     <span class='ocr_line' id='line_1_65' title="bbox 1363 1238 2371 1276; baseline 0.002 -9"><span class='ocrx_word' id='word_1_473' title='bbox 1363 1247 1434 1273; x_wconf 83' lang='grc'>1105,</span> <span class='ocrx_word' id='word_1_474' title='bbox 1455 1239 1520 1268; x_wconf 83' lang='grc'>11115</span> <span class='ocrx_word' id='word_1_475' title='bbox 1538 1238 1838 1276; x_wconf 79' lang='lat' dir='ltr'>supplicationibus</span> <span class='ocrx_word' id='word_1_476' title='bbox 1857 1239 2022 1274; x_wconf 83' lang='lat' dir='ltr'>inclinati⁷</span> <span class='ocrx_word' id='word_1_477' title='bbox 2048 1244 2082 1269; x_wconf 91' lang='lat' dir='ltr'>ut</span> <span class='ocrx_word' id='word_1_478' title='bbox 2106 1239 2220 1269; x_wconf 85' lang='lat' dir='ltr'>fideles</span> <span class='ocrx_word' id='word_1_479' title='bbox 2244 1239 2371 1270; x_wconf 84' lang='lat' dir='ltr'>Christi</span> 
     </span>
     <span class='ocr_line' id='line_1_66' title="bbox 1363 1291 2370 1330; baseline 0.002 -10"><span class='ocrx_word' id='word_1_480' title='bbox 1363 1291 1458 1329; x_wconf 87' lang='lat' dir='ltr'>quasi</span> <span class='ocrx_word' id='word_1_481' title='bbox 1475 1291 1674 1329; x_wconf 86' lang='lat' dir='ltr'>quibusdam</span> <span class='ocrx_word' id='word_1_482' title='bbox 1693 1291 1849 1322; x_wconf 85' lang='lat' dir='ltr'>illectivis</span> <span class='ocrx_word' id='word_1_483' title='bbox 1872 1292 2020 1330; x_wconf 72' lang='lat' dir='ltr'>premiis,</span> <span class='ocrx_word' id='word_1_484' title='bbox 2041 1292 2260 1330; x_wconf 81' lang='lat' dir='ltr'>indulgentiis</span> <span class='ocrx_word' id='word_1_485' title='bbox 2278 1293 2370 1322; x_wconf 87' lang='lat' dir='ltr'>vide-</span> 
     </span>
    </p>
   </div>
   <div class='ocr_carea' id='block_1_10' title="bbox 1341 1339 2371 1383">
    <p class='ocr_par' dir='ltr' id='par_1_12' title="bbox 1341 1339 2371 1383">
     <span class='ocr_line' id='line_1_67' title="bbox 1341 1339 2371 1383; baseline 0.002 -11"><span class='ocrx_word' id='word_1_486' title='bbox 1341 1339 1344 1341; x_wconf 38' lang='lat'>*</span> <span class='ocrx_word' id='word_1_487' title='bbox 1362 1343 1439 1373; x_wconf 86' lang='lat' dir='ltr'>licet</span> <span class='ocrx_word' id='word_1_488' title='bbox 1460 1348 1490 1373; x_wconf 89' lang='lat' dir='ltr'>et</span> <span class='ocrx_word' id='word_1_489' title='bbox 1506 1344 1774 1377; x_wconf 74' lang='lat' dir='ltr'>remissionibus,</span> <span class='ocrx_word' id='word_1_490' title='bbox 1797 1345 1999 1375; x_wconf 83' lang='lat' dir='ltr'>inducantur</span> <span class='ocrx_word' id='word_1_491' title='bbox 2019 1345 2059 1375; x_wconf 90' lang='lat' dir='ltr'>ad</span> <span class='ocrx_word' id='word_1_492' title='bbox 2077 1346 2218 1383; x_wconf 88' lang='lat' dir='ltr'>prelium</span> <span class='ocrx_word' id='word_1_493' title='bbox 2237 1346 2371 1375; x_wconf 87' lang='lat' dir='ltr'>Domini</span> 
     </span>
    </p>
   </div>
   <div class='ocr_carea' id='block_1_11' title="bbox 1362 1396 2375 1806">
    <p class='ocr_par' dir='ltr' id='par_1_13' title="bbox 1362 1396 2375 1806">
     <span class='ocr_line' id='line_1_68' title="bbox 1363 1396 2370 1435; baseline 0.002 -9"><span class='ocrx_word' id='word_1_494' title='bbox 1363 1396 1582 1434; x_wconf 80' lang='lat' dir='ltr'>preliandum,</span> <span class='ocrx_word' id='word_1_495' title='bbox 1613 1398 1817 1435; x_wconf 88' lang='lat' dir='ltr'>presentium</span> <span class='ocrx_word' id='word_1_496' title='bbox 1846 1398 1906 1427; x_wconf 87' lang='lat' dir='ltr'>tibi</span> <span class='ocrx_word' id='word_1_497' title='bbox 1936 1399 2131 1428; x_wconf 83' lang='lat' dir='ltr'>auctoritate</span> <span class='ocrx_word' id='word_1_498' title='bbox 2159 1399 2370 1428; x_wconf 86' lang='lat' dir='ltr'>concedimus</span> 
     </span>
     <span class='ocr_line' id='line_1_69' title="bbox 1362 1450 2371 1488; baseline 0.002 -10"><span class='ocrx_word' id='word_1_499' title='bbox 1362 1454 1398 1479; x_wconf 90' lang='lat' dir='ltr'>ut</span> <span class='ocrx_word' id='word_1_500' title='bbox 1414 1450 1569 1479; x_wconf 88' lang='lat' dir='ltr'>omnibus</span> <span class='ocrx_word' id='word_1_501' title='bbox 1583 1459 1658 1480; x_wconf 86' lang='lat' dir='ltr'>vere</span> <span class='ocrx_word' id='word_1_502' title='bbox 1675 1450 1903 1488; x_wconf 84' lang='lat' dir='ltr'>penitentibus</span> <span class='ocrx_word' id='word_1_503' title='bbox 1925 1455 1955 1481; x_wconf 87' lang='lat' dir='ltr'>et</span> <span class='ocrx_word' id='word_1_504' title='bbox 1976 1451 2138 1481; x_wconf 83' lang='lat' dir='ltr'>confessis</span> <span class='ocrx_word' id='word_1_505' title='bbox 2159 1456 2266 1481; x_wconf 83' lang='lat' dir='ltr'>tecum</span> <span class='ocrx_word' id='word_1_506' title='bbox 2280 1451 2371 1481; x_wconf 89' lang='lat' dir='ltr'>labo-</span> 
     </span>
     <span class='ocr_line' id='line_1_70' title="bbox 1364 1503 2372 1542; baseline 0.001 -10"><span class='ocrx_word' id='word_1_507' title='bbox 1364 1512 1433 1533; x_wconf 90' lang='lat' dir='ltr'>rem</span> <span class='ocrx_word' id='word_1_508' title='bbox 1450 1503 1551 1533; x_wconf 88' lang='lat' dir='ltr'>istum</span> <span class='ocrx_word' id='word_1_509' title='bbox 1568 1503 1602 1533; x_wconf 91' lang='lat' dir='ltr'>in</span> <span class='ocrx_word' id='word_1_510' title='bbox 1627 1504 1770 1542; x_wconf 88' lang='lat' dir='ltr'>propriis</span> <span class='ocrx_word' id='word_1_511' title='bbox 1789 1504 1940 1542; x_wconf 88' lang='lat' dir='ltr'>personis</span> <span class='ocrx_word' id='word_1_512' title='bbox 1962 1504 2183 1534; x_wconf 89' lang='lat' dir='ltr'>subeuntibus</span> <span class='ocrx_word' id='word_1_513' title='bbox 2203 1509 2233 1534; x_wconf 87' lang='lat' dir='ltr'>et</span> <span class='ocrx_word' id='word_1_514' title='bbox 2251 1513 2372 1542; x_wconf 81' lang='lat' dir='ltr'>expen-</span> 
     </span>
     <span class='ocr_line' id='line_1_71' title="bbox 1366 1556 2373 1595; baseline 0.001 -10"><span class='ocrx_word' id='word_1_515' title='bbox 1366 1556 1423 1591; x_wconf 87' lang='lat' dir='ltr'>sis,</span> <span class='ocrx_word' id='word_1_516' title='bbox 1440 1556 1497 1594; x_wconf 85' lang='lat' dir='ltr'>qui</span> <span class='ocrx_word' id='word_1_517' title='bbox 1512 1557 1546 1585; x_wconf 92' lang='lat' dir='ltr'>in</span> <span class='ocrx_word' id='word_1_518' title='bbox 1561 1556 1621 1586; x_wconf 84' lang='lat' dir='ltr'>hoc</span> <span class='ocrx_word' id='word_1_519' title='bbox 1639 1556 1751 1586; x_wconf 89' lang='lat' dir='ltr'>labore</span> <span class='ocrx_word' id='word_1_520' title='bbox 1763 1556 1979 1591; x_wconf 82' lang='lat' dir='ltr'>decesserint,</span> <span class='ocrx_word' id='word_1_521' title='bbox 1999 1557 2147 1586; x_wconf 88' lang='lat' dir='ltr'>omnium</span> <span class='ocrx_word' id='word_1_522' title='bbox 2164 1562 2373 1595; x_wconf 79' lang='lat' dir='ltr'>peccatorum</span> 
     </span>
     <span class='ocr_line' id='line_1_72' title="bbox 1364 1609 2375 1649; baseline 0.001 -11"><span class='ocrx_word' id='word_1_523' title='bbox 1364 1618 1500 1639; x_wconf 88' lang='lat' dir='ltr'>suorum</span> <span class='ocrx_word' id='word_1_524' title='bbox 1518 1609 1660 1644; x_wconf 83' lang='lat' dir='ltr'>veniam,</span> <span class='ocrx_word' id='word_1_525' title='bbox 1679 1609 1819 1647; x_wconf 85' lang='lat' dir='ltr'>reliquis</span> <span class='ocrx_word' id='word_1_526' title='bbox 1840 1618 1917 1639; x_wconf 88' lang='lat' dir='ltr'>vero</span> <span class='ocrx_word' id='word_1_527' title='bbox 1941 1610 2041 1639; x_wconf 89' lang='lat' dir='ltr'>unius</span> <span class='ocrx_word' id='word_1_528' title='bbox 2060 1610 2139 1639; x_wconf 89' lang='lat' dir='ltr'>anni</span> <span class='ocrx_word' id='word_1_529' title='bbox 2165 1610 2203 1640; x_wconf 90' lang='lat' dir='ltr'>de</span> <span class='ocrx_word' id='word_1_530' title='bbox 2224 1610 2375 1649; x_wconf 86' lang='lat' dir='ltr'>injuncta</span> 
     </span>
     <span class='ocr_line' id='line_1_73' title="bbox 1365 1662 2374 1701; baseline 0.001 -10"><span class='ocrx_word' id='word_1_531' title='bbox 1365 1662 1429 1691; x_wconf 82' lang='lat' dir='ltr'>sibi</span> <span class='ocrx_word' id='word_1_532' title='bbox 1442 1663 1627 1700; x_wconf 87' lang='lat' dir='ltr'>penitentia</span> <span class='ocrx_word' id='word_1_533' title='bbox 1640 1662 1884 1700; x_wconf 75' lang='lat' dir='ltr'>indulgentiam</span> <span class='ocrx_word' id='word_1_534' title='bbox 1898 1662 2008 1692; x_wconf 86' lang='lat' dir='ltr'>valeas</span> <span class='ocrx_word' id='word_1_535' title='bbox 2023 1662 2169 1701; x_wconf 83' lang='lat' dir='ltr'>elargiri.</span> <span class='ocrx_word' id='word_1_536' title='bbox 2189 1662 2281 1693; x_wconf 88' lang='lat' dir='ltr'>Nulli</span> <span class='ocrx_word' id='word_1_537' title='bbox 2297 1671 2374 1700; x_wconf 80' lang='lat' dir='ltr'>ergo</span> 
     </span>
     <span class='ocr_line' id='line_1_74' title="bbox 1364 1715 2375 1754; baseline 0.002 -11"><span class='ocrx_word' id='word_1_538' title='bbox 1364 1733 1413 1743; x_wconf 96' lang='lat'>—.</span> <span class='ocrx_word' id='word_1_539' title='bbox 1434 1715 1468 1745; x_wconf 83' lang='lat' dir='ltr'>Si</span> <span class='ocrx_word' id='word_1_540' title='bbox 1486 1715 1561 1753; x_wconf 86' lang='lat' dir='ltr'>quis</span> <span class='ocrx_word' id='word_1_541' title='bbox 1581 1719 1691 1745; x_wconf 85' lang='lat' dir='ltr'>autem</span> <span class='ocrx_word' id='word_1_542' title='bbox 1708 1719 1768 1745; x_wconf 83' lang='lat' dir='ltr'>etc.</span> <span class='ocrx_word' id='word_1_543' title='bbox 1788 1716 1860 1745; x_wconf 88' lang='lat' dir='ltr'>Dat.</span> <span class='ocrx_word' id='word_1_544' title='bbox 1880 1715 2047 1750; x_wconf 84' lang='lat' dir='ltr'>Laterani,</span> <span class='ocrx_word' id='word_1_545' title='bbox 2066 1716 2095 1745; x_wconf 86' lang='lat' dir='ltr'>X</span> <span class='ocrx_word' id='word_1_546' title='bbox 2113 1715 2271 1745; x_wconf 82' lang='lat' dir='ltr'>kalendas</span> <span class='ocrx_word' id='word_1_547' title='bbox 2286 1715 2375 1754; x_wconf 80' lang='lat' dir='ltr'>apri-</span> 
     </span>
     <span class='ocr_line' id='line_1_75' title="bbox 1363 1767 1829 1806; baseline 0 -9"><span class='ocrx_word' id='word_1_548' title='bbox 1363 1767 1417 1802; x_wconf 82' lang='lat' dir='ltr'>lis,</span> <span class='ocrx_word' id='word_1_549' title='bbox 1437 1777 1523 1797; x_wconf 88' lang='lat' dir='ltr'>anno</span> <span class='ocrx_word' id='word_1_550' title='bbox 1538 1768 1794 1806; x_wconf 82' lang='lat' dir='ltr'>quintodecimo.</span> <span class='ocrx_word' id='word_1_551' title='bbox 1817 1781 1829 1794; x_wconf 76' lang='grc' dir='ltr'>ι)</span> 
     </span>
    </p>
   </div>
   <div class='ocr_carea' id='block_1_12' title="bbox 1436 1967 2302 2000">
    <p class='ocr_par' dir='ltr' id='par_1_14' title="bbox 1436 1967 2302 2000">
     <span class='ocr_line' id='line_1_76' title="bbox 1436 1967 2302 2000; baseline -0.003 -3"><span class='ocrx_word' id='word_1_552' title='bbox 1436 1969 1557 1997; x_wconf 74' lang='grc'>5968</span> <span class='ocrx_word' id='word_1_553' title='bbox 1943 1969 2064 2000; x_wconf 74' lang='lat' dir='ltr'>Latran,</span> <span class='ocrx_word' id='word_1_554' title='bbox 2082 1968 2112 1994; x_wconf 85' lang='lat'>11</span> <span class='ocrx_word' id='word_1_555' title='bbox 2131 1967 2208 1994; x_wconf 71' lang='lat' dir='ltr'>avril</span> <span class='ocrx_word' id='word_1_556' title='bbox 2224 1968 2302 1994; x_wconf 73' lang='lat'>1241.</span> 
     </span>
    </p>
   </div>
   <div class='ocr_carea' id='block_1_13' title="bbox 1368 2028 2376 2456">
    <p class='ocr_par' dir='ltr' id='par_1_15' title="bbox 1368 2028 2376 2456">
     <span class='ocr_line' id='line_1_77' title="bbox 1402 2028 2374 2065; baseline -0.004 -6"><span class='ocrx_word' id='word_1_557' title='bbox 1402 2031 1633 2065; x_wconf 76' lang='lat' dir='ltr'>Archiepiscopo</span> <span class='ocrx_word' id='word_1_558' title='bbox 1646 2030 1787 2058; x_wconf 76' lang='lat' dir='ltr'>Januensi</span> <span class='ocrx_word' id='word_1_559' title='bbox 1805 2029 1916 2064; x_wconf 83' lang='lat' dir='ltr'>[etejus</span> <span class='ocrx_word' id='word_1_560' title='bbox 1932 2030 2059 2057; x_wconf 84' lang='lat' dir='ltr'>subditis</span> <span class='ocrx_word' id='word_1_561' title='bbox 2071 2028 2095 2064; x_wconf 55' lang='grc' dir='ltr'>ἶν’]</span> <span class='ocrx_word' id='word_1_562' title='bbox 2107 2033 2112 2048; x_wconf 86' lang='lat'>¹</span> <span class='ocrx_word' id='word_1_563' title='bbox 2124 2029 2228 2056; x_wconf 79' lang='lat' dir='ltr'>scribit</span> <span class='ocrx_word' id='word_1_564' title='bbox 2241 2038 2246 2056; x_wconf 92' lang='lat'>:</span> <span class='ocrx_word' id='word_1_565' title='bbox 2261 2038 2273 2054; x_wconf 76' lang='lat' dir='ltr'>t(</span> <span class='ocrx_word' id='word_1_566' title='bbox 2287 2029 2374 2062; x_wconf 79' lang='lat' dir='ltr'>Cum,</span> 
     </span>
     <span class='ocr_line' id='line_1_78' title="bbox 1369 2079 2375 2113; baseline 0 -8"><span class='ocrx_word' id='word_1_567' title='bbox 1369 2089 1382 2105; x_wconf 79' lang='grc'>1)</span> <span class='ocrx_word' id='word_1_568' title='bbox 1403 2081 1479 2107; x_wconf 80' lang='lat' dir='ltr'>sicut</span> <span class='ocrx_word' id='word_1_569' title='bbox 1498 2089 1532 2106; x_wconf 85' lang='lat' dir='ltr'>ex</span> <span class='ocrx_word' id='word_1_570' title='bbox 1550 2083 1647 2106; x_wconf 87' lang='lat' dir='ltr'>vestra</span> <span class='ocrx_word' id='word_1_571' title='bbox 1663 2080 1807 2106; x_wconf 86' lang='lat' dir='ltr'>relatione</span> <span class='ocrx_word' id='word_1_572' title='bbox 1823 2080 2007 2113; x_wconf 82' lang='lat' dir='ltr'>accepimus,</span> <span class='ocrx_word' id='word_1_573' title='bbox 2029 2087 2080 2113; x_wconf 86' lang='lat' dir='ltr'>pro</span> <span class='ocrx_word' id='word_1_574' title='bbox 2102 2079 2227 2112; x_wconf 77' lang='lat' dir='ltr'>negotiis</span> <span class='ocrx_word' id='word_1_575' title='bbox 2244 2079 2375 2105; x_wconf 80' lang='lat' dir='ltr'>Ecclesie</span> 
     </span>
     <span class='ocr_line' id='line_1_79' title="bbox 1369 2127 2375 2162; baseline 0 -8"><span class='ocrx_word' id='word_1_576' title='bbox 1369 2137 1382 2155; x_wconf 88' lang='lat'>»</span> <span class='ocrx_word' id='word_1_577' title='bbox 1405 2130 1537 2155; x_wconf 84' lang='lat' dir='ltr'>Romane</span> <span class='ocrx_word' id='word_1_578' title='bbox 1555 2128 1682 2154; x_wconf 89' lang='lat' dir='ltr'>nimium</span> <span class='ocrx_word' id='word_1_579' title='bbox 1699 2128 1816 2155; x_wconf 77' lang='lat' dir='ltr'>fueritis</span> <span class='ocrx_word' id='word_1_580' title='bbox 1837 2136 1870 2154; x_wconf 80' lang='lat' dir='ltr'>ex</span> <span class='ocrx_word' id='word_1_581' title='bbox 1893 2127 2096 2161; x_wconf 76' lang='lat' dir='ltr'>frequentibus</span> <span class='ocrx_word' id='word_1_582' title='bbox 2118 2127 2375 2162; x_wconf 83' lang='lat' dir='ltr'>procurationibus</span> 
     </span>
     <span class='ocr_line' id='line_1_80' title="bbox 1368 2177 2373 2211; baseline -0.001 -8"><span class='ocrx_word' id='word_1_583' title='bbox 1368 2186 1381 2203; x_wconf 87' lang='lat'>»</span> <span class='ocrx_word' id='word_1_584' title='bbox 1403 2179 1563 2211; x_wconf 77' lang='lat' dir='ltr'>legatorum</span> <span class='ocrx_word' id='word_1_585' title='bbox 1591 2181 1619 2203; x_wconf 85' lang='lat' dir='ltr'>et</span> <span class='ocrx_word' id='word_1_586' title='bbox 1645 2177 1815 2203; x_wconf 89' lang='lat' dir='ltr'>nuntiorum</span> <span class='ocrx_word' id='word_1_587' title='bbox 1840 2177 1945 2211; x_wconf 85' lang='lat' dir='ltr'>ipsius,</span> <span class='ocrx_word' id='word_1_588' title='bbox 1979 2177 2109 2203; x_wconf 82' lang='lat' dir='ltr'>maxime</span> <span class='ocrx_word' id='word_1_589' title='bbox 2136 2177 2191 2203; x_wconf 85' lang='lat' dir='ltr'>isto</span> <span class='ocrx_word' id='word_1_590' title='bbox 2215 2179 2373 2211; x_wconf 67' lang='lat' dir='ltr'>tempore‘l,</span> 
     </span>
     <span class='ocr_line' id='line_1_81' title="bbox 1368 2226 2374 2260; baseline 0 -9"><span class='ocrx_word' id='word_1_591' title='bbox 1368 2235 1381 2251; x_wconf 82' lang='grc'>1)</span> <span class='ocrx_word' id='word_1_592' title='bbox 1402 2226 1566 2260; x_wconf 73' lang='lat' dir='ltr'>aggravati,</span> <span class='ocrx_word' id='word_1_593' title='bbox 1585 2234 1646 2257; x_wconf 77' lang='lat' dir='ltr'>nos,</span> <span class='ocrx_word' id='word_1_594' title='bbox 1665 2226 1771 2252; x_wconf 84' lang='lat' dir='ltr'>vestris</span> <span class='ocrx_word' id='word_1_595' title='bbox 1789 2226 2058 2260; x_wconf 80' lang='lat' dir='ltr'>supplicationibus</span> <span class='ocrx_word' id='word_1_596' title='bbox 2076 2228 2251 2254; x_wconf 81' lang='lat' dir='ltr'>annuentes.</span> <span class='ocrx_word' id='word_1_597' title='bbox 2273 2228 2374 2252; x_wconf 83' lang='lat' dir='ltr'>aucto-</span> 
     </span>
     <span class='ocr_line' id='line_1_82' title="bbox 1368 2274 2374 2308; baseline -0.001 -7"><span class='ocrx_word' id='word_1_598' title='bbox 1368 2284 1380 2301; x_wconf 81' lang='lat'>»</span> <span class='ocrx_word' id='word_1_599' title='bbox 1402 2275 1490 2302; x_wconf 84' lang='lat' dir='ltr'>ritate</span> <span class='ocrx_word' id='word_1_600' title='bbox 1502 2275 1585 2301; x_wconf 81' lang='lat' dir='ltr'>vobis</span> <span class='ocrx_word' id='word_1_601' title='bbox 1601 2275 1784 2308; x_wconf 78' lang='lat' dir='ltr'>presentium</span> <span class='ocrx_word' id='word_1_602' title='bbox 1799 2275 1989 2308; x_wconf 81' lang='lat' dir='ltr'>indulgemus</span> <span class='ocrx_word' id='word_1_603' title='bbox 2004 2277 2035 2301; x_wconf 92' lang='lat' dir='ltr'>ut</span> <span class='ocrx_word' id='word_1_604' title='bbox 2053 2283 2144 2308; x_wconf 85' lang='lat' dir='ltr'>usque</span> <span class='ocrx_word' id='word_1_605' title='bbox 2160 2274 2195 2300; x_wconf 84' lang='lat' dir='ltr'>ad</span> <span class='ocrx_word' id='word_1_606' title='bbox 2210 2274 2374 2300; x_wconf 81' lang='lat' dir='ltr'>triennium</span> 
     </span>
     <span class='ocr_line' id='line_1_83' title="bbox 1368 2323 2372 2357; baseline -0.001 -7"><span class='ocrx_word' id='word_1_607' title='bbox 1368 2333 1381 2349; x_wconf 88' lang='lat'>»</span> <span class='ocrx_word' id='word_1_608' title='bbox 1404 2324 1494 2350; x_wconf 75' lang='lat' dir='ltr'>inviti</span> <span class='ocrx_word' id='word_1_609' title='bbox 1519 2333 1575 2350; x_wconf 80' lang='lat' dir='ltr'>non</span> <span class='ocrx_word' id='word_1_610' title='bbox 1596 2323 1760 2350; x_wconf 86' lang='lat' dir='ltr'>teneamini</span> <span class='ocrx_word' id='word_1_611' title='bbox 1776 2323 1907 2357; x_wconf 87' lang='lat' dir='ltr'>ejusdem</span> <span class='ocrx_word' id='word_1_612' title='bbox 1926 2323 2057 2350; x_wconf 80' lang='lat' dir='ltr'>Ecclesie</span> <span class='ocrx_word' id='word_1_613' title='bbox 2074 2324 2183 2357; x_wconf 75' lang='lat' dir='ltr'>legatos</span> <span class='ocrx_word' id='word_1_614' title='bbox 2200 2326 2228 2349; x_wconf 82' lang='lat' dir='ltr'>et</span> <span class='ocrx_word' id='word_1_615' title='bbox 2242 2323 2372 2356; x_wconf 86' lang='lat' dir='ltr'>nuntios,</span> 
     </span>
     <span class='ocr_line' id='line_1_84' title="bbox 1368 2372 2374 2407; baseline -0.001 -8"><span class='ocrx_word' id='word_1_616' title='bbox 1368 2381 1381 2399; x_wconf 85' lang='lat'>»</span> <span class='ocrx_word' id='word_1_617' title='bbox 1404 2373 1461 2399; x_wconf 83' lang='lat' dir='ltr'>nisi</span> <span class='ocrx_word' id='word_1_618' title='bbox 1490 2373 1618 2407; x_wconf 77' lang='lat' dir='ltr'>speciale</span> <span class='ocrx_word' id='word_1_619' title='bbox 1645 2373 1818 2399; x_wconf 87' lang='lat' dir='ltr'>mandatum</span> <span class='ocrx_word' id='word_1_620' title='bbox 1848 2380 1935 2406; x_wconf 84' lang='lat' dir='ltr'>super</span> <span class='ocrx_word' id='word_1_621' title='bbox 1960 2372 2013 2398; x_wconf 83' lang='grc'>1100</span> <span class='ocrx_word' id='word_1_622' title='bbox 2039 2380 2089 2406; x_wconf 89' lang='lat' dir='ltr'>per</span> <span class='ocrx_word' id='word_1_623' title='bbox 2116 2372 2231 2398; x_wconf 78' lang='lat' dir='ltr'>litteras</span> <span class='ocrx_word' id='word_1_624' title='bbox 2261 2374 2374 2398; x_wconf 86' lang='lat' dir='ltr'>nostras</span> 
     </span>
     <span class='ocr_line' id='line_1_85' title="bbox 1368 2421 2376 2456; baseline -0.001 -8"><span class='ocrx_word' id='word_1_625' title='bbox 1368 2431 1381 2448; x_wconf 87' lang='lat'>»</span> <span class='ocrx_word' id='word_1_626' title='bbox 1404 2422 1486 2448; x_wconf 72' lang='lat' dir='ltr'>vobis</span> <span class='ocrx_word' id='word_1_627' title='bbox 1509 2422 1704 2454; x_wconf 81' lang='lat' dir='ltr'>ostenderint,</span> <span class='ocrx_word' id='word_1_628' title='bbox 1729 2430 1784 2456; x_wconf 88' lang='lat' dir='ltr'>que</span> <span class='ocrx_word' id='word_1_629' title='bbox 1804 2422 1840 2447; x_wconf 88' lang='lat' dir='ltr'>de</span> <span class='ocrx_word' id='word_1_630' title='bbox 1862 2421 2051 2454; x_wconf 77' lang='lat' dir='ltr'>indulgentia</span> <span class='ocrx_word' id='word_1_631' title='bbox 2071 2421 2240 2454; x_wconf 83' lang='lat' dir='ltr'>hujusmodi</span> <span class='ocrx_word' id='word_1_632' title='bbox 2258 2429 2376 2454; x_wconf 79' lang='lat' dir='ltr'>expres-</span> 
     </span>
    </p>
   </div>
   <div class='ocr_carea' id='block_1_14' title="bbox 1367 2469 2372 2550">
    <p class='ocr_par' dir='ltr' id='par_1_16' title="bbox 1367 2469 2372 2550">
     <span class='ocr_line' id='line_1_86' title="bbox 1368 2469 2372 2503; baseline -0.001 -7"><span class='ocrx_word' id='word_1_633' title='bbox 1368 2479 1381 2496; x_wconf 81' lang='grc'>1)</span> <span class='ocrx_word' id='word_1_634' title='bbox 1403 2479 1463 2496; x_wconf 81' lang='lat' dir='ltr'>sam</span> <span class='ocrx_word' id='word_1_635' title='bbox 1481 2471 1662 2496; x_wconf 77' lang='lat' dir='ltr'>mentionem</span> <span class='ocrx_word' id='word_1_636' title='bbox 1679 2471 1801 2502; x_wconf 78' lang='lat' dir='ltr'>faciant,</span> <span class='ocrx_word' id='word_1_637' title='bbox 1820 2478 1984 2503; x_wconf 84' lang='lat' dir='ltr'>procurare.</span> <span class='ocrx_word' id='word_1_638' title='bbox 1999 2477 2012 2494; x_wconf 89' lang='lat'>»</span> <span class='ocrx_word' id='word_1_639' title='bbox 2031 2484 2062 2487; x_wconf 97' lang='lat'><strong>—</strong></span> <span class='ocrx_word' id='word_1_640' title='bbox 2077 2470 2163 2500; x_wconf 70' lang='lat' dir='ltr'>(REG.</span> <span class='ocrx_word' id='word_1_641' title='bbox 2179 2469 2223 2501; x_wconf 77' lang='lat'>20,</span> <span class='ocrx_word' id='word_1_642' title='bbox 2242 2470 2262 2495; x_wconf 80' lang='lat' dir='ltr'>f.</span> <span class='ocrx_word' id='word_1_643' title='bbox 2279 2469 2312 2495; x_wconf 87' lang='lat'>65</span> <span class='ocrx_word' id='word_1_644' title='bbox 2328 2472 2372 2500; x_wconf 76' lang='lat' dir='ltr'>v⁰;</span> 
     </span>
     <span class='ocr_line' id='line_1_87' title="bbox 1367 2518 1640 2550; baseline -0.004 -5"><span class='ocrx_word' id='word_1_645' title='bbox 1367 2527 1437 2545; x_wconf 83' lang='lat' dir='ltr'>ann.</span> <span class='ocrx_word' id='word_1_646' title='bbox 1455 2519 1523 2550; x_wconf 77' lang='lat' dir='ltr'>XV,</span> <span class='ocrx_word' id='word_1_647' title='bbox 1541 2527 1564 2544; x_wconf 89' lang='lat' dir='ltr'>c.</span> <span class='ocrx_word' id='word_1_648' title='bbox 1584 2518 1640 2549; x_wconf 81' lang='lat'>16.)</span> 
     </span>
    </p>
   </div>
   <div class='ocr_carea' id='block_1_15' title="bbox 1410 2623 2377 2664">
    <p class='ocr_par' dir='ltr' id='par_1_17' title="bbox 1410 2623 2377 2664">
     <span class='ocr_line' id='line_1_88' title="bbox 1410 2623 2377 2664; baseline -0.003 -9"><span class='ocrx_word' id='word_1_649' title='bbox 1410 2639 1422 2652; x_wconf 75' lang='lat' dir='ltr'>&lt;t</span> <span class='ocrx_word' id='word_1_650' title='bbox 1446 2649 1465 2656; x_wconf 86' lang='grc'>,.</span> <span class='ocrx_word' id='word_1_651' title='bbox 1485 2627 1710 2664; x_wconf 72' lang='lat' dir='ltr'>archiepiscopo</span> <span class='ocrx_word' id='word_1_652' title='bbox 1729 2627 1880 2655; x_wconf 72' lang='lat' dir='ltr'>Jamcensi</span> <span class='ocrx_word' id='word_1_653' title='bbox 1899 2625 1936 2664; x_wconf 80' lang='lat' dir='ltr'>[el</span> <span class='ocrx_word' id='word_1_654' title='bbox 1963 2627 2027 2663; x_wconf 69' lang='lat' dir='ltr'>ejvs</span> <span class='ocrx_word' id='word_1_655' title='bbox 2049 2624 2222 2663; x_wconf 78' lang='lat' dir='ltr'>subditis?].</span> <span class='ocrx_word' id='word_1_656' title='bbox 2240 2623 2377 2654; x_wconf 88' lang='lat' dir='ltr'>Illorum</span> 
     </span>
    </p>
   </div>
   <div class='ocr_carea' id='block_1_16' title="bbox 1368 2763 2377 2970">
    <p class='ocr_par' dir='ltr' id='par_1_18' title="bbox 1368 2763 2377 2927">
     <span class='ocr_line' id='line_1_89' title="bbox 1401 2763 2377 2794; baseline 0 -6"><span class='ocrx_word' id='word_1_657' title='bbox 1401 2765 1422 2788; x_wconf 87' lang='grc'>1.</span> <span class='ocrx_word' id='word_1_658' title='bbox 1440 2765 1481 2788; x_wconf 90' lang='lat' dir='ltr'>Du</span> <span class='ocrx_word' id='word_1_659' title='bbox 1499 2768 1572 2788; x_wconf 80' lang='lat' dir='ltr'>texte</span> <span class='ocrx_word' id='word_1_660' title='bbox 1590 2765 1676 2788; x_wconf 83' lang='lat' dir='ltr'>me&#39;me</span> <span class='ocrx_word' id='word_1_661' title='bbox 1693 2765 1726 2788; x_wconf 85' lang='lat' dir='ltr'>de</span> <span class='ocrx_word' id='word_1_662' title='bbox 1742 2768 1813 2788; x_wconf 82' lang='lat' dir='ltr'>cette</span> <span class='ocrx_word' id='word_1_663' title='bbox 1830 2765 1912 2794; x_wconf 83' lang='lat' dir='ltr'>bulle,</span> <span class='ocrx_word' id='word_1_664' title='bbox 1927 2764 1944 2787; x_wconf 93' lang='lat' dir='ltr'>il</span> <span class='ocrx_word' id='word_1_665' title='bbox 1960 2767 2063 2787; x_wconf 85' lang='lat' dir='ltr'>ressort</span> <span class='ocrx_word' id='word_1_666' title='bbox 2077 2771 2129 2794; x_wconf 89' lang='lat' dir='ltr'>que</span> <span class='ocrx_word' id='word_1_667' title='bbox 2142 2763 2272 2791; x_wconf 81' lang='lat' dir='ltr'>l&#39;adresse</span> <span class='ocrx_word' id='word_1_668' title='bbox 2286 2767 2327 2788; x_wconf 80' lang='lat' dir='ltr'>est</span> <span class='ocrx_word' id='word_1_669' title='bbox 2340 2771 2377 2788; x_wconf 90' lang='lat' dir='ltr'>ou</span> 
     </span>
     <span class='ocr_line' id='line_1_90' title="bbox 1369 2808 2377 2839; baseline -0.001 -7"><span class='ocrx_word' id='word_1_670' title='bbox 1369 2809 1484 2833; x_wconf 78' lang='lat' dir='ltr'>erronee</span> <span class='ocrx_word' id='word_1_671' title='bbox 1500 2816 1536 2832; x_wconf 92' lang='lat' dir='ltr'>ou</span> <span class='ocrx_word' id='word_1_672' title='bbox 1553 2811 1612 2832; x_wconf 82' lang='lat' dir='ltr'>tout</span> <span class='ocrx_word' id='word_1_673' title='bbox 1629 2816 1662 2832; x_wconf 87' lang='lat' dir='ltr'>au</span> <span class='ocrx_word' id='word_1_674' title='bbox 1680 2809 1769 2832; x_wconf 84' lang='lat' dir='ltr'>moins</span> <span class='ocrx_word' id='word_1_675' title='bbox 1786 2808 1962 2839; x_wconf 69' lang='lat' dir='ltr'>incomplete.</span> <span class='ocrx_word' id='word_1_676' title='bbox 1983 2808 2124 2832; x_wconf 84' lang='lat' dir='ltr'>L&#39;adresse</span> <span class='ocrx_word' id='word_1_677' title='bbox 2145 2808 2253 2832; x_wconf 79' lang='lat' dir='ltr'>donnee</span> <span class='ocrx_word' id='word_1_678' title='bbox 2269 2808 2336 2832; x_wconf 89' lang='lat' dir='ltr'>dans</span> <span class='ocrx_word' id='word_1_679' title='bbox 2351 2809 2377 2831; x_wconf 86' lang='lat' dir='ltr'>la</span> 
     </span>
     <span class='ocr_line' id='line_1_91' title="bbox 1368 2852 2376 2883; baseline 0 -8"><span class='ocrx_word' id='word_1_680' title='bbox 1368 2853 1439 2876; x_wconf 81' lang='lat' dir='ltr'>table</span> <span class='ocrx_word' id='word_1_681' title='bbox 1457 2853 1504 2876; x_wconf 87' lang='lat' dir='ltr'>des</span> <span class='ocrx_word' id='word_1_682' title='bbox 1520 2854 1644 2881; x_wconf 77' lang='lat' dir='ltr'>capitula</span> <span class='ocrx_word' id='word_1_683' title='bbox 1661 2856 1702 2876; x_wconf 88' lang='lat' dir='ltr'>est</span> <span class='ocrx_word' id='word_1_684' title='bbox 1718 2853 1743 2875; x_wconf 86' lang='lat' dir='ltr'>la</span> <span class='ocrx_word' id='word_1_685' title='bbox 1758 2853 1845 2876; x_wconf 77' lang='lat' dir='ltr'>meme</span> <span class='ocrx_word' id='word_1_686' title='bbox 1861 2859 1914 2882; x_wconf 88' lang='lat' dir='ltr'>que</span> <span class='ocrx_word' id='word_1_687' title='bbox 1929 2853 1996 2876; x_wconf 85' lang='lat' dir='ltr'>celle</span> <span class='ocrx_word' id='word_1_688' title='bbox 2017 2852 2100 2882; x_wconf 74' lang='lat' dir='ltr'>qu&#39;on</span> <span class='ocrx_word' id='word_1_689' title='bbox 2115 2853 2145 2876; x_wconf 88' lang='lat' dir='ltr'>lit</span> <span class='ocrx_word' id='word_1_690' title='bbox 2162 2853 2229 2876; x_wconf 81' lang='lat' dir='ltr'>dans</span> <span class='ocrx_word' id='word_1_691' title='bbox 2249 2853 2273 2875; x_wconf 87' lang='lat' dir='ltr'>le</span> <span class='ocrx_word' id='word_1_692' title='bbox 2296 2860 2376 2883; x_wconf 86' lang='lat' dir='ltr'>corps</span> 
     </span>
     <span class='ocr_line' id='line_1_92' title="bbox 1368 2896 2339 2927; baseline 0 -7"><span class='ocrx_word' id='word_1_693' title='bbox 1368 2897 1404 2920; x_wconf 88' lang='lat' dir='ltr'>du</span> <span class='ocrx_word' id='word_1_694' title='bbox 1420 2898 1554 2926; x_wconf 74' lang='lat' dir='ltr'>Reyislre,</span> <span class='ocrx_word' id='word_1_695' title='bbox 1572 2896 1747 2920; x_wconf 75' lang='lat' dir='ltr'>c&#39;est-‘a-dire</span> <span class='ocrx_word' id='word_1_696' title='bbox 1764 2903 1769 2920; x_wconf 88' lang='lat'>:</span> <span class='ocrx_word' id='word_1_697' title='bbox 1787 2898 1997 2926; x_wconf 78' lang='lat' dir='ltr'>archiepiscopo</span> <span class='ocrx_word' id='word_1_698' title='bbox 2013 2898 2153 2920; x_wconf 77' lang='lat' dir='ltr'>Januensi</span> <span class='ocrx_word' id='word_1_699' title='bbox 2171 2898 2244 2925; x_wconf 81' lang='lat' dir='ltr'>(sans</span> <span class='ocrx_word' id='word_1_700' title='bbox 2259 2897 2339 2927; x_wconf 63' lang='lat' dir='ltr'>plus).</span> 
     </span>
    </p>

    <p class='ocr_par' dir='ltr' id='par_1_19' title="bbox 1398 2941 1841 2970">
     <span class='ocr_line' id='line_1_93' title="bbox 1398 2941 1841 2970; baseline 0.002 -6"><span class='ocrx_word' id='word_1_701' title='bbox 1398 2941 1421 2965; x_wconf 70' lang='grc' dir='ltr'>ἱ).</span> <span class='ocrx_word' id='word_1_702' title='bbox 1441 2942 1481 2964; x_wconf 69' lang='lat' dir='ltr'>Gr.</span> <span class='ocrx_word' id='word_1_703' title='bbox 1497 2948 1594 2970; x_wconf 81' lang='lat' dir='ltr'>supra,</span> <span class='ocrx_word' id='word_1_704' title='bbox 1611 2948 1637 2964; x_wconf 92' lang='lat' dir='ltr'>n.</span> <span class='ocrx_word' id='word_1_705' title='bbox 1653 2942 1713 2965; x_wconf 75' lang='lat'>5918</span> <span class='ocrx_word' id='word_1_706' title='bbox 1729 2945 1753 2964; x_wconf 87' lang='lat' dir='ltr'>et</span> <span class='ocrx_word' id='word_1_707' title='bbox 1770 2942 1841 2965; x_wconf 85' lang='lat' dir='ltr'>suiv.</span> 
     </span>
    </p>
   </div>
  </div>
 </body>
</html>
