2553 3526
313 275 365 305 199
1039 276 1277 306 REGISTRES
1301 275 1354 304 DE
1377 268 1599 305 GREGomE
1625 277 1679 306 lx.
2354 278 2411 308 200

308 342 368 369 chii
382 342 540 369 saecularis
550 342 697 369 invocare.
710 357 744 360 —
756 343 842 374 (Bm.
856 343 898 375 19,
913 344 932 370 f.
946 344 996 370 153
1008 341 1081 378 [147]
1094 346 1122 369 v⁰
1133 351 1139 375 ;
1152 351 1221 370 ann.
1232 343 1316 374 XIII,

308 399 334 419 o.
350 391 426 423 250.)

350 497 363 511 «
384 486 520 522 ..priori
540 486 718 514 monasterii
743 486 850 515 Sancte
873 487 967 515 Maris
990 487 1138 515 Denurale
1162 487 1312 522 Tolosane,

308 539 520 568 Cluniacensis
537 539 668 568 ordinis.
686 537 803 567 Oblata
820 537 914 567 nobis
931 546 968 567 cx
987 555 1034 566 —.
1056 539 1129 567 Dat.
1149 538 1315 575 Laterani,

308 591 357 620 III
376 590 449 620 idus
467 590 590 625 martii,
609 599 695 619 anno
716 589 954 619 tertiodecimo.
976 602 988 616 »

377 748 496 775 5090

343 818 355 834 «
374 809 405 835 In
421 809 546 836 eundem
564 810 623 836 fere
641 810 758 836 modum
778 831 795 837 ..
813 811 906 836 abbati
922 811 1110 843 Moysiacensi,
1128 812 1318 837 cluniacensis

305 858 424 889 ordinm,
446 858 620 883 Caluri-ensis
641 858 763 891 diocesis,
781 857 854 893 [qui,
877 867 890 884 α
914 859 944 885 in
966 859 1040 886 villa
1062 859 1263 893 Moysiacensi
1289 863 1317 887 et

306 914 320 931 »
341 905 420 932 Villa
435 905 518 932 Nova
533 910 560 933 et
577 906 753 940 quibusdam
769 907 837 933 aliis
854 907 924 934 locis
941 907 971 934 in
993 908 1179 940 Caturcensi,
1202 908 1317 935 Ruthe-

306 962 320 979 ι)
342 955 437 987 nensi,
449 955 604 987 Tolosana,
620 955 757 982 Albiensi
771 959 799 982 et
811 956 1049 983 Claromontensi
1065 956 1230 983 diocesibus
1247 965 1318 983 con-

306 1011 319 1028 »
341 1003 466 1036 stitutis,
479 1004 742 1037 jurisdictionem»
756 1004 866 1032 habens
879 1006 1084 1039 temporalem,
1097 1005 1238 1032 similiter
1250 1014 1317 1032 sen-

306 1052 416 1079 tentias
433 1061 504 1086 quas
518 1052 640 1084 ferebat,
658 1061 715 1079 non
733 1056 847 1087 poterat
863 1054 1045 1080 exsecutioni
1063 1054 1213 1087 mandare,
1236 1054 1315 1081 idem

306 1100 463 1135 indulget].
481 1101 548 1128 Dat.
564 1104 596 1128 ut
612 1110 709 1136 supra.
728 1110 741 1127 »
759 1117 791 1120 —
805 1103 891 1134 (Rae.
908 1102 951 1135 19,
967 1104 986 1129 f.
1004 1103 1054 1129 153
1069 1101 1141 1137 [147]
1157 1104 1209 1136 v⁰.)

884 748 1003 780 Latran,
1020 749 1052 775 13
1070 757 1147 776 mars
1163 749 1242 776 1240.

1471 342 1585 369 5091
1986 345 2106 376 Latran,
2122 345 2154 371 14
2169 353 2247 371 mars
2261 344 2338 372 1240.

1434 410 1544 438 Abbati
1569 414 1597 438 et
1624 412 1784 438 conventui
1814 412 1986 439 monasterii
2010 412 2138 439 Sanctae
2160 412 2275 439 Mariae
2300 412 2412 440 Ebora-

1399 460 1506 492 censis,
1530 460 1643 486 ordinis
1664 460 1759 487 sancti
1784 460 1951 493 Benedicti,
1969 461 2104 488 concedit
2121 462 2293 488 facultatem
2313 461 2412 496 ingre-

1398 507 1501 534 diendi
1527 508 1739 542 possessionem
1764 509 1906 535 ecclesiae
1932 508 2035 535 Sancti
2057 509 2216 536 Michaelis
2237 509 2273 536 de
2292 509 2410 544 Apelby

1399 559 1444 588 (=
1464 556 1623 591 Appleby)‚
1646 557 1844 584 Carleolensis
1868 557 2021 583 dioecesis.
2044 557 2073 583 in
2094 566 2151 591 qua
2167 558 2214 591 jus
2238 560 2411 592 patronatus

1400 605 1559 637 habebant,
1576 609 1604 632 et
1620 615 1708 640 quam
1724 605 1816 633 bonae
1829 606 1989 633 memoriae
2003 606 2173 633 Bernardus
2184 609 2213 633 et
2229 607 2325 640 Hugo,
2341 607 2412 634 Car-

1399 654 1542 681 leolenses
1558 654 1699 689 episcopi,
1720 654 1852 689 ipsorum
1873 655 2050 681 monasterio
2073 655 2272 687 contulerant,
2289 655 2319 681 in
2341 663 2410 682 usus

1400 703 1611 729 monachorum
1627 703 1774 737 prioratus
1786 703 1916 737 ipsorum
1931 703 1967 730 de
1980 703 2161 730 XVederhale
2172 705 2217 734 <=
2229 703 2410 736 XVeffieral),

1399 750 1530 784 ejusdem
1548 751 1701 784 dioecesis,
1714 752 1957 778 convertendam.
1972 752 2104 784 —fflm
2122 752 2165 784 19,
2182 753 2201 778 f.
2220 751 2353 787 153[147]
2366 755 2410 784 v';

1399 807 1468 825 ann.
1487 799 1569 831 XIII,
1587 808 1611 825 e.
1628 800 1694 831 251;
1711 814 1742 818 -—
1760 800 1917 827 PoTTnAsr
1934 800 2044 832 10854.)

1441 951 1454 965 «
1475 962 1494 967 ..
1513 939 1612 968 abbaci
1633 944 1659 968 et
1680 942 1844 969 conventui
1864 942 2045 969 monasterii
2059 941 2166 970 Sancte
2181 942 2278 970 Marie
2300 942 2414 970 Ebora-

1398 993 1504 1027 censis,
1522 993 1643 1021 ordinis
1657 994 1758 1022 sancti
1770 993 1934 1022 Benedicti.
1950 993 2187 1023 Referentibus
2205 993 2309 1028 vobis,
2325 1002 2415 1024 accc-

1399 1045 1510 1083 pimus
1533 1062 1581 1074 —.
1607 1046 1680 1075 Dat.
1706 1046 1871 1081 Laterani,
1892 1047 1924 1076 II
1944 1046 2019 1076 idus
2040 1046 2169 1081 martii,
2187 1055 2274 1077 anno
2298 1047 2415 1077 tertio-

1400 1098 1539 1128 decimo.
1560 1111 1573 1125 ι)

1108 1913 1158 1932 rm
1183 1912 1220 1933 DE
1244 1913 1282 1932 LA
1304 1905 1477 1933 'rr-Emistin
1500 1906 1617 1933 ΑΝΜῖῑΕ.
