2553 3526
834 662 1114 716 INCIPIT
1152 663 1562 719 REGESTUM

144 890 668 992 DOMINI
729 889 1413 991 GREGORH
1471 893 1834 992 PAPE
1896 884 2245 996 NONI

745 1153 962 1207 ANNI
1019 1153 1647 1215 QUARTIDECIMI

176 1709 332 1745 Episcopis
355 1717 408 1744 per
431 1709 596 1736 marchiam
618 1708 839 1735 Anconitanam
861 1708 1032 1735 constitutis
1055 1708 1159 1736 scribit

140 1759 213 1794 quid
228 1759 265 1786 de
277 1758 471 1785 vestimentis
484 1756 685 1784 Eremitarum
704 1757 804 1784 fratris
819 1757 963 1784 Johannis
978 1757 1065 1790 Boni,
1083 1758 1160 1784 ordi-

141 1808 188 1835 nis
212 1807 309 1835 sancti
338 1806 513 1841 Augustini,
545 1806 608 1840 ipse
633 1814 709 1840 papa
738 1806 885 1838 statuerit,
910 1806 1010 1840 eisque
1036 1806 1159 1833 mandat

141 1859 298 1890 quatenus,
310 1869 343 1874 —-
355 1863 421 1882 cum
437 1854 582 1889 praedicti
594 1854 756 1886 Eremitae,
769 1857 796 1881 et
808 1854 860 1880 alii
872 1854 1003 1887 religiosi
1016 1854 1078 1880 illis
1089 1862 1159 1880 con-

139 1906 249 1932 formes
262 1903 379 1936 habitu,
399 1904 430 1930 in
449 1903 550 1930 eadem
571 1902 705 1929 marchia
722 1902 887 1935 constituti,
904 1902 936 1929 in
954 1904 1079 1929 fratrum
1097 1902 1158 1929 Mi-

139 1961 244 1981 norum
262 1952 421 1979 infamiam
443 1953 569 1979 formam
587 1951 715 1978 vestium
733 1951 926 1985 prohibitam,
947 1952 1036 1985 plane
1057 1959 1156 1985 parem

138 2004 252 2031 formae
279 2002 409 2029 vestium
440 2003 566 2028 fratrum
596 2001 771 2033 eorundem,
802 2004 961 2034 gestarent,
990 2015 1020 2018 —
1053 2000 1083 2027 in
1112 2009 1158 2027 eos

140 2051 190 2086 qui
206 2051 390 2086 praescripto
406 2050 612 2078 Eremitarum
629 2053 707 2076 certo
723 2049 840 2076 habitui
855 2049 1093 2081 contraveniant,
1111 2057 1158 2075 ex-

139 2099 424 2128 communicationis
444 2098 623 2126 sententiam
639 2098 838 2132 promulgent.
850 2112 881 2115 —
896 2098 983 2128 (Res.
996 2097 1040 2130 20,
1054 2099 1074 2123 f.
1088 2098 1100 2124 1
1118 2101 1157 2129 r0;

138 2157 209 2176 ann.
233 2149 317 2181 XIV,
334 2157 359 2175 c.
381 2149 414 2180 1;
438 2163 470 2166 —
488 2147 622 2175 Monam
639 2147 719 2180 1193,
736 2148 756 2173 f.
774 2147 786 2174 1
802 2155 808 2179 ;
826 2161 858 2165 -
874 2147 1032 2174 PorrnAsT
1048 2147 1158 2178 10860.)

721 1647 842 1678 Latran,
859 1646 893 1673 24
910 1655 988 1673 mars
1004 1647 1083 1673 1240.

182 2256 196 2271 ιι
234 2243 459 2274 Venerabilibus
493 2243 646 2279 fratribus
675 2243 820 2280 episcopis
851 2251 903 2280 per
930 2243 1156 2271 Anconitanum

138 2297 315 2327 marchiam
345 2297 529 2325 constitutis.
564 2295 723 2325 Dudum¹
755 2295 907 2333 apparuit
936 2294 972 2324 in
1005 2294 1157 2333 partibus

139 2349 338 2381 Lombardie
353 2348 483 2387 religio,
504 2348 599 2387 cujus
617 2348 835 2386 professores,
856 2347 964 2377 vocati
988 2348 1158 2377 Heremite

138 2403 254 2434 fratris
272 2401 438 2434 Johannis
456 2401 553 2437 Boni,
578 2400 707 2430 ordinis
731 2400 838 2430 sancti
857 2400 1052 2438 Augustini,
1069 2409 1157 2430 nunc

139 2455 303 2486 succincti
331 2454 463 2485 tunicas
483 2462 560 2484 cum
584 2453 749 2491 corrigiis,
771 2452 908 2483 baculos
932 2457 1100 2491 gestantes
1122 2454 1157 2483 in

138 2508 307 2544 manibus,
327 2517 417 2538 nunc
438 2516 516 2538 vero
538 2507 690 2537 dimissis
710 2506 850 2542 baculis,
869 2506 1080 2542 incedebant,
1100 2516 1157 2545 pe-

139 2561 274 2592 cuniam
291 2570 349 2600 pro
370 2559 564 2591 elemosinis
586 2559 729 2598 aliisque
747 2559 909 2590 subsidiis
926 2559 1154 2598 deposcentes,

139 2618 170 2645 et
187 2614 268 2644 adeo
284 2614 454 2644 variantes
471 2613 600 2643 ordinis
623 2612 675 2642 sui
694 2612 927 2648 substantiam,
952 2616 998 2649 ut,
1026 2612 1155 2643 dilectis

138 2667 218 2697 filiis
236 2666 398 2697 fratribus
415 2666 603 2696 Minoribus
628 2665 825 2700 uniformes,
845 2665 880 2694 in
905 2665 1155 2703 derogationem

139 2719 359 2758 multiplicem
372 2719 521 2757 ipsorum
535 2718 664 2748 ordinis
679 2718 902 2755 crederentur,
919 2719 1045 2748 eisdem
1058 2728 1156 2757 prop-

138 2778 188 2804 ter
215 2773 278 2803 hoc
304 2773 469 2803 minorem
501 2771 587 2811 apud
619 2771 733 2802 fideles
763 2771 987 2802 sentientibus
1018 2772 1052 2801 in
1084 2773 1154 2802 suis

139 2826 422 2866 oportunitatibus
439 2825 623 2857 carnatem.
645 2825 745 2861 Sane,
765 2833 840 2855 cum
854 2834 913 2863 per
928 2825 1155 2856 venerabilem

171 2940 192 2965 1.
209 2939 288 2964 Cette
305 2939 397 2970 piece,
413 2938 548 2969 premiere
564 2938 600 2961 du
617 2939 757 2968 Reyistre,
773 2944 931 2961 commenee
948 2945 996 2968 par
1012 2945 1066 2962 une
1083 2939 1153 2962 belle

137 2985 245 3009 initiale
260 2984 355 3014 ornee,
371 2991 437 3007 avec
454 2983 501 3007 des
519 2983 628 3007 dessins
643 2982 658 3006 a
672 2983 698 3006 la
714 2983 815 3013 plume,
832 2989 887 3006 non
904 2990 938 3006 en
955 2983 1078 3007 couleur.

1240 1646 1377 1676 fratrem
1403 1652 1552 1677 nostrum
1571 1671 1592 1677 ..
1609 1648 1797 1679 Ostiensem
1820 1649 2009 1688 episcopum
2027 1655 2055 1680 et
2077 1650 2161 1682 bone
2179 1661 2248 1682 me-

1240 1699 1345 1729 morie
1373 1700 1569 1739 Th[omam],
1603 1701 1692 1730 tituli
1725 1702 1844 1732 Sancte
1876 1702 1998 1733 Sabine
2027 1704 2247 1741 presbiterum

1241 1752 1472 1788 cardinalemt,
1488 1758 1566 1784 tunc
1580 1754 1613 1783 in
1631 1754 1780 1792 partibus
1795 1754 1863 1784 illis
1877 1754 2041 1793 legatione
2056 1757 2245 1794 fungentes,

1240 1805 1432 1845 hujusmodi
1449 1807 1653 1845 presumptio
1674 1807 1714 1836 ad
1735 1812 1881 1837 nostram
1908 1808 2111 1839 audientiam
2131 1819 2247 1848 perve-

1241 1858 1357 1890 nisset.
1376 1868 1446 1895 nos,
1470 1869 1511 1890 ne
1537 1860 1727 1899 idemptitas
1751 1861 1894 1890 vestium
1914 1861 1949 1890 in
1973 1862 2147 1892 ordinibus
2162 1862 2245 1901 ipsis

1241 1912 1472 1942 confusionem
1493 1918 1634 1951 pareret,
1657 1918 1688 1943 et
1712 1913 1789 1943 inde
1815 1913 1971 1944 scandala
1994 1915 2146 1952 graviora
2168 1925 2247 1946 con-

1241 1970 1426 2003 surgerent,
1442 1965 1483 1995 ad
1497 1970 1713 2005 utrorumque
1727 1966 1872 2005 quietem
1884 1967 2089 2005 providimus
2102 1973 2246 1999 statuen-

1241 2018 1329 2053 dum,
1344 2023 1380 2048 ut
1398 2019 1488 2057 prior
1503 2023 1534 2049 et
1549 2019 1698 2049 universi
1713 2029 1748 2049 ac
1763 2020 1888 2057 singuli
1903 2020 2023 2051 fratres
2039 2021 2178 2059 predicti
2194 2031 2247 2051 or-

1241 2071 1329 2101 dinis
1349 2072 1455 2101 sancti
1470 2072 1651 2110 Augustini
1668 2072 1702 2101 in
1720 2073 1940 2103 exterioribus
1952 2074 2170 2109 vestimentis,
2185 2084 2247 2113 que

1241 2124 1329 2162 nigri
1350 2124 1401 2154 vel
1426 2124 1493 2154 albi
1518 2125 1681 2155 debebant
1707 2134 1779 2155 esse
1807 2125 1938 2161 coloris,
1965 2135 2105 2165 quorum
2131 2127 2244 2163 altero,

1241 2177 1395 2208 videlicet
1411 2178 1517 2216 nigro,
1533 2178 1602 2217 jam
1626 2177 1728 2208 electo
1750 2178 1790 2208 ab
1813 2178 1873 2213 eis,
1896 2179 1987 2217 ipsos
2008 2179 2159 2210 volumus
2179 2189 2248 2210 ma-

1241 2239 1319 2261 nere
1336 2235 1516 2267 contentos,
1536 2231 1645 2269 largas
1669 2236 1700 2261 et
1723 2236 1895 2270 protensas
1916 2233 2076 2264 manicas.
2095 2233 2189 2272 quasi
2209 2234 2248 2263 ad

1240 2283 1348 2314 instar
1371 2283 1588 2319 cucullarum,
1618 2289 1648 2314 et
1670 2284 1811 2323 desuper
1835 2285 1907 2323 ipsa
1930 2286 2039 2315 ferant
2061 2286 2247 2325 peramplas

1241 2337 1400 2375 corrigias
1430 2342 1459 2367 et
1486 2342 1636 2375 patenter
1662 2337 1817 2367 omnibus
1844 2343 2055 2376 apparentes;
2085 2339 2131 2369 ita
2161 2340 2247 2378 quod

1240 2399 1354 2420 omnes
1379 2390 1481 2420 cincti
1507 2390 1630 2420 deforis
1654 2399 1709 2420 eas
1729 2390 1878 2420 vestibus
1901 2400 2111 2430 nequaquam
2135 2397 2247 2421 conte-

1241 2447 1333 2481 gant,
1354 2447 1385 2473 et
1402 2447 1571 2482 portantes
1589 2443 1623 2472 in
1640 2443 1795 2473 manibus
1811 2443 1946 2474 baculos
1963 2444 2110 2483 quinque
2125 2444 2246 2483 palmo-

1239 2505 1313 2526 rum
1330 2496 1516 2534 grandium,
1533 2505 1569 2526 ac
1585 2505 1738 2534 expresse
1754 2496 1789 2525 in
1805 2496 2061 2526 elemosinarum
2073 2497 2242 2535 petitione,

1240 2549 1334 2588 cujus
1351 2550 1418 2579 sint
1433 2549 1572 2583 ordinis,
1601 2548 1820 2583 declarantes,
1846 2548 1926 2578 adeo
1949 2558 2084 2578 suarum
2104 2550 2245 2579 vestium

1239 2601 1483 2640 longitudinem
1507 2605 1706 2639 temperent,
1731 2601 1818 2639 quod
1840 2610 1858 2630 a
1885 2601 2074 2640 quibusque
2098 2602 2246 2640 ipsorum

1240 2654 1456 2685 calciamenta
1482 2653 1587 2684 libere
1609 2653 1801 2689 videantur;
1826 2658 1862 2683 ut
1885 2654 1944 2689 sic,
1968 2654 2103 2684 habitus
2128 2656 2245 2685 confu-

1240 2708 1332 2737 sione
1349 2712 1474 2737 semota
1495 2711 1526 2736 et
1551 2706 1682 2736 sublata
1704 2706 1844 2736 materia
1868 2706 2026 2741 scandali,
2046 2716 2063 2736 a
2081 2707 2245 2745 predicto-

1239 2770 1311 2791 rum
1323 2760 1477 2790 ordinum
1489 2759 1650 2790 fratribus
1662 2759 1766 2798 possit
1780 2760 1941 2790 virtutum
1952 2760 2092 2790 Domino
2103 2760 2242 2790 liberius

1239 2818 1269 2843 et
1295 2814 1422 2851 gratius
1450 2813 1622 2843 deserviri.
1653 2813 1796 2849 Verum,
1824 2821 1899 2842 cum
1921 2813 2055 2851 quidam
2078 2813 2241 2843 heremite

1270 2937 1290 2960 1.
1311 2936 1353 2960 On
1368 2943 1383 2959 a
1399 2936 1458 2966 deja
1474 2935 1537 2959 note
1555 2936 1614 2965 plus
1629 2936 1694 2958 haut
1709 2936 1737 2964 (t.
1755 2935 1802 2963 111,
1817 2935 1869 2958 col.
1888 2935 1940 2963 158,
1952 2937 2016 2958 note
2032 2935 2051 2964 1)
2064 2935 2243 2965 rexpression

1237 2990 1248 3003 a
1265 2982 1353 3004 bonae
1369 2981 1515 3003 memoriae
1532 2988 1543 3001 υ
1560 2980 1704 3009 appliquee
1721 2980 1735 3001 ἐι
1748 2979 1866 3002 Thomas
1880 2979 1913 3002 de
1929 2979 2049 3009 Capoue.
