2553 3526
297 286 349 316 231
1023 287 1261 316 1100151005
1284 285 1339 314 DE
1362 279 1585 317 ennoomn
1610 289 1668 318 ix.
2343 293 2400 323 232

298 362 380 385 num,
397 362 431 379 ex
448 354 551 384 altera,
569 362 655 387 super
672 355 748 380 facto
764 354 945 380 visitationis
961 356 989 380 et
1004 353 1207 386 inquisitionis
1221 360 1305 378 exor-

298 403 485 436 ta111,eisque
501 404 622 429 mandat
639 405 784 436 quatenus
798 403 945 435 negotium
960 402 1166 435 inquisitionis
1178 402 1207 427 in
1221 409 1305 435 prae-

297 452 376 478 dicto
394 452 570 478 monasterio
592 451 767 477 Lucionensi
790 451 952 481 faciendae,
976 451 1022 476 vel
1049 450 1145 476 eidem
1171 450 1305 484 episcopo

298 501 464 530 remittant,
482 501 528 526 vel
547 500 602 533 ipsi
619 503 782 531 assumant,
797 502 826 525 et
842 499 917 532 quod
937 499 1112 525 canonicum
1128 499 1227 528 fuerit.
1245 502 1305 525 sta-

297 552 393 575 tuant.
412 548 602 579 —(1i÷:‹z‚sso,
621 550 640 574 1’.
658 548 673 573 6
687 554 732 579 v⁰3
750 556 819 573 ann.
834 548 917 579 XIV,
935 556 958 573 e.
972 547 1020 578 29;
1034 562 1064 565 —
1080 547 1213 574 Monimo
1226 548 1305 580 1193,

298 599 316 623 t.
336 597 386 626 20:
406 612 436 614 —
454 597 610 623 Porrrmsr
626 596 735 626 10871.)

338 737 349 750 «
371 747 388 752 ..
408 724 506 752 abbati
523 724 556 751 de
576 724 732 755 *Vnt-ariis,
758 724 942 751 Turonensis
960 723 1093 757 diocesis,
1118 728 1142 751 el
1161 746 1180 751 ..
1202 723 1307 752 archi-

1023 775 1151 805 abbatis
1175 780 1206 805 et
1229 784 1307 805 con-

296 834 412 859 ventus
437 828 734 866 Inicionen[sium],
757 828 884 857 ordinis
911 828 1017 857 sancti
1041 828 1227 864 Benedicti,
1249 837 1306 866 pe-

294 778 420 805 (liat-0110
441 777 653 804 ⁴Yunrthmrsi.
681 775 834 804 Exhibita
860 775 954 804 nobis
980 798 998 804 ..

296 885 366 913 titio
384 884 573 913 continebat
590 883 688 922 quod,
708 883 786 912 licet
806 892 920 913 eorum
940 883 1190 914 monasterinm.
1209 883 1306 921 longo

295 943 439 975 tempore
453 946 515 966 non
530 936 651 974 elapso,
666 945 730 965 non
742 935 848 965 solum
863 945 920 974 per
934 936 1157 966 venerabilem
1170 937 1306 966 fratrem

296 995 444 1019 nostrum
471 1013 490 1018 ..
514 990 743 1019 Pictavensem
765 989 966 1027 episcopum,
993 989 1055 1018 loci
1079 989 1304 1023 diocesanum,

295 1043 352 1073 sed
368 1043 466 1072 etiam
484 1052 540 1080 per
557 1042 746 1072 visitatores
766 1042 938 1079 generales
956 1042 1215 1079 Burdegalensis
1232 1051 1307 1080 pro—

296 1097 403 1126 vincie
425 1097 525 1126 fuerit
548 1096 731 1131 1151101001,
759 1105 863 1134 nuper
889 1100 997 1125 tamen
1023 1096 1108 1125 idem
1133 1096 1306 1134 episcopus

295 1159 368 1178 cum
385 1149 502 1187 majori
521 1150 729 1178 evectionum
747 1158 884 1178 numero
901 1157 999 1187 quam
1019 1155 1129 1186 posset
1145 1153 1307 1179 monaste-

296 1202 380 1231 rium
398 1207 600 1240 supportare,
622 1201 775 1231 videlicet
798 1210 872 1231 cum
897 1201 1033 1238 triginta
1056 1202 1255 1239 equitaturis
1277 1206 1308 1231 et

294 1255 444 1293 pluribus
462 1255 640 1293 peditibusv
660 1264 724 1283 non
745 1259 920 1284 contentus
938 1254 1023 1292 quod
1041 1264 1096 1284 eos
1122 1254 1198 1284 aliis
1218 1255 1308 1292 inju-

295 1309 355 1337 riis
373 1308 556 1346 etjaetnris
581 1308 746 1341 affecerat,
772 1307 992 1344 personaliter
1009 1307 1049 1336 ad
1068 1308 1308 1336 monasterium

294 1362 404 1399 ipsum
420 1361 570 1395 accessit,
586 1360 722 1389 ibidem.
741 1364 775 1389 nt
790 1360 930 1395 dicebat,
947 1360 1148 1390 visitationis
1163 1361 1308 1390 officium

294 1415 507 1451 impensurus
523 1424 528 1447 ;
548 1414 580 1442 in
600 1422 664 1452 quo
683 1422 747 1442 non
763 1413 888 1451 absque
906 1413 1063 1450 gravibus
1081 1414 1234 1451 expensis
1252 1423 1308 1452 per

295 1467 375 1496 duos
396 1467 465 1496 dies
487 1467 642 1496 continue
668 1475 793 1495 moram
816 1466 961 1502 trahens,
992 1466 1031 1495 ad
1054 1467 1308 1505 inquisitionem

296 1520 482 1549 faciendam
501 1524 564 1548 tam
590 1519 623 1547 111
649 1519 754 1557 0011110
779 1528 877 1557 quam
897 1519 931 1547 in
955 1519 1113 1548 membris
1133 1520 1309 1557 procedere

296 1572 399 1602 voluit
418 1582 475 1610 pro
499 1582 557 1601 sue
579 1572 673 1601 libito
694 1572 885 1601 voluntatis.
913 1572 1063 1610 Cumque
1085 1573 1185 1601 iidem
1207 1573 1309 1603 abbas

296 1631 325 1656 et
342 1631 524 1656 conventus
542 1626 613 1655 dari
630 1626 694 1655 sibi
719 1626 758 1655 ab
779 1626 931 1663 episeopo
954 1626 1023 1663 ipso
1047 1626 1189 1664 capitula
1211 1636 1310 1664 super

296 1680 417 1718 quibus
436 1679 564 1708 volebat
581 1679 763 1717 inquirere.
778 1679 963 1716 petiissent,
979 1688 1179 1717 quamquam
1196 1685 1310 1709 contra

296 1733 384 1770 ipsos
403 1732 494 1761 nulla
507 1732 645 1761 infamia
660 1731 709 1761 vel
723 1731 867 1761 clamosa
883 1732 1068 1761 insinuatio
1081 1733 1308 1770 111-0005515501,

295 1785 487 1815 facultatem
505 1794 635 1823 quoqne
653 1785 853 1814 defendendi
873 1794 906 1814 se
924 1785 1023 1823 ipsos.
1045 1786 1218 1823 presertim
1235 1796 1310 1815 cnm

295 1839 422 1877 priores
444 1843 474 1868 et
499 1838 633 1877 quidam
654 1838 801 1877 ejiisdem
828 1839 1024 1867 monasterii
1043 1839 1206 1875 monachi,
1228 1849 1310 1877 quo-

296 1901 368 1921 rum
394 1892 564 1925 intererat,
584 1892 689 1920 vocati
715 1900 779 1920 non
799 1891 933 1927 fuerint,
955 1892 1011 1930 qui
1029 1893 1196 1922 commode
1219 1898 1310 1931 pote-

297 1950 369 1974 rant
388 1945 570 1974 interesse:
599 1945 677 1982 quia.
700 1945 807 1973 dictus
834 1945 1007 1982 episeopus
1036 1945 1095 1974 1100
1122 1946 1170 1975 015
1195 1951 1310 1975 contra

293 1998 459 2036 justitiam
485 1997 679 2034 denegabat.
708 2002 738 2026 et
765 1998 799 2026 in
828 1998 1061 2035 inquisitionis
1086 1999 1217 2035 negotio
1244 2008 1308 2028 non

297 2056 425 2080 servata
446 2051 551 2079 forma
574 2051 734 2079 canonica
756 2050 963 2087 procedebat,
989 2060 1025 2080 ex
1049 2056 1140 2089 parte
1161 2052 1309 2089 ipsorum

297 2104 336 2132 ad
356 2108 501 2132 nostram
520 2103 583 2132 fuit
605 2103 811 2132 audientiam
835 2103 1046 2141 appellatum.
1065 2105 1215 2134 Presatns
1233 2114 1309 2134 vero

296 2157 488 2194 episeopus,
520 2165 633 2185 01111101
667 2156 888 2193 appellatione
919 2161 1116 2194 contempta,
1146 2157 1184 2186 de
1209 2158 1306 2192 facto,

296 2220 368 2239 rum
391 2210 523 2248 dejure
551 2218 613 2238 non
639 2214 758 2247 posset,
790 2210 824 2238 in
852 2210 993 2239 eundem
1022 2210 1171 2240 abbatem
1193 2216 1223 2241 et
1245 2212 1309 2241 sibi

297 2263 494 2292 adherentes
511 2272 546 2291 ac
564 2263 695 2291 demum
720 2262 753 2291 in
775 2267 973 2292 conventum
994 2263 1101 2301 ipsum
1122 2273 1309 2294 exeommu-

297 2315 475 2344 nicationis
499 2320 530 2344 et
556 2316 788 2353 suspensionis
812 2316 995 2345 sententias
1019 2317 1141 2346 dicitur
1164 2318 1310 2355 promul-

296 2377 402 2404 gasse.
422 2369 572 2397 invocato
590 2373 704 2397 contra
721 2378 775 2398 eos
796 2368 1036 2399 nichilominus
1054 2370 1190 2400 brachio
1214 2380 1309 2401 secu-

296 2422 373 2457 lari,
393 2426 434 2455 et,
457 2426 491 2450 ut
507 2422 612 2458 magis
630 2427 759 2451 vexaret
778 2422 921 2457 eosdem,
936 2422 1143 2460 diligentiam
1161 2424 1308 2461 ipsorum

297 2475 505 2513 preveniens.
529 2475 567 2504 de,
592 2475 812 2512 appellatione
833 2480 863 2505 et
888 2475 964 2505 aliis
989 2477 1188 2513 supradictis
1212 2477 1309 2515 plena

297 2529 463 2557 mentione
482 2537 545 2557 non
563 2528 687 2560 habita,
707 2538 806 2566 super
822 2529 1053 2559 observatione
1066 2531 1307 2560 sei'itentiarum

297 2582 444 2618 ipsarum
456 2582 495 2610 ad
506 2583 544 2611 R.
563 2582 600 2611 de
619 2582 789 2618 Dumrill„v
804 2582 1001 2611 canonicum
1012 2583 1306 2617 Vindocinensem,

297 2639 327 2663 et
347 2634 488 2670 collegas
506 2644 583 2664 suos
602 2640 742 2667 nostras,
764 2640 797 2664 ut
814 2635 945 2669 dicitur,
962 2635 1089 2665 litteras
1106 2637 1307 2674 impetravit.

296 2687 404 2722 Quare
428 2687 584 2724 petebant
614 2688 793 2725 premissas
823 2689 1007 2718 sententias
1036 2689 1145 2719 nullas
1175 2690 1308 2728 penitus

299 2740 455 2771 nuntiari.
479 2749 543 2769 non
563 2740 772 2770 obstantibus
796 2741 917 2771 litteris
939 2742 1139 2779 supradictis
1160 2747 1215 2771 aut
1233 2743 1309 2772 aliis

298 2793 337 2821 ab
362 2793 474 2822 eodeni
497 2793 648 2831 episeopo
674 2794 860 2832 impetratis
889 2800 959 2832 post
986 2800 1154 2833 arreptum
1178 2796 1241 2826 iter
1269 2796 1308 2825 ab

298 2846 413 2875 abbate
441 2846 587 2883 predicto
614 2847 653 2875 ad
680 2847 797 2876 Sedem
820 2847 1043 2885 Apostolicam
1070 2849 1240 2884 veniendi;
1272 2858 1308 2878 ac

298 2898 442 2927 revocari
461 2899 493 2926 111
514 2899 646 2928 irritum
671 2900 829 2938 quicquid
853 2905 924 2938 post
946 2900 1137 2939 hujusmodi
1163 2901 1308 2939 appella-

296 2951 419 2980 tionem
447 2961 504 2989 per
530 2952 640 2989 ipsum
663 2952 853 2990 episcopum
879 2953 928 2983 vel
953 2953 1023 2992 ejus
1049 2954 1244 2984 auctoritate
1273 2955 1307 2984 in

1388 361 1500 382 eorum
1531 354 1752 391 prejudicium
1781 355 1976 385 innovatum
2002 360 2051 386 est
2077 357 2127 386 vel
2149 362 2397 396 presumptnm;

1388 414 1448 435 nec
1469 415 1533 435 non
1556 407 1714 437 satisfieri
1738 407 1802 437 sibi
1827 408 1865 438 de
1888 408 2040 446 dampnis
2057 414 2088 439 et
2106 409 2241 448 injuriis
2259 420 2321 449 que
2338 411 2400 442 hac

1388 458 1561 488 occasione
1589 468 1646 497 per
1665 460 1860 498 jamdictum
1884 461 2074 499 episcopum
2101 461 2261 492 hactenus
2287 464 2400 494 subie-

1390 515 1483 546 runt;
1507 516 1538 541 et
1555 516 1620 541 tam
1636 513 1746 550 ipsum
1764 513 1954 551 episcopum
1972 523 2070 553 quam
2091 515 2247 546 officiales
2265 526 2342 547 51105
2359 517 2400 546 ab

1389 573 1502 594 eorum
1520 564 1668 594 indebita
1685 565 1916 596 molestatione
1939 568 2114 605 compesci.
2139 569 2183 598 Ex
2207 573 2299 607 parte
2322 579 2400 600 vero

1388 618 1508 655 prefati
1528 618 1674 656 episcopi
1695 619 1758 649 suit
1775 620 1980 657 propositum
1997 630 2035 650 ex
2052 621 2189 652 adverso
2208 623 2305 661 quod,
2325 632 2399 652 cum

1388 670 1475 700 idem
1494 671 1594 701 abbas
1611 681 1710 710 super
1725 673 1855 710 magnis
1872 674 2063 704 excessibus
2082 679 2170 705 esset
2186 676 2331 713 graviter
2346 676 2399 705 in-

1388 723 1543 757 famatus,
1561 725 1715 763 quodque
1734 726 1973 755 monasterinm
1991 727 2100 764 ipsum
2116 728 2150 757 in
2167 728 2399 766 spiritualibus

1388 780 1419 805 et
1443 776 1681 814 temporalibus
1704 787 1761 816 per
1786 779 1857 817 ejus
1884 779 2049 809 incuriam
2075 789 2134 810 seu
2161 780 2399 819 negligentiam

1388 829 1516 867 lapsum
1534 834 1614 865 erat,
1632 835 1704 868 post
1723 831 1834 869 plures
1853 833 2055 863 monitiones
2076 843 2175 872 super
2196 835 2400 865 correctione

1388 882 1494 920 ipsius
1511 883 1617 913 eidem
1632 883 1743 913 abbati
1760 885 1863 914 factas
1887 890 1952 914 tam
1969 896 2026 924 per
2042 887 2183 917 eundem
2209 888 2400 926 episcopum

1389 936 1464 965 viva
1480 945 1557 966 voce
1581 945 1680 975 quam
1699 946 1755 975 per
1778 939 1913 968 nuntios
1932 943 1963 968 et
1986 939 2068 969 alios
2093 940 2155 970 fide
2175 941 2303 978 11131105,
2327 945 2401 970 tan-

1389 989 1462 1018 dem
1485 989 1524 1018 ad
1541 990 1778 1020 monasterium
1802 991 1911 1028 ipsum
1933 993 2082 1028 accessit,
2109 993 2234 1023 ibidem
2255 994 2400 1032 inquisi-

1390 1042 1491 1071 tionis
1510 1046 1541 1072 et
1560 1043 1764 1073 visitationis
1785 1044 1929 1074 officium
1948 1045 2178 1083 impensurus3
2197 1055 2270 1076 cum
2290 1052 2401 1077 autem

1389 1095 1487 1125 vellet
1512 1095 1545 1124 in
1568 1096 1789 1134 inquisitione
1809 1106 1845 1126 ac
1868 1097 2060 1128 visitatione
2083 1099 2258 1136 procedere
2277 1104 2343 1129 tam
2365 1100 2401 1130 in

1391 1148 1497 1186 capite
1514 1158 1611 1187 quam
1631 1149 1665 1178 in
1686 1150 1855 1184 membris,
1876 1159 1912 1179 ac
1936 1155 2060 1188 peteret
2085 1151 2124 1181 ab
2150 1152 2267 1182 abbate
2284 1157 2314 1183 et
2331 1162 2402 1182 mo-

1391 1201 1508 1231 nachis
1526 1206 1570 1236 ut,
1594 1202 1732 1240 prestito
1752 1203 1952 1241 juramento,
1973 1213 2072 1241 super
2088 1209 2176 1234 statu
2192 1206 2400 1240 monasterii,

1390 1253 1528 1283 occultis
1553 1255 1751 1285 criminibus
1777 1255 1947 1285 dumtaxat
1969 1257 2125 1294 exceptis,
2152 1266 2276 1287 meram
2294 1263 2325 1288 et
2341 1268 2402 1296 pn-

1390 1318 1459 1338 ram
1474 1308 1622 1338 dicerent
1634 1308 1818 1343 veritatem,
1834 1309 1909 1347 ipsi,
1925 1309 2001 1339 licet
2013 1310 2228 1348 inquisitioni
2242 1312 2401 1342 canonice

1392 1361 1570 1391 voluntarii
1590 1370 1624 1391 se
1643 1362 1810 1395 offerrent,
1831 1362 1917 1391 sicut
1933 1362 2021 1392 idem
2038 1363 2138 1393 abbas
2155 1372 2265 1393 coram
2282 1364 2401 1394 dilecto

1390 1414 1458 1443 filio
1474 1419 1585 1444 nostro
1605 1414 1809 1453 S[tepl1ano].
1830 1415 1918 1444 tituli
1939 1416 2058 1446 Sancte
2082 1416 2185 1446 Marie
2202 1417 2401 1456 Transtybe-

1390 1478 1463 1507 rym
1495 1468 1678 1506 presbitero
1709 1468 1885 1503 cardinali,
1917 1478 2014 1508 quem
2045 1469 2108 1499 sibi
2139 1474 2170 1499 et
2197 1471 2403 1508 procuratori

1392 1521 1494 1559 partis
1517 1521 1653 1550 alterius
1673 1521 1856 1551 auditorem
1878 1521 2121 1556 concessimus,
2143 1526 2192 1552 est
2214 1523 2399 1558 confessus,

1392 1579 1500 1603 tamen
1520 1578 1666 1611 prestare
1684 1574 1910 1612 juramentum
1931 1574 2122 1613 huj11smodi
2141 1574 2331 1610 noluerunt,
2351 1576 2401 1605 di-

1392 1632 1504 1657 centes
1523 1627 1609 1665 quod
1629 1635 1693 1656 non
1711 1631 1952 1656 consueverant
1975 1627 2009 1655 in
2032 1628 2235 1657 monasterio
2256 1628 2402 1666 predicto

1387 1680 1511 1717 jurare,
1530 1680 1586 1709 sed
1604 1680 1707 1718 parati
1728 1684 1822 1709 erant
1839 1680 1937 1709 verbo
1955 1679 2099 1718 simplici
2116 1680 2154 1710 de
2168 1685 2256 1710 statu
2274 1690 2403 1712 monas-

1393 1733 1468 1762 terii
1486 1733 1594 1762 dicere
1612 1733 1794 1767 veritatem,
1816 1732 1855 1761 ab
1876 1733 1989 1762 eodem
2007 1733 2159 1771 episcopo
2177 1734 2343 1772 requisiti.
2362 1735 2403 1764 At

1392 1786 1479 1816 idem
1502 1786 1686 1823 episcopus,
1710 1789 1844 1823 paratus
1867 1785 1982 1815 audire
2001 1786 2146 1816 rationes
2162 1795 2275 1816 eorum
2292 1787 2404 1825 legiti-

1392 1849 1474 1873 mas,
1500 1839 1528 1868 51
1545 1848 1627 1877 quas
1647 1843 1867 1876 proponerent
1889 1848 1996 1868 coram
2021 1839 2104 1877 ipso,
2129 1844 2160 1869 et
2184 1840 2267 1870 alias
2290 1850 2404 1879 proce-

1393 1893 1468 1922 dere
1486 1892 1667 1922 secundum
1685 1891 1772 1930 quod
1789 1891 1974 1929 expostulat
1991 1892 2069 1921 ordo
2084 1893 2183 1931 juris,
2205 1902 2241 1922 ac
2260 1894 2402 1924 offerens

1393 1946 1596 1984 gravamina,
1616 1945 1720 1983 siqua
1733 1945 1901 1979 intulerat,
1917 1955 2081 1977 revocare,
2096 1947 2264 1976 mandavit
2278 1947 2403 1977 eisdem

1393 1999 1504 2029 abbati
1534 2003 1565 2027 et
1594 1997 1766 2027 monachis
1792 1998 1878 2036 quod
1903 1998 2066 2037 jurarent,
2095 2008 2167 2028 rum
2195 1999 2277 2029 alias
2304 2009 2403 2038 super

1393 2056 1478 2082 statu
1505 2051 1700 2081 monasterii
1722 2051 1893 2080 certiorari
1919 2051 2066 2081 crederet
2085 2061 2119 2081 se
2142 2061 2206 2081 non
2229 2062 2342 2091 11055ος
2367 2054 2402 2083 111

1392 2106 1492 2143 ipsos,
1520 2105 1608 2143 quia⁷
1636 2103 1762 2142 pluries
1784 2104 1902 2133 moniti
1926 2108 1955 2133 et
1983 2104 2211 2142 sollempniter
2234 2106 2398 2144 requisiti,

1388 2159 1500 2197 jurare
1520 2158 1657 2186 minime
1674 2156 1860 2189 votuerunt,
1882 2162 2012 2195 propter
2031 2158 2115 2196 quod
2135 2167 2192 2196 per
2209 2159 2317 2196 ipsum
2337 2169 2402 2189 non

1391 2215 1517 2250 poterat
1534 2211 1567 2239 in
1585 2210 1788 2239 correctione
1807 2219 1843 2239 ac
1861 2210 2096 2240 reformatione
2112 2211 2255 2248 procedi,
2273 2221 2403 2242 excom-

1393 2263 1630 2294 municationis
1652 2263 1851 2292 sententiam
1874 2263 2123 2301 promulgando.
2142 2265 2210 2302 Ipsi
2235 2274 2321 2300 vero.v
2347 2275 2402 2296 ex-

1392 2327 1521 2347 cessum
1550 2316 1741 2347 excessibus
1772 2315 1989 2352 cumulantes,
2023 2316 2058 2345 in
2086 2317 2156 2355 ejus
2186 2317 2345 2357 injuriam
2372 2323 2403 2348 et

1392 2370 1616 2401 ecclesiastice
1637 2368 1812 2406 discipline
1833 2373 2068 2406 contemptum,
2094 2370 2350 2401 immiscuerunt
2368 2380 2402 2401 se

1392 2424 1531 2458 divinis3
1551 2427 1581 2452 et
1598 2423 1685 2452 idem
1703 2422 1815 2456 abbas,
1834 2426 1869 2451 ut
1886 2422 2019 2457 dicitur,
2038 2423 2192 2461 spiritum
2207 2424 2402 2462 dampnabi-

1391 2478 1432 2507 lis
1464 2477 1657 2507 rebellionis
1687 2485 1873 2507 assumens,
1902 2477 2201 2506 excommunicavit
2230 2486 2344 2508 omnes
2372 2482 2403 2508 et

1392 2530 1542 2566 singulos
1566 2530 1622 2568 qui
1640 2538 1658 2558 a
1679 2529 1803 2557 divinis
1824 2533 1993 2557 cessarent
2011 2538 2047 2557 ac
2067 2534 2239 2559 servarent
2256 2531 2403 2569 episcopi

1392 2583 1587 2615 sententias,
1608 2582 1738 2620 sibique
1756 2590 1820 2610 non
1845 2580 2054 2615 adhererent,
2073 2581 2123 2611 vel
2140 2583 2329 2620 episcopum
2346 2584 2403 2613 ad-

1392 2637 1562 2665 mitterent
1578 2635 1618 2664 ad
1635 2634 1792 2673 predicta.
1814 2635 1882 2663 Nos
1905 2634 2019 2671 igitur,
2044 2635 2206 2665 facientes
2228 2645 2285 2674 per
2301 2636 2403 2666 dilec-

1393 2695 1461 2718 tum
1475 2689 1579 2718 tilium
1593 2688 1730 2717 fratrem
1742 2687 1932 2718 Arnulsum,
1948 2687 2221 2725 penitentiarinm
2239 2694 2398 2726 nostrum,

1392 2742 1519 2772 absolvi
1546 2741 1749 2779 sepedictum
1776 2740 1939 2774 abbatem,
1961 2740 2054 2778 juxta
2078 2741 2218 2770 formam
2243 2742 2401 2778 Ecclesie,

1392 2795 1431 2824 ad
1458 2794 1631 2829 cautelam,
1662 2797 1793 2831 recepta
1817 2793 1909 2831 prius
1936 2793 1975 2822 ab
2002 2802 2038 2823 eo
2063 2794 2227 2832 juratoria
2250 2796 2402 2826 cautione

1391 2848 1488 2886 quod,
1505 2848 1532 2876 si
1550 2846 1736 2876 constiterit
1758 2846 1847 2884 ipsas
1870 2846 2053 2876 sententias
2070 2847 2315 2878 rationabiliter
2330 2857 2403 2879 esse

1391 2902 1486 2935 latas,
1509 2910 1607 2938 super
1627 2899 1694 2928 hiis
1716 2908 1773 2937 pro
1797 2898 1918 2937 quibus
1940 2898 2005 2929 late
2026 2899 2173 2935 fuerunt,
2191 2900 2297 2938 ipsius
2315 2901 2403 2940 epis-

1391 2954 1463 2992 copi
1480 2953 1633 2982 mandato
1651 2951 1790 2990 parebit,
1809 2951 2004 2981 mandamus
2021 2956 2196 2990 quatenus,
2220 2953 2260 2983 ab
2276 2954 2403 2985 eisdem
