2553 3526
0 2635 15 3256 ἱ

99 679 101 681 ’
130 687 370 717 nichilominus

129 306 187 336 ‘257

129 377 162 402 et
175 372 215 401 V.
236 376 267 401 et
289 370 324 401 O.
349 378 490 404 sorores,
509 369 595 399 filias
615 370 780 408 quondam
805 371 1001 400 Buccarani.
1022 369 1140 399 militis

128 422 412 462 Nigripontensis,
441 431 478 452 ex
500 422 615 458 altera,
636 431 735 461 super
755 423 858 453 casali
881 423 919 453 de
943 422 1092 452 Licolnia
1110 426 1139 451 et

127 476 342 516 pertinentiis
358 475 441 514 ejus,
460 474 500 504 ad
516 475 605 504 idem
627 476 883 510 monasterium,
904 475 988 505 sicut
1006 475 1138 504 dicitur.

129 530 168 560 de
181 529 256 568 jure
272 528 509 567 spectantibus,
529 528 681 563 vertitur,
698 528 855 558 dilectum
868 528 974 558 filium
990 532 1141 557 nostrum

129 581 366 621 R[ainerium],
385 581 504 611 Sancte
521 581 625 610 Marie
641 581 676 610 in
693 581 864 611 Cosmidin
881 580 1057 610 diaconum
1074 589 1142 609 car—

129 634 288 669 dinalem,
305 634 457 672 partibus
478 633 705 663 concessimus
724 633 926 663 auditorem:
946 633 1141 662 mandantes

402 709 420 715 ..
449 686 583 720 decano,
614 709 633 715 ..
663 685 898 715 archidiacono
925 690 954 716 et
984 686 1140 721 Henrico,

129 739 290 770 canonico
312 739 480 769 Thebanis
494 740 514 773 ¹,
540 743 576 768 ut
596 738 762 777 predictas
786 739 826 768 V.
845 742 874 768 et
889 739 925 769 O.
945 739 1142 769 auctoritate

129 796 244 823 nostra
269 792 422 827 citarent,
451 791 582 821 instans
606 795 684 820 tunc
706 791 828 821 festum
852 791 942 821 beati
967 791 1141 821 Michaelis

129 844 199 875 illis
221 844 400 875 terminum
425 844 686 882 peremptorium
705 844 918 882 assignando,
943 853 1006 883 quo
1027 853 1085 882 per
1107 853 1142 874 se

131 897 183 929 vel
194 901 425 936 procuratores
440 896 578 926 idoneos
594 896 628 926 in
653 900 766 926 nostra
788 897 957 935 presentia
977 906 1143 935 compare-

129 955 220 987 rent;
242 950 392 989 alioquin
414 954 533 980 extunc
552 949 588 979 in
612 958 667 980 eas
688 951 1041 980 excommunicationis
1066 960 1142 980 sen-

131 1004 268 1034 tentiam
283 1002 543 1042 promulgarent.
561 1003 710 1042 Cumque
728 1003 935 1042 postmodum
953 1004 1033 1042 ipse,
1048 1004 1142 1043 juxta

130 1056 348 1095 prescriptam
368 1056 510 1086 formam
531 1056 630 1086 citate
653 1055 814 1094 legitime,
836 1057 870 1086 in
894 1057 1036 1086 termino
1055 1057 1142 1095 jam-

128 1109 217 1140 dicto
231 1109 284 1140 vel
298 1113 413 1148 postea
427 1118 486 1147 per
501 1118 536 1139 se
553 1109 605 1139 vel
624 1114 855 1147 procuratores
878 1109 1008 1148 aliquos
1028 1110 1142 1140 venire

129 1163 402 1201 contempserint,
431 1171 488 1201 per
516 1162 692 1192 biennium
710 1167 746 1203 ,et
768 1162 911 1201 amplius
937 1167 1105 1201 expectate
1133 1173 1138 1191 :

128 1215 237 1247 dictus
251 1216 445 1251 cardinalis,
463 1225 562 1255 quem
579 1225 678 1255 super
694 1216 809 1246 eadem
825 1226 924 1246 causa
941 1217 1050 1247 denuo
1066 1226 1141 1246 con-

127 1269 292 1300 cessimus
325 1269 519 1303 auditorem,
553 1269 745 1308 hujusmodi
777 1272 910 1300 eorum²
933 1270 1140 1299 contumacia

127 1322 291 1361 exigente,
310 1321 464 1364 abbatem
482 1326 512 1352 et
529 1326 728 1352 conventum
752 1322 894 1356 eosdem,
913 1331 1014 1352 causa
1031 1326 1140 1352 custo-

127 1374 191 1411 die,
212 1375 247 1404 in
267 1374 494 1413 predictorum
515 1374 636 1404 casalis
659 1379 690 1405 et
711 1375 953 1413 pertinentium
975 1375 1046 1414 ejus
1065 1384 1140 1413 pos-

126 1427 312 1458 sessionem
328 1427 475 1458 decrevit
490 1427 616 1457 induci.
635 1428 703 1458 Nos
722 1428 836 1465 igitur,
857 1428 944 1466 quod
959 1437 1017 1466 per
1033 1428 1140 1458 cardi-

127 1480 238 1511 nalem
257 1480 368 1519 ipsum
394 1489 494 1518 super
516 1480 577 1510 hoc
598 1481 723 1510 factum
747 1485 806 1515 est,
833 1485 941 1510 ratum
964 1480 1137 1515 habentes,

127 1533 325 1563 mandamus
351 1537 516 1572 quatenus
540 1534 686 1572 prefatos
713 1533 865 1563 abbatem
886 1538 917 1564 et.
940 1539 1139 1564 conventum

126 1586 164 1615 in
191 1586 440 1624 possessionem
465 1586 633 1616 inducatis
659 1586 797 1616 eandem
822 1591 852 1616 et
875 1586 1062 1617 defendatis
1087 1588 1140 1616 in-

127 1641 254 1672 ductos.
271 1641 540 1672 Contradictores
557 1646 618 1672 etc.
637 1641 730 1678 Quod
747 1642 775 1671 si
793 1651 858 1671 non
875 1642 971 1672 ambo
987 1647 1047 1672 etc.
1064 1643 1137 1673 Dat.

128 1694 296 1731 Laterani,
313 1694 468 1725 kalendis
481 1695 582 1734 junii,
601 1704 688 1725 anno
707 1695 966 1734 quartodecimo.
987 1708 999 1722 n

198 1887 319 1916 5205
728 1889 850 1919 Latran,
865 1888 900 1915 20
915 1889 975 1915 mai
988 1889 1067 1916 1240.

162 1948 308 1983 Episcopo
327 1949 533 1983 &Vigorniensi
556 1949 678 1976 mandat
699 1952 855 1983 quatenus,
875 1950 991 1977 clericis
1008 1951 1141 1978 uxoratis

124 1996 347 2031 wigorniensis
357 1997 500 2024 dioecesis
513 2006 527 2022 «
542 1997 702 2025 subtractis
713 1998 924 2025 ecclesiasticis
938 1999 1100 2031 beneficiis,
1113 2003 1141 2026 et

127 2053 142 2072 n
161 2046 230 2073 aliis
243 2044 384 2081 [clericis]
399 2046 436 2073 ab
451 2047 585 2074 ecclesiis
596 2047 626 2073 in
643 2047 751 2080 quibus
766 2056 813 2074 eos
829 2048 996 2074 constiterit
1012 2048 1072 2074 suis
1089 2056 1141 2082 pa-

126 2102 141 2120 »)
161 2094 258 2122 tribus
277 2096 360 2122 nullo
381 2095 478 2122 medio
493 2096 680 2127 successisse,
697 2096 819 2123 remotis
836 2104 860 2125 n,
882 2101 1038 2130 perpetuos
1058 2097 1141 2124 vica-

125 2143 185 2171 rios
204 2151 256 2178 per
277 2143 511 2171 subtractionem
528 2145 711 2172 vieariarum
733 2154 852 2172 suarum
875 2147 1034 2180 compellat
1053 2150 1086 2173 ut
1108 2146 1140 2172 iu

126 2192 261 2220 ecclesiis
277 2192 310 2219 in
330 2192 438 2226 quibus
454 2193 582 2220 vicarias
597 2194 764 2225 obtineant,
781 2195 976 2228 personaliter
991 2195 1141 2222 resideant

125 2243 166 2274 et,
179 2243 267 2275 prout:
278 2240 410 2275 ipsarum
427 2241 607 2268 vicariarum
622 2250 691 2268 cura
706 2243 848 2276 requirat,
862 2243 899 2269 ad
912 2243 1046 2270 ordinem
1063 2252 1141 2277 pres-

122 2289 280 2329 byteratus
292 2290 471 2322 aseendant3
486 2299 500 2315 (t
515 2294 617 2318 contra
631 2291 698 2318 illos
713 2292 763 2325 qui
777 2293 863 2326 plura
876 2293 1079 2319 ecclesiastica
1090 2293 1141 2319 be-

127 2346 142 2364 »
162 2337 270 2365 neficia
281 2346 382 2365 curam
399 2339 569 2366 animarum
586 2340 726 2366 habentia
740 2340 804 2367 sine
817 2341 1039 2374 dispensatione
1055 2341 1140 2368 Sedis

127 2395 142 2414 ))
161 2387 332 2422 Apostolice
349 2388 486 2415 obtinent
503 2396 529 2421 υ,
545 2389 630 2422 juxta
645 2391 757 2421 statuta
772 2389 893 2416 concilii
909 2390 1055 2423 generalis
1072 2388 1141 2425 [La-

126 2434 304 2471 teranensis]
319 2436 468 2471 procedat.
487 2451 519 2454 —
535 2437 623 2468 (Rae.
640 2436 685 2469 20,
705 2438 725 2463 f.
742 2438 775 2464 13
791 2440 834 2469 v⁶;
852 2446 922 2464 aun.
940 2438 1023 2471 XIV,
1040 2447 1065 2465 c.
1082 2439 1140 2470 75.)

168 2549 182 2564 «ι
202 2559 225 2566 ..
245 2537 381 2575 episcopo
405 2538 619 2575 ll'1'9017n‘ensi.
644 2538 690 2567 Ex
711 2542 804 2576 parte
827 2542 882 2568 tua
906 2539 969 2568 suit.
990 2539 1141 2577 proposi-

127 2593 197 2620 tum
211 2598 322 2620 coram
339 2590 435 2620 nobis
452 2590 539 2629 quod
555 2590 657 2620 nimis
680 2600 738 2629 per
753 2591 914 2630 quosdam
930 2591 1069 2622 clericos
1087 2597 1140 2623 tue

126 2641 270 2672 diocesis
286 2647 317 2672 et
334 2642 501 2673 clericalis
522 2642 717 2681 denigratur
738 2643 896 2674 honestas
917 2649 947 2674 et
970 2645 1141 2675 canonicis

126 2694 314 2724 detrahitur
341 2695 508 2725 institutis
538 2705 544 2723 :
577 2695 654 2724 dum
677 2696 811 2734 quidam
837 2696 996 2734 ipsorum,
1022 2706 1141 2727 uxores

125 2746 303 2783 habentes,
338 2747 641 2778 ecclesiasticorum
677 2749 865 2787 percipiunt
901 2749 1141 2780 beneficiorum

121 2804 323 2839 provent1153
348 2800 484 2839 quidam
505 2809 582 2831 vero
605 2801 640 2830 in
659 2801 811 2831 ecclesiis
829 2802 864 2831 in
887 2802 1009 2840 quibus
1031 2807 1140 2842 patres

159 2924 180 2948 1.
193 2923 235 2949 Cf.
249 2932 347 2954 supra.
359 2930 388 2948 η’
401 2926 471 2949 3583.

156 2968 180 2992 2.
195 2969 252 2998 Sic,
266 2975 330 2992 sans
346 2969 431 2993 doute
447 2976 518 3000 pour
532 2976 641 2993 earum.

250 3019 437 3051 GREGomE
455 3027 508 3057 tx,
527 3029 546 3051 t.
566 3027 613 3051 111.

938 296 1249 341 QL'ATORZOEME
1272 297 1431 335 ANNEE.

2174 320 2232 349 ε258

1224 369 1457 401 ministrarunt
1475 382 1599 407 eorum,
1618 382 1651 403 se
1668 375 1858 406 immediate
1874 377 1956 415 ipsis
1976 380 2144 412 substitui,
2165 389 2231 413 tan-

1225 431 1323 460 quam
1348 423 1550 454 hereditario
1569 426 1644 465 jure
1668 428 1830 465 possideri
1851 432 2076 462 sanctuarium
2105 436 2163 464 Dei
2191 436 2233 465 Ii-

1224 477 1324 510 ceat1,
1337 483 1570 514 procurarunt:
1587 479 1720 517 quidam
1734 481 1844 516 etiam,
1858 488 2032 521 perpetuas
2045 486 2185 517 vicarias
2198 489 2232 517 in

1225 527 1375 557 ecclesiis
1398 529 1595 566 obtinentes,
1616 531 1691 561 licet
1710 532 1838 571 integre
1855 541 2034 572 proventus
2051 540 2235 578 percipiant

1225 581 1415 611 earundem.
1443 582 1475 611 in
1501 583 1549 613 eis
1575 588 1683 614 tamen
1705 586 1850 616 residere
1871 590 2099 626 personaliter,
2127 597 2160 621 ut
2187 598 2234 622 te·-

1225 638 1355 669 nentur,
1385 640 1414 664 et
1439 635 1479 664 ad
1507 637 1744 667 sacerdotalem
1770 639 1919 670 ordinem
1943 645 2128 679 promoveri
2156 654 2235 675 con-

1226 690 1416 724 tempnunt:
1444 688 1642 726 quibusdam
1667 690 1742 720 aliis
1767 691 1860 729 plura
1884 694 2108 726 ecclesiastica
2133 697 2235 728 bene-

1224 738 1299 768 ficia
1316 739 1350 768 in
1368 744 1422 769 tua
1439 740 1574 776 diocesi,
1594 742 1715 780 quibus
1730 752 1806 773 cura
1825 745 2010 776 animarum
2028 753 2075 778 est
2093 758 2232 786 annexa,

1225 792 1453 823 obtinentibus
1471 800 1582 824 contra
1598 800 1720 826 statuta
1736 798 1870 828 concilii
1886 800 2062 836 generalis,
2081 804 2234 840 quamvis

1225 854 1299 873 cum
1316 845 1363 875 eis
1377 855 1586 885 nequaquam
1603 849 1644 878 sit
1662 858 1719 887 per
1736 850 1852 880 Sedem
1869 853 2090 890 Apostolicam
2104 855 2234 894 dispen—

1225 903 1333 927 satum
1359 917 1408 927 —.
1436 901 1511 929 Dat.
1548 901 1711 937 Laterani,
1737 903 1821 933 XIII
1843 904 2002 936 kalendas
2023 907 2123 946 junii.
2147 918 2235 939 anno

1225 951 1483 988 quartodecimo.
1501 965 1514 978 n

1294 1164 1418 1192 52⁰ss

1260 1226 1403 1261 Episcopo
1419 1230 1446 1253 et
1463 1229 1641 1255 cancellario
1658 1229 1878 1257 Parisiensibus
1894 1232 1995 1259 scribit
2010 1241 2016 1258 ι
2030 1241 2042 1257 α
2064 1232 2107 1259 Ne
2123 1234 2234 1261 Catha-

1834 1169 1954 1201 Latran,
1971 1170 1986 1196 2
2001 1171 2065 1204 juin
2083 1172 2160 1198 1210.

1224 1283 1237 1299 »
1259 1275 1410 1302 launensis
1427 1277 1561 1307 ecclesia,
1578 1286 1643 1311 que,
1666 1278 1702 1305 ob
1722 1278 1886 1312 litigiorum
1907 1281 2048 1314 strepitus
2068 1282 2129 1315 qui,
2149 1291 2233 1309 occa-

1223 1332 1237 1348 »
1258 1324 1340 1349 sione
1362 1325 1516 1351 electionis
1541 1325 1570 1351 in
1596 1326 1658 1360 ipsa
1682 1326 1718 1353 de
1741 1326 1918 1362 G[aurrid0]‚
1942 1330 2088 1363 preposito
2110 1332 2234 1358 ecclesie

1224 1379 1237 1396 i>
1258 1371 1372 1398 Montis
1394 1373 1540 1403 Falconis,
1563 1374 1718 1400 Remensis
1741 1375 1876 1407 diocesis,
1900 1376 2055 1409 celebrate,
2079 1379 2234 1405 emersisse

1223 1428 1237 1445 ))
1259 1424 1430 1449 noscuntur.
1449 1430 1568 1455 gravem
1590 1422 1620 1448 in
1639 1423 1846 1457 spiritualibus
1867 1428 1893 1451 et
1915 1426 2127 1459 temporalibus
2143 1428 2233 1454 susti-

1223 1476 1236 1493 »
1258 1469 1357 1495 nuisse
1368 1470 1479 1497 dicitur
1490 1471 1632 1498 hactenus
1644 1472 1797 1500 lesionem.
1810 1473 1941 1501 incurrat
1955 1479 2070 1509 propter
2083 1476 2232 1509 hoc-,quod

1223 1525 1237 1542 ))
1257 1517 1351 1544 absit!
1371 1518 1561 1552 irreparabile
1576 1519 1802 1552 detrimentum,
1821 1522 1997 1549 mandamus
2013 1526 2167 1556 quatenus,
2183 1532 2233 1550 ac-

1222 1575 1236 1591 »
1257 1567 1394 1593 cedentes
1407 1567 1443 1593 ad
1458 1568 1553 1594 locum
1569 1576 1756 1595 communem
1772 1572 1800 1596 et
1815 1572 1924 1602 tutum,
1936 1571 2032 1604 ipsum
2049 1572 2230 1606 prepositum

1223 1623 1236 1641 ))
1257 1619 1285 1642 et
1302 1624 1348 1642 eos
1364 1616 1414 1649 qui
1429 1616 1566 1643 electioni
1582 1613 1754 1650 hujusmodi
1768 1626 1798 1644 se
1812 1623 1975 1652 opponunt,
1990 1628 2024 1646 ex
2038 1623 2120 1653 parte
2134 1623 2235 1647 nostra

1223 1671 1236 1689 i)
1256 1664 1365 1695 citetis,
1378 1666 1483 1691 testum
1497 1664 1573 1691 beati
1584 1665 1710 1692 Martini
1723 1666 1858 1699 proximo
1870 1668 2002 1693 futurum
2016 1669 2176 1695 terminum
2190 1669 2233 1696 eis

1223 1720 1236 1737 ))
1258 1713 1488 1746 peremptorium
1512 1714 1697 1747 pre-figentes,
1715 1723 1781 1748 qim,
1796 1723 1863 1741 cum
1880 1715 2018 1742 omnibus
2034 1717 2233 1744 munimentis

1223 1769 1236 1786 n
1257 1765 1286 1788 et
1302 1761 1466 1788 rationibus
1482 1761 1553 1793 suis,
1575 1766 1673 1788 nostro
1694 1771 1724 1789 se
1739 1763 1908 1797 conspectui
1925 1765 2118 1797 personaliter
2134 1773 2232 1799 repre-

1223 1817 1237 1834 »
1258 1813 1386 1842 sentent,
1402 1809 1509 1836 tacturi
1529 1819 1562 1836 ac
1579 1811 1723 1845 recepturi
1740 1811 1815 1845 quod
1835 1812 1952 1844 justitia
1968 1812 2113 1844 suadebit,
2130 1822 2176 1839 eos
2194 1814 2230 1840 ad

1224 1866 1236 1883 i)
1258 1858 1299 1891 id,
1321 1859 1344 1884 si
1369 1867 1440 1892 opus
1462 1859 1566 1890 suerit,
1587 1867 1637 1893 per
1655 1867 1808 1886 censuram
1831 1860 2074 1893 ecclesiasticam,
2097 1862 2231 1896 appella-

1223 1915 1236 1931 »
1259 1907 1338 1933 tione
1363 1907 1535 1941 postposita,
1561 1908 1775 1942 compellendo.
1803 1916 1816 1933 i)
1840 1923 1872 1926 —
1897 1909 1983 1940 (Rea.
2014 1909 2058 1941 20,
2085 1911 2104 1935 ἰ.
2131 1910 2164 1936 13
2185 1913 2232 1942 v‘';

1222 1963 1292 1981 ann.
1312 1955 1395 1987 XIV,
1414 1964 1438 1981 c.
1458 1955 1508 1987 76;
1529 1971 1557 1973 —
1574 1955 1707 1983 MOREAL·
1720 1956 1800 1986 1193,
1818 1958 1838 1982 f.
1855 1956 1912 1987 46.)

1586 2071 1771 2100 cancellario
1792 2071 2029 2099 Parisii-usibus.
2046 2071 2095 2100 Ne
2112 2070 2234 2101 Catha-

1223 2124 1396 2154 launensis
1414 2123 1552 2154 ecclesia
1570 2141 1618 2152 —.
1638 2125 1711 2153 Dat.
1734 2124 1902 2158 Laterani,
1921 2125 1988 2154 IIII
2011 2133 2114 2153 nonas
2131 2124 2233 2163 Junii‚

1225 2186 1312 2206 anno
1331 2177 1590 2215 quartodecimo.
1614 2189 1626 2202 n

1265 2083 1278 2096 «ι
1299 2093 1318 2098 ..
1337 2072 1470 2108 episcopo
1492 2076 1518 2099 et
1544 2093 1562 2098 ..

1294 2388 1409 2416 520⁷
1833 2387 1955 2419 Latran,
1969 2387 1984 2413 2
1997 2387 2061 2420 juin
2080 2387 2157 2413 1240.

1259 2452 1393 2479 Cumano
1408 2451 1544 2485 episcopo
1559 2458 1676 2477 causam
1694 2450 1848 2476 electionis
1868 2449 1982 2476 abbatis
2003 2450 2033 2475 in
2056 2449 2233 2476 monasterio

1223 2501 1327 2528 Sancti
1344 2500 1442 2532 Galli,
1466 2514 1496 2517 —
1518 2499 1693 2533 quibusdam
1718 2498 1747 2524 in
1768 2498 1898 2531 ejusdem
1918 2497 2090 2524 monasterii
2110 2505 2231 2531 praepo-

1221 2549 1324 2581 situm,
1341 2548 1464 2582 reliquis
1475 2548 1505 2574 in
1517 2547 1697 2578 XYalterunt,
1710 2546 1841 2579 ejusdem
1857 2545 2028 2572 monasterii
2041 2545 2231 2576 monachum,

1222 2597 1420 2631 dirigentibus
1443 2600 1511 2623 vota
1531 2604 1594 2628 sua,
1618 2610 1649 2613 —
1671 2594 1900 2621 examinandam
1924 2594 2087 2620 committit
2108 2597 2135 2620 et
2151 2593 2232 2620 deci-

1221 2647 1366 2678 dendam;
1387 2646 1471 2672 illum
1499 2645 1529 2671 in
1548 2645 1684 2671 abbatem
1706 2643 1856 2678 praedicto
1875 2643 2053 2670 monasterio
2068 2642 2230 2676 praeficiat,

1222 2697 1306 2729 cujus
1322 2695 1427 2722 electio
1443 2694 1533 2721 fuerit
1548 2693 1691 2720 canonica
1708 2696 1736 2719 et
1752 2692 1787 2719 de
1803 2700 1927 2726 persona
1942 2691 2047 2718 idonea
2065 2691 2230 2721 celebrata;

1221 2745 1297 2779 quod
1314 2744 1338 2770 si
1359 2743 1512 2776 utriusque
1527 2742 1703 2769 electionem
1720 2743 1861 2774 tanquam
1882 2740 1982 2766 minus
1996 2740 2168 2766 canonicam
2184 2747 2230 2765 re-

1220 2792 1402 2828 probandam
1418 2791 1578 2822 invenerit,
1597 2790 1660 2824 ipse
1675 2790 1711 2816 de
1730 2797 1854 2823 persona
1869 2788 1975 2815 idonea
1990 2796 2041 2822 per
2056 2787 2229 2814 electionem

1220 2841 1394 2868 canonicam
1411 2840 1506 2866 eidem
1533 2837 1709 2865 monasterio
1731 2836 1880 2871 provideri
1902 2835 2002 2863 faciat.
2024 2850 2056 2853 —
2077 2836 2164 2866 (Rae.
2185 2834 2230 2866 20,

1255 2968 1276 2991 l.
1293 2967 1334 2992 Cf.
1354 2966 1399 2990 ΡΞ.
1416 2965 1542 2989 LXXXII
1571 2965 1604 2988 ¹3.
