2553 3526
301 280 338 310 35
1029 278 1268 309 REGISTRES
1292 277 1345 306 DE
1369 270 1592 307 GREGOIRE
1618 279 1676 307 lx.
2373 276 2411 307 36

374 348 492 375 4843

341 410 451 437 Abbati
475 413 502 436 et
518 409 678 436 conventui
695 408 990 439 Trenorcliiensibus,
1008 407 1215 435 Cabilonensis
1236 406 1317 433 dioe-

304 459 390 491 cesis,
416 459 520 486 scribit
538 467 543 485 :
562 467 575 484 «
593 458 765 485 Inliibemus
783 466 818 484 ne
834 457 909 491 quis.
934 456 1148 490 hospitalitatis
1169 457 1316 489 pretextu,

307 516 320 534 »
343 516 442 542 quam,
459 508 535 534 sicut
549 507 728 540 accepimus,
742 507 771 532 in
786 505 963 532 monasterio
975 508 1003 531 et
1018 504 1196 539 prioratibus
1211 503 1317 530 vestris

307 565 320 582 ›)
343 557 507 583 liberaliter
528 555 685 586 exhibetis,
709 554 944 588 procurationem
974 553 1055 587 quasi
1078 561 1112 579 ex
1135 553 1234 579 debito
1261 551 1318 578 sibi

886 347 1007 378 Latran,
1024 347 1057 373 22
1071 346 1148 373 avril
1165 345 1244 372 1239.

307 613 320 630 1)
343 607 493 639 presumat
520 604 550 630 in
581 604 622 630 815
651 603 840 637 aliquatenus
866 602 1034 628 vendicare.
1058 610 1071 626 1)
1098 617 1129 620 -
1159 602 1246 632 (ΒΕΘ.
1274 600 1318 632 19,

308 655 328 681 f.
345 654 395 680 112
413 651 485 687 [106]
502 655 550 681 1·”;
568 660 638 678 ann.
656 652 738 683 XIII,
756 661 780 677 8.
798 651 855 681 42.)

348 767 359 780 «
386 777 407 782 ..
426 755 524 782 abbati
548 759 573 782 cl
596 753 760 782 conventui
786 752 1083 785 Trenorchiens-ibus,
1113 751 1320 780 Cabilonensis

305 809 442 836 diocesis.
461 807 543 837 Cum
562 806 736 843 indignum
754 805 796 834 sit
812 822 860 833 —.
880 805 952 833 Dat.
973 804 1139 838 Laterani,
1157 804 1187 833 X
1204 803 1320 833 kalen-

306 860 364 889 das
383 859 474 889 maii,
493 867 579 888 anno
596 858 835 888 tertiodecimo.
858 870 869 883 »

377 1047 495 1074 4844

344 1109 482 1140 Berardo,
510 1108 610 1135 abbati
636 1107 876 1138 Trenorcliiensi,
898 1115 982 1133 usum
1008 1106 1090 1132 anuli
1114 1108 1142 1132 et
1165 1105 1320 1139 pontifica-

308 1159 381 1185 lium
400 1158 656 1188 indumentorum,
673 1165 706 1183 ac
724 1159 898 1190 potestatem
916 1155 1112 1182 benedicendi
1130 1155 1223 1188 pallas
1245 1155 1320 1181 alta-

307 1207 396 1238 rium,
409 1210 436 1233 et
448 1206 629 1233 vestimenta
641 1208 701 1232 tam
715 1205 838 1231 levitica
850 1212 938 1237 quam
954 1203 1160 1235 sacerdotalia,
1174 1203 1319 1237 indulget.

309 1272 339 1275 —
358 1255 506 1287 (1111809,
532 1256 551 1281 f.
570 1255 621 1281 112
638 1253 711 1289 [106]
731 1258 774 1286 v⁰;
796 1262 865 1280 ann.
887 1254 970 1282 XIII.
993 1262 1017 1279 8.
1039 1253 1090 1284 43;
1109 1267 1140 1270 -
1165 1253 1322 1279 ΡοττΗΑ5τ

307 1305 417 1336 10733.)

889 1045 1009 1075 Latran,
1026 1043 1059 1070 22
1076 1043 1152 1070 avril
1169 1042 1247 1069 1239.

349 1420 361 1433 α
387 1406 551 1442 Rev-ardon
574 1405 673 1434 abban·
692 1404 935 1433 Trenorchz'ensi.
957 1402 1005 1432 Ad
1027 1401 1247 1432 ecclesiastici
1271 1402 1323 1432 de-

307 1461 393 1491 coris
412 1478 461 1489 -.
479 1459 562 1490 Cum
585 1459 688 1496 igitur
711 1457 952 1487 monasterium
973 1455 1238 1486 Trenorchiense
1256 1457 1324 1486 Ro-

308 1522 440 1543 manam
468 1512 652 1542 Ecclesiam
679 1510 770 1540 nullo
793 1510 949 1548 respiciat
976 1509 1153 1544 mediante,
1181 1514 1266 1538 acte
1293 1513 1323 1538 et

308 1567 559 1605 predecessores
586 1570 659 1594 tuos
684 1565 783 1594 mitra
801 1568 831 1593 81
848 1563 1037 1602 cyrothecis
1059 1572 1136 1592 usos
1159 1571 1230 1592 esse
1248 1571 1323 1600 pro-

307 1630 421 1659 ponas,
441 1619 589 1650 volentes
607 1618 847 1648 monasterium
868 1617 977 1655 ipsum
995 1617 1131 1655 majoris
1148 1616 1322 1654 dignitatis

307 1673 483 1712 privilegio
501 1672 667 1707 decorare,
689 1680 786 1701 usum
804 1670 895 1700 anuli
915 1674 945 1700 et
962 1669 1205 1708 pontificalium
1224 1669 1323 1698 indu-

306 1730 506 1760 mentorum,
527 1734 563 1754 ac
584 1728 779 1763 potestatem
796 1722 1015 1753 benedicendi
1032 1721 1136 1760 pallas
1153 1721 1320 1755 altarium,

308 1783 339 1809 et
363 1783 428 1808 tam
453 1778 588 1808 levitica
617 1786 717 1816 quam
740 1775 959 1806 sacerdotalia
978 1775 1188 1809 vestimenta,
1208 1784 1273 1813 qua
1293 1779 1323 1804 te

309 1841 345 1862 ac
377 1831 630 1870 predecessores
662 1834 734 1860 tuos
765 1829 889 1859 asseris
919 1838 937 1858 a
968 1833 1112 1867 tempore
1136 1828 1230 1867 cujus
1257 1836 1323 1858 non

308 1889 392 1915 estat
409 1884 580 1919 memoria,
602 1892 675 1914 esse
692 1892 780 1918 usos,
802 1882 861 1912 tibi
885 1886 916 1912 81
932 1882 1182 1912 successoribus
1201 1881 1267 1911 tuis
1284 1881 1323 1912 de

306 1938 515 1976 benignitate
540 1937 635 1968 Sedis
658 1936 847 1975 Apostolice
872 1935 1086 1973 indulgemus
1112 1952 1161 1964 —.
1186 1936 1260 1965 Dat.
1288 1939 1324 1964 ut

309 2000 420 2029 supra.
442 2003 454 2018 n

378 2176 497 2204 4845

344 2239 502 2265 &Villelmo
519 2237 565 2273 [de
583 2237 755 2270 Sabaudial,
773 2237 954 2272 procuratori
971 2237 1113 2264 ecclesiae
1129 2237 1323 2270 Valentinae,

893 2175 1014 2206 Latran,
1032 2174 1066 2201 30
1078 2175 1155 2201 avril
1170 2175 1249 2201 1239.

307 2288 455 2322 significat
470 2296 499 2314 se
514 2288 539 2314 ei
554 2288 676 2321 ejusque
687 2287 904 2314 suecessoribus
919 2287 1110 2313 medietatem
1124 2286 1322 2320 quarumdam

307 2337 490 2364 decimarum
509 2345 580 2370 quas
597 2336 816 2370 recuperaverit
830 2345 846 2362 a
861 2336 957 2367 laicis,
974 2336 1144 2366 concedere,
1161 2343 1173 2360 t(
1189 2335 1323 2362 ecclesiis

308 2394 323 2411 »
344 2386 450 2420 quibus
475 2385 630 2417 debentur,
657 2385 848 2411 medietatem
876 2385 1020 2418 reliquam
1048 2385 1211 2418 recepturis
1239 2393 1263 2411 1).
1292 2399 1323 2402 -

308 2436 395 2467 (Rae.
413 2435 456 2462 19.
476 2435 494 2461 f.
514 2434 563 2460 112
580 2432 653 2469 [106]
671 2437 716 2465 v⁰;
733 2442 803 2460 ann.
821 2434 903 2466 XIII,
922 2442 946 2460 c.
964 2434 1022 2465 44.)

350 2549 362 2562 «
393 2536 550 2571 Willelmo,
577 2536 775 2574 procuratori
800 2536 917 2565 ecclesie
948 2535 1114 2564 Valentine.
1141 2535 1180 2564 In
1211 2539 1324 2565 nostra

310 2589 512 2628 proposuisti
538 2588 708 2626 presentia
731 2588 944 2623 constitutus,
965 2588 1053 2627 quod
1073 2587 1227 2618 nonnulli
1246 2587 1324 2617 laici

310 2642 456 2671 civitatis
473 2646 504 2671 et
522 2642 664 2672 diocesis
681 2641 883 2681 Valentin[e]
902 2659 940 2663 —
954 2641 1099 2671 decimas
1119 2659 1156 2663 —
1173 2641 1324 2671 ecclesiis

310 2695 438 2725 debitas
456 2704 520 2725 non
537 2695 741 2734 persolvunt.
759 2696 867 2732 Quare
885 2696 980 2726 nohis
1002 2695 1176 2725 humiliter
1198 2695 1325 2734 suppli-

311 2748 393 2777 casti
416 2753 462 2784 111,
486 2757 559 2778 cum
588 2748 791 2787 episcopales
820 2753 999 2786 proventus
1024 2749 1258 2786 provenientes
1287 2757 1325 2778 ex

345 2873 365 2899 1.
385 2877 434 2897 Ms.
452 2883 458 2897 :
475 2873 625 2898 Bernardo.
647 2887 678 2891 —
700 2873 778 2898 08118
800 2875 886 2897 meme
908 2875 993 2898 forme
1014 2881 1043 2898 se
1064 2878 1193 2898 retrouve
1215 2874 1283 2898 dans
1301 2875 1326 2897 13

311 2919 383 2942 table
400 2918 448 2942 des
465 2918 625 2949 rubriques;
642 2919 667 2942 13
683 2919 838 2947 rubricelle,
856 2919 891 2942 ou
909 2919 1049 2949 peut-titre
1065 2926 1094 2942 se
1111 2919 1184 2942 lisait
1199 2919 1224 2942 13
1239 2919 1326 2942 forme

310 2965 445 2992 correcte,
463 2964 594 2992 88131110,
612 2966 653 2986 est
669 2963 777 2987 tombee
793 2970 859 2987 sous
875 2964 899 2987 le
916 2967 1035 2987 couteau
1052 2963 1087 2987 du
1105 2965 1217 2989 relieur.

1401 343 1634 381 spiritualibus
1657 344 1724 373 sint
1747 344 1828 375 adeo
1851 349 1967 375 tenues
1989 350 2020 375 81
2044 345 2157 381 exiles,
2183 345 2269 384 quod
2291 343 2411 381 viginti

1401 406 1587 426 marcarum
1606 397 1784 427 valentiam
1802 407 1867 427 non
1885 399 2053 433 excedant,
2075 403 2105 429 et
2122 402 2156 428 tu
2175 407 2338 437 proponas
2355 397 2412 427 de-

1404 454 1547 480 tentores
1573 450 1764 489 hujusmodi
1798 451 2003 481 decimarum
2035 451 2232 490 compellere
2257 451 2296 481 ad
2322 449 2413 481 solu-

1403 502 1525 532 tionem
1549 503 1694 533 debitam
1718 504 1942 539 earmndem',
1973 504 2185 534 medietatem
2206 505 2411 534 decimarum

1402 556 1549 593 ipsarum
1573 556 1632 585 tibi
1659 561 1689 586 et
1711 556 1961 586 successoribus
1988 557 2053 586 tuis
2077 557 2256 587 concedere
2283 565 2412 586 curare-

1402 618 1475 639 mus
1493 627 1541 638 -—.
1559 611 1632 639 Dat.
1654 610 1820 643 Laterani,
1838 611 1869 640 II
1888 609 2048 640 kalendas
2074 610 2165 645 maii,
2191 619 2278 640 anno
2301 609 2411 640 tertio-

1402 662 1540 692 decimo.
1562 674 1574 687 »

1475 841 1594 868 4846

1440 911 1454 929 1(
1472 904 1503 930 In
1526 904 1652 930 eundem
1675 904 1735 930 fere
1758 904 1877 930 modun]
1902 925 1920 931 ..

1984 842 2107 874 Latran,
2124 842 2159 869 30
2171 842 2248 869 avril
2262 841 2341 869 1239.

1941 905 2061 937 cantori,
2083 924 2105 931 ..

1404 953 1517 977 sacriste
1539 951 1741 979 Viennensibus,
1760 950 1822 986 [Eis
1838 952 1960 980 mandat
1977 955 2122 986 quatenus
2138 953 2264 980 eundem
2280 961 2416 987 procura-

1404 1003 1496 1028 torem
1512 1003 1540 1027 et
1557 1001 1619 1034 ejus
1644 1009 1824 1028 successores
1848 1009 1905 1027 non
1930 1001 2108 1035 permittant
2129 1010 2215 1036 super
2239 1001 2285 1028 his
2311 1001 2416 1028 moles-

1404 1048 1485 1084 tari.]
1502 1050 1569 1076 Dat.
1586 1052 1618 1076 ut
1633 1057 1730 1084 supra,
1746 1058 1759 1074 »
1776 1064 1808 1068 —
1825 1050 1911 1082 (ΒΕΘ.
1930 1049 1974 1083 19,
1992 1051 2012 1076 f.
2030 1050 2082 1077 112
2095 1048 2169 1085 [106]
2184 1051 2236 1081 v“.)

2129 904 2324 930 archidiacono
2348 906 2372 929 et
2395 924 2414 932 ..

1475 1225 1592 1252 4847
2005 1226 2126 1257 Latran,
2143 1225 2176 1252 14
2193 1225 2252 1252 mai
2267 1225 2345 1252 1239.

1441 1287 1606 1314 Viennensi
1624 1290 1651 1314 et
1666 1287 1870 1314 Ebredunensi
1886 1287 2117 1322 archiepiscopis
2135 1288 2257 1314 mandat
2273 1290 2418 1321 quatenus

1405 1336 1441 1362 de
1458 1336 1633 1362 necessitate
1650 1339 1677 1362 et
1692 1336 1824 1363 utilitate
1841 1336 1960 1363 unionis
1974 1336 2155 1363 Valentinae
2177 1345 2210 1363 ac
2231 1336 2350 1363 Diensis
2371 1344 2419 1363 88-

1406 1385 1563 1412 818513111111
1579 1385 1744 1419 inquirant,
1755 1388 1793 1417 et,
1805 1385 1829 1411 si
1841 1385 1959 1419 utrique
1972 1385 2113 1412 ecclesiae
2122 1385 2255 1412 viderint
2267 1385 2418 1419 expedire,

1406 1434 1474 1461 illas
1490 1434 1607 1460 uniant.
1631 1448 1662 1451 —
1679 1434 1766 1465 (Res.
1784 1433 1828 1466 19,
1852 1434 1871 1460 f.
1894 1433 1945 1460 112
1968 1431 2041 1468 [106]
2059 1436 2102 1465 v⁰;
2126 1442 2196 1460 ann.
2218 1434 2300 1466 XIII,
2318 1442 2342 1460 c.
2365 1433 2418 1465 45;

1405 1497 1440 1500 ——
1456 1482 1589 1509 Monam]
1608 1482 1686 1515 1192,
1704 1482 1723 1508 f.
1741 1482 1790 1508 331
1807 1490 1812 1512 ς
1831 1497 1862 1500 —-
1877 1482 2035 1509 POTTHAST
2048 1482 2159 1513 10740.)

1450 1596 1461 1610 ι(
1483 1607 1502 1613 ..
1525 1585 1687 1613 Viennensi
1710 1589 1736 1612 et
1759 1607 1777 1612 ..
1796 1584 2006 1613 Ebreslunensi
2025 1584 2272 1622 archiepiscopis.
2298 1583 2422 1622 Singu-

1407 1637 1488 1667 laris
1514 1637 1721 1676 prerogative
1752 1636 1966 1675 privilegium
1996 1653 2044 1666 —-.
2072 1636 2155 1668 Cum
2187 1637 2301 1675 igitur,
2335 1636 2421 1666 sicut

1408 1695 1520 1720 nostro
1538 1690 1601 1720 fuit
1618 1690 1817 1728 apostolatui
1834 1694 2032 1725 reseratum,
2044 1689 2223 1720 Valentine
2237 1694 2268 1720 et
2284 1690 2420 1720 Diensis

1408 1743 1625 1774 ecclesiarum
1646 1743 1810 1773 nobilium
1835 1747 1866 1773 et
1889 1742 2085 1781 populorum
2111 1743 2337 1782 subjectorum
2354 1742 2419 1772 sibi

1407 1797 1537 1826 malitia
1554 1797 1634 1827 adeo
1651 1796 1831 1831 ebullierit,
1851 1800 1887 1825 ut
1904 1805 1969 1826 non
1985 1796 2181 1826 erubuerint
2194 1796 2370 1834 insurgere
2386 1796 2421 1825 in

1407 1852 1592 1889 parentes²‚
1606 1850 1640 1879 in
1654 1854 1763 1888 patres
1778 1849 1933 1879 videlicet
1949 1849 2143 1879 multotiens
2161 1849 2309 1884 exilium,
2325 1849 2423 1888 quasi

1408 1904 1576 1941 geminata
1591 1903 1694 1937 rabie,
1710 1902 1852 1933 diversis
1867 1901 2083 1940 temporibus.
2103 1906 2133 1932 et
2147 1902 2182 1932 in
2197 1906 2319 1932 matres
2335 1902 2423 1932 exci-

1408 1958 1499 1987 dium
1525 1955 1696 1994 multiplex
1726 1959 1872 1994 operata,
1908 1955 1992 1985 alias
2023 1955 2156 1985 easdem
2188 1955 2346 1985 ecclesias
2377 1959 2423 1985 tot

1408 2009 1625 2040 afflictionum
1644 2008 1822 2046 generibus
1840 2008 2026 2046 affligendo,
2050 2017 2113 2047 que
2136 2007 2271 2046 longum
2295 2012 2345 2038 est
2364 2017 2423 2047 per

1408 2062 1542 2101 singula
1556 2061 1723 2092 recenseri
1738 2071 1744 2090 t
1759 2061 1855 2090 nobis
1870 2061 1935 2090 suit
1949 2060 2122 2091 humiliter
2137 2061 2359 2099 supplicatum
2373 2066 2418 2096 ut,

1408 2125 1483 2147 cum
1509 2115 1616 2145 adhuc
1644 2115 1847 2144 furiosorum
1873 2114 2023 2152 ipsorum
2048 2114 2137 2144 furia
2166 2123 2231 2144 non
2259 2115 2420 2154 quiescat,

1408 2178 1629 2209 quamquam,
1666 2177 1748 2207 pene
1780 2168 1978 2203 formidine,
2012 2168 2178 2206 quedam³
2210 2168 2331 2198 habeat
2360 2168 2423 2198 ali-

1408 2223 1540 2263 quando
1570 2221 1766 2257 intervalla,
1799 2221 1932 2251 easdem
1962 2221 2139 2257 ecclesias,
2172 2231 2236 2260 que
2266 2222 2422 2260 contigue

1409 2277 1467 2306 uni
1487 2275 1737 2314 archiepiscopo
1758 2278 1835 2304 sunt
1855 2274 2014 2314 subjecte,
2035 2279 2082 2309 ut,
2098 2274 2133 2304 in
2150 2283 2254 2304 unum
2273 2274 2421 2305 collectis

1408 2330 1537 2359 viribus
1560 2329 1747 2367 utriusque,
1775 2327 1869 2365 vigor
1887 2327 2135 2357 ecclesiasticus
2157 2332 2272 2357 contra
2287 2327 2422 2358 illorum

1408 2383 1624 2414 insolentiam
1647 2382 1768 2412 fortius
1790 2381 1985 2416 invalescat,
2005 2390 2080 2411 cum
2105 2386 2224 2412 neutra
2246 2381 2286 2411 ad
2306 2381 2423 2412 defen-

1409 2437 1538 2467 sionem
1553 2435 1695 2466 sufficiat
1712 2444 1769 2473 per
1788 2443 1822 2464 se
1839 2434 1958 2473 ipsam,
1977 2438 2007 2464 et
2022 2442 2060 2464 ve
2078 2433 2160 2464 soli!
2180 2434 2355 2464 Salomone
2371 2434 2422 2463 di-

1408 2494 1512 2525 cente,
1538 2489 1618 2528 quia
1641 2497 1706 2518 non
1731 2487 1878 2522 habebit,
1905 2487 1933 2517 si
1956 2487 2128 2522 ceciderit,
2156 2486 2420 2520 sublevantem‘,

1407 2543 1504 2573 unire
1535 2542 1732 2572 auctoritate
1765 2540 1946 2579 apostolica
1973 2549 2176 2575 curaremus,
2212 2545 2258 2576 111,
2286 2540 2423 2571 cedente

1408 2597 1511 2627 altero
1538 2595 1754 2626 ecclesiarum
1781 2595 1930 2632 ipsarum
1958 2593 2089 2632 presule
2117 2593 2168 2623 vel
2199 2593 2298 2623 etiam
2328 2593 2424 2623 dece-

1408 2651 1516 2685 dente,
1547 2649 1697 2687 reliquus
1726 2648 1900 2686 episcopus
1926 2651 2096 2677 remaneat
2123 2647 2311 2686 utriusque.
2338 2646 2424 2683 Quia

1409 2712 1484 2733 vero
1504 2711 1567 2732 non
1585 2706 1634 2732 est
1651 2701 1685 2731 in
1703 2705 1794 2731 tanto
1812 2700 1944 2738 negotio
1964 2700 2030 2730 nisi
2047 2699 2208 2738 gravitate
2225 2699 2336 2730 debita
2352 2708 2425 2738 pro-

1482 2831 1532 2852 Ms.
1551 2838 1556 2851 :
1574 2828 1743 2851 eorumdem.

1483 2875 1523 2898 Cf.
1541 2873 1627 2897 ΜΑττ.
1644 2872 1677 2902 X,
1694 2872 1732 2896 ³21.

1481 2922 1529 2942 Ms.
1548 2928 1554 2941 s
1570 2917 1718 2941 formidine
1734 2915 1852 2946 quedam
1869 2915 1996 2945 quedam.

1482 2963 1524 2987 Cf.
1542 2962 1640 2986 Eocts.
1658 2961 1706 2990 1V,
1725 2960 1760 2984 ¹0.

1441 2829 1466 2988 88310.»
