2553 3526
314 298 369 327 175

384 364 500 392 504?

349 427 578 457 Archidiacono,
594 423 771 451 cancellario
786 429 812 449 et
829 422 949 448 officiali
966 418 1185 447 Parisiensibus
1202 417 1323 444 mandat

315 480 470 510 quatenus,
484 489 515 492 —
530 482 594 500 cum
614 472 785 499 hominibus
802 474 895 497 terrae
908 469 1063 500 Balduini,
1077 467 1192 494 heredis
1205 465 1324 499 imperii

316 525 490 554 Romamne,
500 523 648 549 diceretur
658 529 715 547 11011
725 529 786 546 esse
796 523 891 546 tutum
903 519 938 545 ad
949 519 1118 552 episcopum
1132 516 1325 544 Cameracen-

315 582 388 605 sem,
406 582 491 607 quem
510 572 571 605 ipse
588 579 662 604 papa
679 572 914 595 conservatorem
932 567 1073 593 bonorum
1093 563 1237 599 praedicti
1254 563 1325 589 Bat-

861 360 982 391 Latran,
1001 359 1031 384 11
1051 354 1250 384 ievrier1‘240.

315 622 400 649 duini
417 622 621 654 deputaverat.
644 626 802 647 recurrere,
824 631 856 634 —
880 624 936 641 non
962 614 1138 649 permittant
1159 613 1323 646 praefatum

316 670 500 698 Balduinum
517 672 545 695 ct
560 668 634 694 bona
652 675 726 700 quae
744 666 820 691 idem
845 665 875 691 in
896 663 1020 697 imperio
1036 661 1234 689 Alemanniae
1249 663 1276 686 et
1295 660 1323 686 in

317 726 403 745 resno
416 716 558 743 Franciae
570 714 713 741 obtineat.
726 712 859 739 indebite
871 710 1030 738 molestari.
1045 725 1075 728 —
1088 710 1176 740 (Rffi.
1189 708 1232 740 19,
1243 708 1263 734 f.
1274 708 1325 734 147

317 746 390 800 [141]
409 768 447 793 1””;
465 773 534 791 ann.
553 763 636 791 xm.
652 771 677 788 c.
694 761 765 792 20&
783 775 814 778 —
829 761 866 786 cf.
881 767 977 792 supra,
993 761 1022 784 n⁰
1037 758 1130 788 4625.)

358 879 370 892 «
391 889 409 895 ..
430 866 656 899 archidiacono,
685 886 704 893 ..
727 862 910 891 cancellario
933 866 958 889 e!
983 883 1000 888 ..
1026 859 1149 896 officiali
1170 858 1326 886 l'urisien-

315 921 409 948 sibus
433 919 515 948 Cum
539 917 657 947 dilecto
685 915 753 945 tilio
782 914 885 944 nobili
913 914 984 943 viro
1010 912 1183 942 Balduino.
1211 910 1326 940 heredi

317 972 450 1011 imperii
466 971 640 1004 Romanie,
660 969 717 1008 qui
736 968 795 998 Dei
819 972 849 998 et
869 967 1016 997 Ecclesie
1035 965 1194 1004 obsequio
1215 973 1250 994 se
1271 973 1326 993 ex-

318 1025 419 1064 ponit,
453 1029 651 1062 oportunum
676 1022 718 1052 sit
748 1020 962 1060 protectionis
996 1024 1107 1049 nostre
1140 1017 1324 1051 munimen,

318 1083 450 1117 propter
477 1076 562 1115 quod
581 1075 676 1105 illum
693 1074 901 1112 suscepimus
925 1073 985 1102 sub
1004 1071 1205 1110 protectione
1223 1071 1327 1108 Apos-

320 1131 416 1161 tolice
434 1130 529 1160 Sedis
547 1134 575 1159 et
600 1134 723 1162 nostra,
743 1128 839 1166 eique
858 1125 1081 1155 venerabilem
1098 1125 1233 1153 fratrem
1251 1132 1328 1152 nos-

321 1190 406 1215 trum
430 1207 449 1212 ..
474 1183 748 1214 Cameracensem
771 1180 961 1217 episcopum
984 1182 1249 1207 conservatorem
1270 1176 1328 1205 bo-

320 1246 438 1266 norum
457 1244 593 1266 suorum
610 1234 764 1264 duximus
783 1231 1007 1270 deputandum
1026 1241 1031 1259 :
1051 1230 1140 1269 quia,
1163 1234 1198 1259 ut
1215 1229 1329 1259 eodem

319 1289 511 1326 B[alduino]
535 1287 721 1324 accepimus
742 1285 929 1318 intimante,
954 1283 1146 1313 hominibus
1166 1286 1251 1312 terre
1271 1290 1328 1311 sue

321 1351 420 1380 super
437 1342 497 1371 hoc
512 1340 552 1370 ad
569 1340 709 1370 eundem
727 1339 917 1377 episcopum
937 1345 1107 1367 recurrere
1130 1344 1194 1365 non
1212 1339 1261 1365 est
1279 1339 1330 1364 tu-

320 1400 402 1429 tum,
428 1394 625 1424 mandamus
656 1397 821 1431 quatenus
850 1391 1014 1429 prefatum
1045 1387 1275 1427 B[alduinum]
1300 1393 1331 1418 et

320 1449 406 1478 bona
423 1457 483 1477 sua
499 1456 562 1485 que
580 1447 614 1475 10
636 1445 775 1484 imperio
799 1443 996 1474 Δ4101000010
1016 1448 1045 1473 et
1069 1451 1170 1480 regno
1191 1441 1330 1471 Francie

321 1502 459 1535 obtinet,
482 1510 546 1530 000
563 1499 764 1538 permittatis
788 1498 828 1527 ab
850 1497 1019 1535 aliquibus
1045 1495 1193 1525 indebite
1211 1494 1331 1524 moles-

321 1555 402 1590 tari;
427 1553 655 1584 molestatores
686 1556 744 1582 ete.
770 1551 843 1581 Non
866 1550 1018 1579 obstante
1039 1548 1276 1578 constitutione
1293 1547 1331 1577 de

321 1608 450 1638 duabus
467 1607 566 1637 dietis
579 1607 665 1643 [etc.‚
684 1614 788 1643 usque
805 1605 826 1641 :]
840 1603 1015 1633 dummodo
1031 1602 1117 1632 ultra
1134 1601 1264 1631 tertiam
1281 1600 1332 1630 vel

323 1666 474 1700 quartam
491 1660 595 1698 aliqui
613 1663 703 1688 extra
716 1666 810 1687 suam
827 1656 985 1686 diocesim
1005 1657 1090 1693 [etc.,
1110 1663 1215 1693 usque
1233 1656 1252 1690 τ]
1267 1662 1332 1683 non

324 1714 499 1744 trahantur
521 1731 570 1741 —.
588 1713 661 1742 Dat.
688 1710 854 1745 Laterani,
880 1710 929 1740 III
954 1709 1028 1738 idus
1051 1708 1224 1743 februarii,
1246 1715 1333 1736 anno

325 1767 564 1798 tertiodecimo.
586 1778 599 1791 »

393 1952 511 1980 50⁴8

358 2015 511 2042 Militibus
529 2014 618 2041 castri
639 2013 674 2039 de
695 2012 859 2039 Frusinone
880 2011 1029 2045 significat
1050 2019 1079 2036 se
1100 2009 1279 2036 sententiam
1303 2009 1332 2035 in

886 1949 1008 1980 Latran,
1025 1949 1040 1973 T
1058 1947 1166 1974 t'cvrier
1183 1947 1261 1973 1240.

323 2064 523 2091 controversia
538 2072 611 2096 quae
626 2063 703 2089 inter
717 2062 805 2096 ipsos.
818 2069 852 2087 ex
868 2069 925 2087 una
941 2064 1033 2094 parte.
1047 2063 1074 2086 et
1092 2060 1247 2093 populares
1258 2059 1333 2092 ejus-

323 2113 390 2139 dem
407 2112 507 2144 castri,
525 2119 538 2136 ((
551 2120 585 2137 ex
604 2111 707 2141 altera,
729 2118 816 2144 super
836 2109 954 2135 corredo
975 2108 1077 2142 quod»
1103 2108 1194 2134 iidem
1222 2107 1334 2134 milites

323 2161 379 2188 sibi
395 2161 425 2187 in
440 2160 571 2187 denariis
592 2160 629 2186 ab
647 2159 757 2186 eisdem
775 2157 967 2192 popularibus
981 2157 1080 2183 deberi
1098 2155 1248 2187 dicebant,
1267 2164 1334 2181 ver-

324 2210 451 2241 tebatur,
464 2219 479 2236 a
493 2206 678 2243 St[eplian0]‚
690 2207 782 2241 ipsius
794 2215 887 2241 papae
898 2207 1062 2240 capellano,
1072 2210 1141 2232 tunc
1151 2205 1334 2238 Campaniae

325 2259 556 2292 Maritimaeque
566 2261 686 2289 rectore,
699 2265 748 2291 pro
757 2256 830 2290 ipsis
842 2255 990 2282 militibus
1000 2258 1101 2281 eontra
1117 2254 1233 2280 eosdem
1245 2262 1334 2287 popu-

325 2310 400 2336 lares
416 2308 644 2342 promulgatam,
662 2310 690 2332 et
704 2315 720 2332 a
732 2302 923 2340 qu-namot
941 2303 1073 2330 Ostiensi
1091 2303 1237 2337 episcopo,
1251 2302 1335 2329 audi-

324 2361 385 2385 tore
410 2356 542 2391 partibus
569 2363 715 2385 concesso,
731 2354 953 2384 confirmatam,
977 2352 1154 2379 auctoritate
1172 2351 1335 2385 apostolica

324 2407 508 2434 confirmare.
526 2420 557 2422 —
575 2405 661 2436 (Res.
679 2403 723 2435 19,
740 2404 759 2429 i.
777 2403 828 2429 147
843 2400 916 2436 [141]
932 2405 971 2433 1·“;
989 2409 1059 2427 ann.
1076 2400 1159 2433 XIII,
1176 2408 1201 2426 c.
1218 2399 1285 2431 2093
1302 2415 1335 2417 —

325 2457 508 2483 RODENBERG
525 2453 599 2484 766.)

367 2569 378 2582 «
398 2557 546 2586 Militibus
562 2556 656 2584 castri
676 2555 710 2583 cle
729 2551 938 2592 Frusinon[e].
966 2553 1112 2581 Vernlane
1133 2551 1268 2579 diocesis.
1290 2550 1336 2580 Ea

326 2620 389 2649 que
403 2610 528 2648 judicio
547 2626 595 2637 —.
614 2609 687 2638 Dat.
706 2606 873 2641 Laterani,
893 2606 954 2635 VII
971 2605 1046 2634 idus
1061 2603 1234 2638 februarii,
1248 2612 1335 2633 anno

326 2663 566 2693 tertiodecimo.
586 2674 598 2688 n

397 2848 518 2876 5043

360 2911 469 2939 Abbati
501 2913 528 2937 et
557 2909 716 2936 conventui
746 2908 870 2942 Majoris
895 2907 1071 2934 Monasterii
1100 2905 1281 2933 Turonensis
1307 2911 1333 2934 et

324 2960 472 2995 prioribus
488 2959 583 2986 eidem
599 2957 778 2985 monasterio
793 2956 934 2990 subjectis
948 2956 1083 2990 indulget
1094 2955 1334 2990 supplicantibus

868 2846 990 2877 Latran,
1004 2845 1035 2872 31
1051 2845 1169 2879 janvier
1182 2844 1261 2871 1240.

1041 287 1279 320 1100151005
1302 285 1356 315 DE
1379 277 1601 314 GREGOERE
1625 285 1685 314 lx.

2362 284 2415 312 176

1407 354 1439 377 ut
1456 359 1468 375 α
1482 351 1635 377 conveniri
1650 359 1700 385 per
1717 351 1832 377 litteras
1847 351 2022 385 apostolicas
2043 350 2231 384 aliquatenus
2242 358 2255 375 »
2274 358 2331 376 non
2349 358 2416 384 pos—

1407 399 1477 432 sint,
1496 408 1509 425 (ι
1523 408 1578 433 que
1592 399 1683 426 tacito
1696 399 1822 433 Major-is
1835 399 2013 426 Monasterii
2024 398 2206 426 Turonensis
2219 399 2339 425 nomine
2352 399 2416 425 fue-

1408 456 1421 474 »
1443 449 1502 475 rint
1528 448 1687 482 impetrate
1699 455 1769 474 ».-—
1797 448 1884 479 (ΗΒΕ.
1906 447 1950 480 19,
1973 448 1992 474 f.
2014 447 2065 474 147
2088 445 2218 481 [141]v⁰;
2241 455 2312 474 ann.
2334 446 2415 479 XIII,

1406 506 1431 525 c.
1448 497 1523 529 210.)

1449 624 1461 637 «
1484 634 1505 642 ..
1522 612 1621 640 abbati
1635 616 1660 640 el
1676 612 1840 640 conventui
1856 611 1979 648 Maj0ris
1995 610 2174 639 Monaseerii
2194 611 2377 639 Turonensis
2392 615 2419 639 et

1405 665 1563 702 prioribus
1583 665 1677 693 eidem
1702 665 1887 693 monasterio
1903 664 1991 701 pleno
2006 664 2080 700 jure
2101 663 2251 700 subjectis.
2279 663 2342 692 Eos
2360 662 2418 701 qui

1409 717 1531 747 mundo
1550 734 1598 745 —.
1617 718 1690 747 Dat.
1715 716 1881 750 Laterani,
1900 717 1932 746 II
1956 715 2115 746 kalendas
2136 715 2310 745 februarii.
2331 723 2419 745 anno

1409 770 1648 800 tertiodecimo.
1668 783 1681 796 ι)

1479 967 1604 996 5050

1444 1031 1676 1065 Archiepiscopo
1693 1030 1871 1057 Eboracensi
1891 1031 2013 1057 mandat
2035 1034 2180 1064 quatenus
2203 1029 2423 1063 crucesignatos

1410 1079 1606 1107 Eboracensis
1622 1079 1794 1113 provinciae
1816 1082 1935 1106 moneat
1951 1082 1982 1105 ut
1999 1087 2055 1105 non
2075 1079 2157 1112 prius
2172 1079 2228 1105 iter
2245 1078 2423 1105 transmari-

1411 1137 1481 1155 num
1497 1128 1658 1162 arripiant,
1673 1136 1761 1162 quam
1777 1137 1792 1154 a
1812 1127 1888 1154 Sede
1902 1128 2075 1162 Apostolica
2092 1127 2266 1154 mandatum
2284 1128 2423 1154 transfre-

1411 1177 1494 1204 tandi
1526 1176 1700 1210 receperint.
1719 1191 1751 1194 —
1774 1177 1860 1208 (Rsso.
1888 1176 1931 1207 19,
1961 1178 1980 1203 f.
2010 1177 2061 1203 147
2086 1174 2159 1211 [141]
2176 1180 2218 1208 v⁰3
2247 1184 2317 1203 ann.
2339 1175 2422 1208 XIII,

1411 1225 1525 1255 c.211.)

1981 968 2103 999 Latran,
2117 968 2133 994 5
2147 968 2256 994 fevi-ier
2270 967 2348 994 1240.

1454 1353 1467 1366 (ι
1487 1363 1508 1368 ..
1525 1341 1750 1377 archiepiscopo
1766 1340 1956 1368 Ebot-acensi.
1980 1339 2050 1369 Etsi
2075 1339 2155 1369 adeo
2174 1339 2363 1369 necessaria
2381 1339 2426 1369 sit

1414 1393 1480 1422 voti
1498 1392 1630 1426 solutio,
1650 1397 1684 1422 ut
1698 1393 1771 1422 sine
1788 1393 1918 1430 proprie
1932 1392 2050 1422 salutis
2067 1392 2240 1430 dispendio
2257 1392 2358 1422 alicui
2374 1401 2425 1422 re-

1413 1446 1507 1476 silire
1528 1446 1724 1476 auctoritate
1748 1454 1808 1475 sua
1830 1454 1894 1475 non
1917 1445 2015 1475 liceat
2039 1445 2079 1475 ab
2098 1445 2165 1475 hiis
2184 1455 2248 1484 que
2267 1445 2422 1484 sollemp-

1414 1499 1501 1529 niter
1517 1508 1553 1528 ac
1570 1503 1685 1537 sponte
1704 1498 1856 1536 promisit
1873 1508 1878 1526 :
1897 1498 1975 1537 quia
1993 1503 2102 1528 tamen
2119 1498 2279 1528 dicendus
2292 1507 2357 1528 non
2375 1503 2427 1528 est

1415 1553 1481 1582 voti
1499 1557 1736 1589 transgressor,
1761 1551 1819 1590 qui
1837 1551 1923 1590 quod
1940 1551 2038 1586 vovit,
2061 1551 2099 1581 de
2116 1551 2311 1581 auctoritate
2331 1551 2427 1581 Sedis

1415 1605 1615 1644 Apostolice,
1632 1605 1810 1644 presertim
1820 1614 1857 1634 ex
1866 1605 1958 1644 justa
1969 1613 2080 1639 causa,
2091 1604 2221 1634 distulit
2232 1604 2425 1643 adimplere,

1416 1659 1588 1697 cupientes
1613 1663 1679 1688 tam
1702 1658 1873 1688 karissimi
1894 1658 1929 1687 10
1952 1657 2086 1688 Christo
2102 1657 2165 1687 filii
2188 1658 2293 1687 nostri
2317 1680 2337 1688 ..
2357 1659 2427 1688 An-

1416 1711 1545 1750 glorum
1558 1711 1647 1749 regis
1662 1711 1804 1741 illustris
1817 1720 1916 1750 quam
1930 1711 2026 1748 regni
2042 1711 2113 1750 ejus
2127 1710 2428 1749 indempnitatibus

1415 1765 1596 1803 precaveri,
1627 1769 1657 1794 et
1688 1764 1896 1794 attendentes
1928 1764 2179 1799 nichilominus,
2209 1764 2429 1795 consideratis

1416 1817 1678 1847 circumstantiis
1702 1817 1882 1852 universis,
1913 1817 2000 1856 quod
2032 1817 2258 1847 transfretatio
2280 1817 2429 1847 crucesi-

1416 1875 1590 1908 gnatorum
1607 1870 1648 1899 ad
1664 1879 1800 1908 presens
1815 1879 1952 1908 parvum
1966 1874 2054 1900 esset
2070 1869 2120 1899 vel
2132 1869 2260 1899 nullum
2272 1869 2428 1900 orientali

1416 1928 1501 1953 terre
1519 1923 1703 1953 comodum.
1721 1928 1751 1953 et
1764 1923 1834 1960 regi
1849 1932 1885 1952 ao
1900 1931 2001 1960 reguo
2013 1923 2171 1961 predictis
2186 1932 2284 1961 grave
2301 1923 2429 1962 pericu-

1415 1976 1483 2006 lum
1512 1976 1664 2010 allatura,
1690 1976 1887 2006 mandamus
1911 1980 2076 2014 quatenus
2098 1977 2347 2013 crucesignatos
2373 1981 2428 2006 tue

1416 2029 1585 2067 provincie
1598 2038 1733 2059 moneas
1747 2034 1777 2059 et
1793 2029 1932 2058 inducas
1948 2034 1982 2058 ut
1999 2038 2064 2059 non
2081 2029 2174 2067 prius
2186 2029 2249 2059 iter
2265 2029 2430 2068 arripiant

1418 2082 1691 2112 transmarinum.
1713 2091 1810 2120 quam
1829 2092 1846 2111 a
1863 2081 1946 2111 Sede
1961 2082 2150 2120 Apostolica
2166 2082 2358 2112 mandatum
2374 2091 2428 2112 re—

1417 2135 1562 2173 ceperint
1589 2134 1838 2164 transfretandi.
1858 2135 1932 2164 Dat.
1950 2135 2118 2169 Laterani,
2137 2135 2234 2165 nonis
2250 2135 2426 2169 februarii,

1417 2197 1504 2218 anno
1521 2188 1758 2218 tertiodecimo.
1781 2200 1793 2214 »

1488 2379 1605 2407 5⁰5¹
1983 2380 2105 2411 Latran,
2123 2379 2138 2406 6
2151 2379 2261 2406 sevrier
2276 2379 2356 2406 1240.

1452 2442 1684 2476 Archiepiscopo
1713 2446 1739 2468 et
1770 2441 1979 2468 archidiacono
2011 2441 2276 2469 Cantuariensibus
2306 2441 2430 2469 mandat

1418 2494 1573 2525 quatenus,
1597 2505 1630 2508 —
1651 2499 1707 2517 non
1734 2489 1870 2517 obstante
1896 2490 2036 2516 mandato
2058 2490 2219 2524 apostolico
2243 2490 2285 2517 eis
2305 2490 2427 2523 directo,

1417 2539 1559 2566 videlicet
1575 2543 1606 2566 ut
1619 2539 1719 2566 abbati
1737 2539 1956 2572 conventuique
1970 2538 2229 2571 Cluniacensibus,
2243 2538 2353 2566 debitis
2366 2547 2429 2573 gra-

1417 2589 1506 2620 vatis,
1525 2589 1655 2614 facerent
1671 2596 1762 2621 usque
1778 2587 1815 2614 ad
1834 2587 1997 2614 triennium
2014 2587 2051 2614 ab
2065 2587 2213 2614 universis
2227 2586 2384 2614 abbatibus
2400 2590 2430 2614 et

1417 2637 1564 2671 prioribus
1589 2637 1731 2670 Angliae,
1758 2636 1966 2664 Cluniacensis
1992 2636 2116 2667 ordinis,
2139 2636 2287 2663 decimam
2314 2638 2427 2670 partem

1416 2686 1552 2712 omnium
1582 2688 1780 2719 proventuum
1811 2689 1840 2712 et
1868 2685 2040 2712 reddituum
2071 2693 2189 2711 suorum
2220 2685 2369 2718 exhiberi,
2396 2699 2427 2703 —

1417 2734 1566 2761 exactioni
1587 2734 1721 2761 decimae
1737 2742 1811 2768 quae
1829 2743 1846 2760 a
1862 2733 1994 2768 prioratu
2011 2733 2047 2760 de
2062 2734 2175 2766 Lewes,
2196 2733 2328 2767 ejusdem
2347 2733 2429 2760 ordi—

1417 2784 1474 2816 nis,
1492 2783 1687 2811 Cicestrensis
1703 2783 1857 2815 dioecesis,
1869 2782 1970 2810 deberi
1981 2782 2146 2815 dicebatur,
2161 2782 2381 2816 supersedeant.
2395 2796 2427 2800 —

1417 2833 1504 2864 (Res.
1523 2832 1566 2864 19,
1580 2832 1599 2858 f.
1617 2832 1668 2858 147
1684 2829 1757 2867 [141]
1770 2834 1813 2863 v⁰;
1830 2840 1901 2858 ann.
1916 2830 1997 2864 XIII,
2011 2839 2036 2858 c.
2051 2831 2126 2862 212.)

1459 2959 1471 2973 1(
1503 2970 1521 2976 ,.
1549 2947 1773 2984 archiepiscopo
1798 2951 1824 2975 et
1849 2968 1869 2975 ..
1896 2946 2117 2975 archidiacono
2140 2946 2428 2975 Οαηιῑιαήεηείὺηε,
