2553 3526
311 279 349 309 59
1042 271 1284 303 1100151005
1307 270 1362 300 DE
1385 262 1608 301 GREGOIRE
1634 272 1691 301 ix.
2385 273 2423 302 50

313 346 403 375 filins
430 344 550 374 nobilis
573 344 624 373 vir
645 341 856 382 J[ohannes],
878 350 987 371 comes
1005 339 1188 373 Britannie,
1210 346 1323 367 eorum

314 398 492 436 impatiens
507 402 535 427 et
554 396 640 426 ultor
655 395 829 429 sollicitus,
844 404 907 433 11110
921 394 1082 423 offensam
1098 393 1164 421 Deo
1178 391 1323 429 pariunt.

315 451 378 481 sibi
403 452 488 480 same
510 449 720 487 dispendium
747 453 777 477 et
800 447 965 476 ministris
993 444 1126 475 Domini
1149 443 1324 473 detrimen-

315 509 395 533 tum.
414 504 511 537 Sane,
526 501 709 532 venerabili
727 502 828 529 fratre
846 504 957 529 nostro
974 521 993 526 ..
1010 496 1225 527 Mat-loviensi
1243 495 1326 533 epis-

315 566 393 595 copo
407 556 594 593 accepimus
611 558 845 592 conquerente,
861 552 947 591 quod
964 553 1116 588 Paganus
1133 554 1163 579 et
1178 550 1328 578 Herveus

315 610 353 639 de
378 609 517 639 Loehac.
543 607 692 645 Egidius.
712 605 916 635 senescallus
939 604 1001 634 loci
1021 603 1180 642 ejusdem,
1204 601 1264 631 Th.
1289 600 1328 630 de

317 663 445 696 Anasi„
470 660 674 693 Vt‘illclmus,
700 658 942 697 {nimogenitus
966 657 1048 695 ejus,
1071 655 1206 689 milites,
1230 655 1268 685 G.
1291 654 1330 683 de

316 715 470 751 Guignen
489 717 519 742 ct
537 712 670 751 quidam
688 711 864 748 complices
882 709 1084 743 eorumdem,
1104 708 1164 737 sub
1182 707 1330 746 ejusdem

316 766 446 796 comitis
463 765 609 795 dominio
624 763 808 797 constituti,
824 771 965 801 quorum
979 761 1084 800 aliqui
1097 760 1205 790 crucis
1222 760 1330 798 signa-

317 820 427 849 culum
451 822 658 856 receperunt,
682 816 917 846 Maeloviensis
941 819 972 845 et
993 814 1202 844 Redonensis
1226 813 1331 842 dioce-

317 882 402 908 sum,
431 872 545 901 villam
571 871 684 901 Sancti
710 870 864 900 Maclovii
892 869 930 899 de
954 869 1099 903 Bedano,
1124 867 1164 897 ad
1189 867 1331 897 eundem

317 926 507 964 episcopum
529 924 626 962 pleno
646 923 721 962 jure
745 926 960 961 spectantem,
983 920 1150 950 hostiliter
1175 919 1331 949 invaden-

318 984 377 1014 tes,
396 977 513 1008 exinde
531 977 602 1007 suis
622 976 742 1006 balivis
762 975 886 1014 ejectis,
904 979 934 1004 et
950 974 990 1003 ab
1006 973 1161 1003 omnibus
1183 973 1253 1002 suis
1268 972 1331 1002 loci

318 1032 467 1071 ejusdem
491 1031 683 1070 juramento
711 1029 882 1059 fidelitatis
910 1032 1047 1062 extorto,
1076 1027 1209 1056 domum
1238 1035 1331 1056 suam

317 1084 414 1114 bonis
431 1082 578 1112 inventis
596 1082 720 1111 ibidem
738 1081 892 1120 nequiter
913 1080 1115 1118 spoliarunt3
1134 1083 1165 1109 et
1186 1078 1330 1113 tandem,

318 1136 415 1176 quasi
432 1140 560 1165 tantum
578 1143 750 1164 excessum
767 1143 824 1172 pro
841 1133 967 1163 modico
984 1136 1186 1170 reputarent,
1204 1132 1332 1161 irruen-

319 1195 367 1220 tes
384 1190 418 1218 in
435 1188 593 1219 ecclesias
610 1188 644 1216 in
662 1187 784 1226 quibus
801 1186 888 1216 idem
907 1186 1080 1224 episcopus
1100 1189 1131 1215 et
1147 1184 1205 1214 alii
1221 1184 1333 1222 plures

320 1251 380 1273 sua
402 1242 488 1271 bona
510 1244 700 1279 posuerant,
724 1249 789 1269 non
814 1239 921 1269 solum
941 1239 1013 1276 ipsa
1033 1238 1189 1276 diripere,
1211 1238 1277 1273 sed,
1298 1238 1333 1266 in

319 1295 520 1334 presbiteros
552 1293 768 1323 ecclesiarum
801 1292 949 1331 ipsarum
987 1300 1105 1320 manus
1138 1290 1333 1321 temerarias

320 1348 545 1379 extendentes.
564 1347 654 1385 ipsos
673 1346 713 1376 ad
730 1345 991 1384 redemptionem
1010 1344 1062 1374 sui
1085 1343 1281 1382 compellere
1303 1348 1334 1373 et

320 1401 416 1440 quasi
440 1401 501 1430 sub
526 1400 651 1430 tributo
675 1408 796 1438 ponere
819 1402 1105 1437 presumpserunt,
1128 1397 1273 1427 decimas
1295 1397 1334 1426 ad

321 1454 464 1484 eundem
504 1453 695 1492 episcopum
731 1452 937 1490 pertinentes
969 1460 1026 1489 per
1054 1450 1248 1480 violentiam
1282 1460 1335 1479 ra·-

320 1508 461 1546 pientes.
480 1507 626 1543 Quorum
644 1505 792 1543 exemplo
809 1504 1009 1535 Guillelmus
1024 1503 1062 1533 de
1079 1503 1197 1542 Capsa,
1218 1503 1335 1533 Maelo-

320 1561 446 1591 viensis
461 1560 614 1594 diocesis,
630 1559 670 1588 ad
686 1568 785 1597 opera
801 1558 998 1596 perditionis
1013 1566 1183 1592 1100005115,
1204 1557 1336 1587 favente

322 1614 387 1643 sibi
403 1613 536 1643 domino
557 1622 617 1642 suo
639 1612 742 1642 nobili
761 1612 831 1641 viro
852 1610 1043 1650 J[ohanne],
1062 1610 1196 1640 domino
1213 1611 1336 1640 Montis

322 1667 442 1703 Fortis,
460 1666 608 1705 subjecto
632 1665 738 1695 eidem
758 1664 881 1699 comiti,
903 1663 1051 1703 ejusdem
1075 1663 1220 1701 episcopi
1240 1672 1337 1693 occu-

322 1729 399 1758 pare
415 1719 560 1749 decimas
578 1728 641 1748 non
661 1718 808 1756 expavit3
828 1717 970 1756 quodam
993 1726 1030 1746 cx
1047 1716 1264 1754 complicibus
1288 1717 1338 1754 ip-

322 1774 368 1803 sis
386 1773 426 1803 ad
442 1777 566 1802 tantam
583 1772 751 1802 insaniam
768 1775 1014 1810 prorumpente,
1031 1770 1130 1808 quod,
1146 1769 1337 1800 cathedram

321 1826 544 1866 pontificalem
579 1826 774 1861 ascendens,
811 1830 842 1855 et
878 1824 1040 1854 derisorie
1073 1832 1107 1853 50
1142 1823 1337 1861 confingens

321 1881 523 1919 episcopum,
555 1888 591 1909 ac
618 1879 748 1917 lapsum
774 1878 885 1907 carnis
912 1877 1017 1907 nichil
1045 1886 1117 1907 esse
1147 1877 1334 1915 predicans,

321 1933 531 1963 denuntiavit
548 1937 719 1970 peccatum
736 1931 982 1961 committentes
1000 1930 1191 1969 hujusmodi
1208 1929 1336 1959 absolu-

323 1991 382 2016 tos.
407 1986 515 2022 Quare
542 1985 710 2023 predictus
739 1984 924 2022 episcopus,
952 1983 1135 2013 monitione
1161 1983 1334 2021 premissa,

320 2039 355 2068 in
372 2047 530 2077 personas
547 2036 901 2067 excommunicationis
920 2040 951 2065 et
971 2036 1005 2064 in
1027 2040 1131 2065 terras
1154 2044 1267 2065 eorum
1284 2035 1337 2064 in-

320 2091 451 2121 terdicti
470 2090 665 2125 sententias,
686 2089 882 2119 auctoritate
902 2088 1082 2122 ordinaria,
1102 2088 1337 2126 exigentejus-

320 2145 403 2178 titia,
418 2142 640 2182 promulgavit
653 2153 658 2177 ;
673 2151 755 2181 quas
768 2142 832 2180 ipsi
845 2150 902 2179 per
915 2150 1040 2171 annum
1058 2140 1246 2178 etamplius
1263 2149 1337 2170 con-

320 2201 539 2235 tempnentes,
570 2196 691 2225 nedum
716 2195 803 2234 quod
832 2194 871 2224 ab
900 2194 1091 2233 huJ'usmodi
1118 2194 1336 2232 perversitate

320 2251 519 2285 destiterint,
545 2250 646 2278 immo
668 2249 702 2278 in
725 2248 865 2279 ecclesia
888 2247 1066 2277 interdicto
1090 2247 1261 2285 supposita
1279 2256 1337 2285 per

319 2303 641 2334 excommunicatum
668 2301 890 2340 presbiterum
918 2301 1031 2330 divina
1059 2300 1187 2330 faciunt
1213 2304 1336 2330 temere

319 2357 492 2387 celebrari.
516 2357 554 2385 Et
576 2364 767 2394 quanquam
786 2355 873 2384 idem
893 2354 1067 2392 episcopus
1091 2353 1131 2383 ad
1151 2353 1336 2391 predictum

318 2410 483 2444 comitem,
513 2408 574 2439 sub
599 2409 694 2447 cujus
723 2408 787 2446 ipsi
811 2407 1047 2446 jurisdictione
1076 2406 1276 2442 consistunt,
1306 2411 1336 2435 ct

318 2473 375 2502 per
392 2472 489 2502 quem
505 2472 522 2492 a
539 2462 640 2492 tantis
658 2461 849 2491 excessibus
865 2460 1013 2490 cohiberi
1029 2464 1192 2498 poterant,
1206 2459 1336 2489 duxerit

318 2517 568 2549 recurrendum,
587 2515 716 2545 nullum
739 2519 849 2544 tamen
873 2514 959 2552 apud
983 2522 1057 2544 eum
1080 2522 1179 2551 super
1195 2513 1262 2542 hiis
1278 2522 1335 2551 per

319 2579 454 2600 suarum
480 2578 615 2607 precum
638 2567 834 2598 instantiam
858 2567 965 2606 potuit
987 2566 1149 2596 auxilium
1175 2566 1334 2604 consequi

318 2623 369 2653 vel
386 2624 544 2652 favorem.
563 2621 649 2658 Quid
666 2621 706 2651 ad
723 2620 809 2650 ista?
826 2628 948 2654 nonne,
969 2628 1042 2649 cum
1060 2619 1148 2648 idem
1166 2627 1274 2648 comes
1292 2618 1335 2648 sit

317 2677 368 2706 vir
384 2675 566 2705 catholicus
589 2679 619 2704 et
640 2674 826 2704 devotionis
848 2673 976 2703 debitor
994 2672 1167 2703 Conditori
1184 2672 1334 2701 omnium

317 2729 529 2763 constitutus,
560 2727 686 2757 turbari
713 2727 809 2756 debet
832 2726 918 2765 quod
943 2726 1080 2755 libertas
1107 2724 1335 2755 ecclesiastica

318 2785 364 2814 siv
386 2794 404 2813 a
427 2783 570 2813 subditis
594 2783 659 2812 sihi
683 2782 880 2820 deprimitur
904 2785 935 2811 et
958 2780 1091 2811 Christo
1116 2781 1149 2809 in
1174 2780 1333 2809 membris

317 2839 387 2876 ejus
417 2841 506 2866 tanta
531 2835 734 2866 contumelia
760 2835 953 2872 irrogatur?
981 2834 1193 2872 Sepedictum
1219 2833 1332 2872 itaque

316 2891 469 2921 comitem
487 2898 543 2927 per
558 2888 686 2918 litteras
705 2892 836 2917 nostras
852 2896 1005 2924 rogamus
1024 2890 1055 2915 ct
1071 2886 1283 2915 obsecramus
1298 2885 1331 2914 in

315 2943 457 2974 Domino
489 2946 534 2977 ut,
570 2941 750 2979 prudenter
784 2940 959 2970 advertens
994 2939 1079 2978 quod
1115 2938 1331 2968 ecclesiarum

1407 336 1543 375 prelatis
1561 346 1625 367 non
1642 338 1809 375 irrogatur
1829 337 1965 376 injuria,
1985 337 2065 375 quin
2083 337 2248 367 inferatur
2265 342 2296 368 et
2313 339 2421 375 nobis,

1408 398 1532 421 curam,
1550 390 1746 429 disponente
1764 390 1914 425 Domino,
1938 389 2130 427 gerentibus
2152 390 2299 421 Ecclesie
2323 400 2424 429 gene-

1409 442 1499 478 ralis,
1519 444 1682 481 predictos
1700 443 1879 481 sacrilegos
1896 447 1932 472 ut
1949 442 1988 471 ab
2009 442 2116 480 ipsius
2133 443 2278 482 episcopi
2299 448 2330 474 et
2346 453 2424 474 suo-

1409 504 1483 524 rum
1502 496 1733 526 molestatione
1750 496 1924 530 desistant,
1946 500 1977 525 et
1996 495 2044 525 eis
2064 495 2174 525 taliter
2197 496 2307 526 ablata
2324 497 2424 526 resti-

1411 552 1514 584 tuant,
1529 557 1566 578 ac
1580 549 1618 579 de
1633 549 1789 587 irrogatis
1804 549 1956 587 dampnis
1970 552 2000 578 et
2012 548 2147 587 injuriis
2160 549 2424 580 satisfactionem

1411 600 1588 631 exhibeant
1607 606 1856 640 congruentem,
1879 610 1936 640 pro
1953 601 2068 630 divina
2086 604 2117 631 et
2140 605 2253 631 nostra
2269 611 2425 633 reveren-

1412 654 1468 687 tia,
1488 654 1609 684 tradita
1625 655 1690 685 sibi
1710 659 1858 685 coerceat
1875 658 2036 692 potestate
2055 671 2102 682 —.
2122 654 2284 690 Quocirca
2299 655 2426 686 discre-

1412 706 1495 736 tioni
1520 712 1573 737 tue
1596 716 1654 746 per
1676 707 1857 746 apostolica
1881 707 2003 745 scripta
2026 706 2222 737 mandamus
2247 712 2424 746 quatenus,

1413 768 1487 788 cum
1503 759 1589 789 dicto
1607 760 1759 798 episcopo
1776 759 1868 789 nulla
1885 768 1984 798 super
2000 759 2067 788 hiis
2086 764 2195 798 pateat
2210 759 2264 789 via
2279 761 2425 796 consilii,

1414 811 1481 841 nisi
1495 813 1582 851 quod
1595 813 1682 843 idem
1699 821 1808 843 comes
1823 813 2001 851 sepedictis
2015 812 2221 850 corrigendis
2236 814 2427 844 excessibus

1414 865 1589 903 diligentia
1609 865 1763 904 invigilet
1783 866 1919 901 efficaci,
1937 865 2101 904 inquisita
2121 874 2220 904 super
2240 867 2425 904 premissis,

1415 919 1453 948 de
1470 918 1568 957 plano
1585 923 1616 949 et
1633 919 1705 949 sine
1723 919 1863 958 strepitu
1877 919 2008 958 judicii,
2027 918 2177 953 veritate,
2196 919 2225 948 si
2241 920 2428 957 reppereris

1415 972 1503 1010 quod
1528 976 1593 1001 tam
1619 972 1768 1002 enormia
1792 976 2039 1010 presumantur,
2068 971 2182 1002 eodem
2211 972 2330 1002 comite
2357 972 2424 1010 illa,

1415 1033 1489 1054 cum
1507 1025 1623 1063 possit,
1642 1025 1808 1062 corrigere
1827 1033 1893 1054 non
1910 1028 2058 1060 curante,
2076 1028 2113 1054 ut
2126 1025 2166 1054 ad
2182 1025 2428 1055 restitutionem

1417 1077 1608 1116 hujusmodi
1631 1077 1837 1108 sublatorum
1864 1081 1895 1108 et
1914 1077 1980 1107 alia
2002 1077 2160 1116 jamdicta
2182 1082 2275 1116 cogat
2297 1078 2430 1108 eosdem

1416 1131 1607 1169 sacrilegos,
1630 1132 1751 1170 ipsum,
1773 1131 1956 1161 monitione
1980 1131 2152 1169 premissa,
2174 1140 2232 1170 per
2254 1140 2430 1161 censuram

1416 1184 1689 1219 eeclesiasticam,
1719 1184 1941 1222 appellatione
1971 1188 2107 1219 remota,
2138 1183 2326 1222 compellas.
2355 1185 2429 1214 Non

1416 1238 1568 1268 obstante
1587 1238 1824 1267 constitutione
1846 1238 1885 1267 de
1902 1237 2030 1267 duabus
2049 1237 2148 1267 dietis
2165 1237 2253 1268 edita
2268 1238 2303 1267 in
2320 1238 2432 1268 conci-

1415 1290 1460 1320 lio
1477 1290 1637 1328 generali,
1658 1291 1727 1320 sive
1747 1290 1834 1329 quod
1857 1290 1943 1320 dicto
1966 1290 2079 1320 comiti
2103 1295 2152 1320 est
2168 1299 2186 1320 a
2205 1290 2300 1320 nobis
2316 1290 2430 1320 indul-

1416 1348 1497 1378 tum,
1530 1352 1570 1373 00
1598 1344 1673 1382 (11115
1702 1343 2055 1373 excommunicationis
2080 1343 2113 1372 in
2137 1352 2312 1382 personam
2339 1348 2370 1374 et
2396 1344 2431 1373 in

1417 1401 1539 1426 terram
1563 1405 1657 1426 suam
1682 1396 1852 1426 interdicti
1873 1396 2058 1426 sententias
2081 1396 2291 1435 promulgare
2313 1406 2432 1436 presu-

1418 1453 1485 1479 mat
1501 1449 1626 1488 absque
1643 1449 1798 1479 mandato
1816 1449 1911 1480 Sedis
1929 1449 2117 1488 Apostolice
2134 1449 2282 1488 speciali,
2299 1454 2330 1480 et
2346 1450 2432 1489 quod

1418 1506 1510 1532 extra
1526 1511 1619 1532 suam
1637 1502 1808 1537 diocesim,
1834 1506 1890 1531 aut
1914 1502 1980 1531 nisi
2000 1510 2109 1532 coram
2131 1502 2230 1532 certis
2249 1502 2429 1541 judicibus,

1419 1565 1485 1585 non
1503 1555 1607 1594 possit
1624 1565 1680 1594 per
1692 1555 1820 1585 litteras
1837 1555 2035 1594 apostolicas
2052 1555 2235 1585 conveniri.
2253 1557 2326 1585 Dat.
2342 1556 2436 1586 Late-

1419 1609 1504 1644 rani,
1524 1609 1569 1639 VI
1586 1608 1661 1638 idus
1678 1608 1769 1644 maii,
1788 1617 1874 1639 anno
1892 1608 2130 1639 tertiodecimo.
2153 1620 2166 1634 1>

1489 1814 1608 1842 4828
2003 1815 2124 1847 Latran,
2140 1815 2175 1841 27
2190 1815 2267 1842 avril
2280 1815 2360 1842 1239.

1456 1877 1574 1903 Decano
1601 1879 1629 1903 et
1658 1876 1798 1910 magistro
1821 1877 1988 1903 scholarum
2014 1876 2289 1904 Cenomanensibus
2310 1878 2435 1905 mandat

1421 1928 1566 1958 quatenus
1583 1926 1717 1957 Petrum,
1741 1925 1812 1951 olim
1834 1925 1973 1952 comitem
1997 1925 2184 1959 Britanniae,
2206 1929 2233 1953 et
2253 1927 2433 1960 Johannem,

1421 1974 1484 2007 ejus
1499 1974 1530 2000 in
1546 1974 1722 2000 Britanniae
1737 1973 1881 2000 comitatu
1898 1982 2106 2007 successorem,
2124 1974 2269 2001 inducant
2282 1978 2314 2002 nt
2330 1983 2432 2009 quam-

1420 2023 1488 2049 dam
1515 2022 1715 2056 provisionem
1744 2031 1817 2056 quae
1847 2031 1863 2049 a
1887 2023 1962 2049 Sede
1985 2024 2157 2057 Apostolica
2182 2027 2373 2051 emanaverat
2400 2025 2432 2051 in

1419 2071 1502 2105 gravi
1525 2080 1613 2098 causa
1633 2071 1712 2098 inter
1736 2072 1795 2098 sere
1817 2080 1919 2098 omnes
1940 2072 2116 2099 Britanniae
2137 2073 2297 2107 episcopos,
2315 2081 2350 2100 ex
2373 2082 2434 2100 una

1419 2122 1512 2154 parte,
1528 2122 1556 2147 et
1572 2120 1757 2154 praedictum
1774 2120 1907 2152 Petrum,
1923 2128 1958 2146 ex
1974 2121 2078 2153 altera,
2093 2124 2203 2153 exorta,
2218 2136 2248 2140 —
2265 2130 2352 2155 quam
2369 2130 2432 2156 pro-

1419 2168 1566 2195 visionem
1582 2169 1750 2202 praedictus
1763 2169 1912 2196 Johannes
1928 2169 2093 2203 exspirasse
2104 2169 2271 2203 reputabat,
2284 2185 2316 2188 —
2332 2169 2433 2197 obser—

1419 2220 1510 2249 vent;
1532 2217 1574 2243 eis
1591 2217 1712 2251 insuper
1727 2217 1876 2250 significat
1892 2226 1922 2243 se
1937 2218 2015 2244 velle
2032 2217 2213 2251 praedictam
2232 2218 2431 2252 provisionem

1419 2267 1454 2293 ad
1471 2266 1641 2300 episcopum
1656 2266 1880 2292 Nannetensem
1898 2266 2029 2293 extendi.
2045 2281 2077 2284 —
2094 2267 2180 2299 (REG.
2196 2267 2239 2299 19,
2257 2267 2277 2293 f.
2290 2267 2341 2294 118
2357 2266 2433 2302 [112]

1420 2318 1467 2346 v⁰;
1485 2323 1555 2341 ann.
1572 2314 1655 2347 XIII,
1671 2323 1696 2341 c.
1711 2314 1761 2346 76;
1775 2329 1807 2332 —
1822 2315 2085 2347 Monmu1192,f.
2101 2315 2166 2347 321;
2184 2316 2221 2342 cf.
2241 2315 2318 2348 ibid„
2336 2316 2355 2342 f.
2369 2316 2432 2350 325,

1420 2372 1454 2390 ex
1472 2364 1647 2395 RnNALno,
1663 2370 1717 2388 non
1734 2364 1859 2395 1'nte9ra;
1884 2378 1916 2381 —-
1933 2363 2090 2390 POTTHAST
2109 2363 2210 2395 107363
2229 2378 2259 2381 —
2277 2365 2314 2390 cf.
2335 2371 2433 2397 supra,

1420 2421 1448 2439 n.
1467 2412 1546 2444 3387,
1561 2412 1630 2439 3988
1646 2415 1674 2439 et
1690 2412 1783 2443 4047.)

1460 2527 1472 2541 «
1493 2537 1513 2544 ..
1531 2516 1643 2544 decano
1664 2520 1689 2544 et
1714 2514 1760 2553 [.]
1781 2515 1926 2552 maqistro
1948 2515 2101 2543 scolarum
2119 2515 2429 2554 Cenem(171,[e⁷zsibus].

1418 2567 1505 2597 Olim
1524 2567 1611 2597 inter
1628 2566 1837 2597 venerabiles
1858 2567 1978 2597 fratres
2000 2571 2130 2597 nostros
2149 2591 2168 2597 ..
2187 2567 2432 2604 Redonensem,

1418 2644 1439 2650 ..
1459 2621 1729 2656 Maeloviensem,
1750 2644 1769 2649 ..
1788 2620 2015 2657 Briocensem,
2035 2644 2055 2650 ..
2073 2621 2262 2656 Dolensem,
2282 2645 2302 2651 ..
2322 2622 2433 2652 Vene-

1419 2678 1557 2704 tensem.
1580 2697 1598 2703 ..
1618 2674 1855 2703 Trecorensem
1877 2677 1907 2703 et
1926 2697 1944 2702 ..
1965 2674 2170 2704 Leonensem
2192 2674 2375 2712 episcopos,
2393 2683 2431 2705 ex

1417 2731 1509 2765 parte
1527 2736 1603 2757 una.
1622 2731 1653 2756 et
1669 2726 1825 2756 dilectum
1844 2726 1949 2756 filium
1970 2726 2114 2756 nobilem
2131 2726 2238 2756 virum
2257 2726 2431 2766 P[etrum],

1416 2784 1495 2809 tunc
1512 2780 1686 2809 Britannie
1704 2779 1869 2814 comitem,
1888 2779 2165 2817 crucesignatum,
2186 2788 2222 2809 ex
2241 2779 2355 2814 altera,
2374 2788 2432 2809 su-

1416 2841 1473 2870 per
1492 2833 1634 2862 diversis
1655 2832 1806 2862 articulis
1827 2836 1939 2862 exorta
1961 2832 2052 2869 gravi
2075 2832 2212 2862 materia
2230 2833 2430 2871 questionis,

1415 2885 1518 2915 multe
1536 2894 1635 2923 super
1649 2885 1721 2923 ipsa
1738 2886 1872 2915 suerunt
1890 2894 1907 2914 a
1924 2884 2020 2914 nobis
2034 2885 2207 2923 impetrate
2222 2885 2343 2922 littere,
2356 2894 2433 2916 con-

1416 2938 1561 2968 tinentes
1579 2938 1722 2977 qualiter
1739 2938 1772 2967 in
1789 2938 1940 2976 partibus
1957 2938 2024 2968 illis
2047 2947 2102 2976 per
2118 2938 2259 2968 eundem
2276 2938 2431 2969 comitem
