2553 3526
141 305 193 336 153
982 295 1216 334 TREIZIEME
1240 303 1397 331 ANNEE.
2176 305 2228 332 1.·,1

138 373 215 407 ipsos
233 374 374 400 hactenus
390 373 538 403 collectOS,
560 375 588 398 et
604 374 699 398 cetera
716 371 789 398 bona
806 372 842 398 ad
861 372 989 406 episcopi
1012 378 1143 397 mensam

136 421 313 456 spectantia,
331 421 425 447 eidem
443 420 578 454 episcopo
594 421 641 446 vel
661 420 723 453 ejus
742 420 920 453 procuratori
937 419 1097 452 assignent.
1112 433 1146 435 τ

137 471 224 502 (Rae.
246 469 290 502 19,
316 471 335 495 f.
357 468 409 495 110
429 467 502 503 [134]
522 471 565 499 v·;
587 477 656 494 ann.
679 469 764 499 XIII,
787 477 811 494 c.
834 468 901 494 187:
929 483 958 485 —
983 468 1020 493 t-t'.
1044 473 1144 497 supra,

138 527 166 545 n.
184 518 250 545 3811
268 521 296 544 et
311 517 404 547 5004.)

180 660 192 674 ι(
219 669 237 676 ..
256 647 473 676 archidiacono
489 647 523 674 de
544 647 674 680 Vermui,
697 645 922 674 Bracharensis.
942 649 966 672 rt
985 645 1026 679 P„
1046 645 1146 681 priori

138 701 244 729 Sancti
265 698 391 737 lac-[obi]
414 700 447 728 de
465 699 608 728 Alanlter.
636 699 843 727 t'lioebomnsis
860 698 1022 726 diocesani.
1047 696 1145 726 Olim.

140 752 361 784 Ulixbonensi
380 751 520 781 ecclesia
536 751 702 789 pontificis
720 750 837 780 solatio
853 750 1011 779 destituta
1030 754 1061 779 et
1078 758 1148 787 pro-

140 806 268 836 visione
285 805 392 843 ipsius
410 805 486 835 Sedi
507 803 694 841 Apostolicc
719 808 895 837 reservata,
916 812 971 832 vos
992 811 1148 840 procura-

141 863 228 889 tores
257 858 365 897 quoad
394 857 588 895 temporalia
620 857 767 895 ejusdem
797 856 935 885 ecclesie
966 856 1027 885 sub
1060 860 1147 885 certa

140 912 247 941 forma
265 911 419 940 duximus
436 910 647 940 ordinandos.
667 909 748 939 Cum
773 913 882 938 autem
900 908 1147 938 venerabilibus

142 964 301 994 fratribus
325 963 448 993 nostris
472 986 490 992 ..
516 962 764 1000 archiepiscopo
784 962 941 991 Toletano
966 966 996 991 et
1019 984 1039 990 ..
1061 962 1147 999 epis-

140 1025 220 1055 copo
241 1016 414 1046 Palentino
431 1015 619 1046 dederimus
639 1015 761 1044 nostris
781 1014 901 1044 litteris
919 1015 952 1043 in
968 1014 1146 1050 mandatis

141 1075 176 1099 ut
198 1069 305 1099 eidem
329 1068 478 1102 ecclesie,
497 1077 571 1107 que.
591 1068 630 1097 ob
652 1068 856 1097 vacationem
881 1067 1056 1099 diutinam,
1075 1075 1148 1103 gra-

140 1132 214 1153 vem
235 1123 269 1152 in
293 1122 525 1160 spiritualibus
549 1126 579 1151 et
603 1121 840 1159 temporalibus
866 1120 1026 1150 sustinuit
1050 1120 1149 1149 lesio-

141 1186 227 1212 nem,
256 1176 295 1206 de
321 1184 463 1214 persona
489 1175 618 1209 idonea,
647 1184 710 1213 que
738 1179 826 1203 tanto
852 1173 944 1202 oneri
974 1178 1005 1202 et
1031 1172 1149 1201 honori

139 1234 348 1268 congrueret,
370 1229 440 1258 vice
464 1233 576 1257 nostra
600 1228 633 1256 in
658 1228 847 1266 episcopum
873 1226 1094 1264 providerent,
1120 1230 1148 1255 et

139 1282 251 1318 iidem,
284 1286 442 1320 tanquam
469 1281 655 1310 honestatis
685 1285 715 1309 et
742 1280 897 1309 utilitatis
926 1279 1149 1308 ecclesiastice

139 1335 327 1370 dilectores,
352 1333 575 1364 venerabilem
605 1334 741 1362 fratrem
776 1337 924 1361 nostrum
955 1331 1150 1369 magistrum

139 1388 365 1426 J[ohannem],
394 1387 652 1418 Ulisbonensem
679 1386 881 1424 epIscopum,
907 1390 983 1413 tunc
1009 1383 1151 1421 capella-

142 1450 222 1471 num
238 1445 388 1471 nostrum
405 1444 435 1470 et
451 1440 612 1469 decanum
630 1439 768 1469 ecclesie
786 1438 941 1476 predicte.
963 1438 1026 1475 ipsi
1048 1437 1151 1467 eccle-

142 1495 192 1525 sie
208 1495 242 1524 in
263 1494 452 1532 episcopum
477 1493 677 1531 profecerint
697 1496 725 1521 et
748 1496 923 1530 pastorem.
942 1491 1095 1528 idemque
1113 1490 1152 1519 ad

144 1548 336 1577 mandatum
351 1551 500 1576 nostrum
514 1546 650 1576 eandem
665 1545 866 1582 susceperit¹
882 1543 1130 1581 gubernandam
1146 1553 1150 1571 :

143 1601 340 1631 mandamus
359 1605 524 1639 quatenus
548 1599 721 1628 universos
748 1598 896 1628 redditus
919 1603 949 1627 et
975 1602 1153 1634 proventus

144 1654 349 1692 episcopales
368 1663 425 1692 per
449 1662 505 1682 vos
524 1652 677 1682 collectos
698 1652 867 1687 liat-tenus,
889 1656 918 1680 et
938 1655 1046 1680 cetera
1070 1650 1154 1679 bona

144 1708 185 1738 ad
217 1707 362 1746 episcopi
391 1716 540 1736 mensam
573 1706 766 1744 spectantia,
799 1709 994 1734 ornamenta
1025 1713 1154 1742 quoque

144 1760 356 1799 episcopalia,
380 1768 438 1789 nec
466 1768 528 1788 non
556 1764 586 1789 et
611 1759 832 1787 instrumenta
860 1757 1009 1791 ecclesie,
1033 1766 1069 1786 ac
1090 1756 1155 1786 alia

145 1823 209 1853 que
225 1813 266 1843 ad
282 1822 400 1843 manus
418 1817 544 1842 vestras
564 1812 602 1841 de
622 1811 717 1841 bonis
736 1810 979 1849 episcopalibus
997 1818 1155 1847 pervene-

147 1870 234 1902 runt,
260 1866 324 1904 ipsi
348 1866 500 1904 episcopo
524 1865 573 1894 vel
598 1864 802 1903 procuratori
827 1865 897 1902 ejus
921 1864 1048 1898 integre
1072 1862 1156 1891 assi-

146 1929 248 1958 gnare
273 1919 414 1953 curetis;
442 1918 590 1957 alioquin
621 1918 820 1947 sementiam
848 1926 946 1955 quam
977 1916 1063 1945 idem
1095 1915 1156 1945 rite

148 1972 261 2003 tulerit
280 1973 314 2002 in
340 1972 491 2002 rebelles.
511 1976 613 2000 ratam
637 1970 834 2000 habebimus
857 1975 886 1999 ct
909 1969 1080 2003 faciemus,
1103 1977 1156 1997 ac-

148 2031 216 2056 tore
233 2027 312 2060 Deo,
333 2034 438 2064 usque
459 2025 499 2054 ad
515 2024 778 2054 satisfactionem
796 2023 992 2060 comslignam
1016 2021 1157 2050 inviola-

149 2079 261 2109 biliter
277 2078 456 2109 observari.
477 2079 549 2107 Dat.
568 2082 603 2106 ut
622 2086 732 2114 supra.
758 2088 769 2101 »

221 2292 341 2321 5⁰¹2

188 2355 332 2390 Episcopo
349 2352 510 2381 Oxomensi
528 2354 556 2378 et
572 2351 672 2378 abbati
686 2350 784 2377 Vallis
806 2350 885 2376 Oleti
903 2351 947 2381 (z
965 2349 1160 2381 Valladolid),

152 2404 329 2432 Palentinae
343 2402 495 2431 dioecesis,
512 2400 634 2426 mandat
650 2402 805 2433 quatenus,
822 2413 854 2416 —
872 2406 928 2424 non
945 2397 1079 2424 obstante
1093 2406 1161 2431 qua—

151 2453 220 2480 dam
242 2450 455 2486 compositione
480 2457 537 2483 qua
557 2447 734 2479 Ferrandus,
758 2447 855 2473 (lictus
878 2446 977 2472 infans
998 2446 1033 2472 de
1058 2446 1161 2480 Serpa,

152 2501 232 2528 filius
248 2501 344 2527 clarae
361 2498 520 2525 memoriae
539 2494 691 2531 [Altum-t]
707 2496 782 2529 regis
799 2495 998 2527 Portugaliae,
1014 2503 1101 2521 omne
1116 2495 1162 2528 jus

152 2554 182 2578 et
197 2549 343 2577 actionem
361 2556 435 2582 quae
451 2547 481 2574 in
499 2546 582 2573 bonis
599 2545 635 2572 ab
651 2544 751 2571 eodem
770 2552 834 2577 rege
851 2543 964 2570 relictis
980 2545 1027 2570 vel
1043 2544 1112 2570 aliis
1127 2552 1161 2569 ex

653 2289 774 2320 Latran,
789 2288 822 2314 22
838 2287 993 2313 decembre
1008 2287 1087 2313 1239.

153 2601 331 2626 testamento
347 2606 397 2624 seu
414 2603 599 2631 quocumque
615 2594 699 2620 modo
714 2594 770 2627 ipsi
788 2593 935 2619 Ferranslo
951 2596 1162 2627 competerent,

154 2647 239 2674 fratri
256 2654 307 2673 suo
324 2645 443 2676 sancio,
461 2644 520 2677 regi
538 2642 737 2675 Portugaliae,
755 2644 871 2674 recepta
887 2640 923 2667 ab
939 2641 1038 2666 eodem
1056 2641 1163 2667 Sancio

153 2695 281 2729 quadam
299 2701 417 2720 summa
433 2692 587 2726 pecuniae,
602 2690 767 2717 remiserat.
786 2704 816 2707 —
837 2690 1001 2723 praefatum
1021 2689 1161 2716 Sancium

154 2746 260 2778 cogant
271 2745 304 2770 ut
314 2742 410 2769 eidem
424 2740 572 2768 Ferrando
587 2739 725 2766 restituat
736 2738 812 2764 bona
823 2738 858 2764 ad
872 2738 967 2771 ipsum
981 2738 1162 2764 Ferrandum

154 2801 191 2819 ex
205 2791 389 2819 successione
405 2789 548 2824 praedicti
565 2785 705 2823 [Aliensi]
720 2786 795 2820 regis
809 2789 837 2812 et
851 2786 973 2812 inclitae
987 2786 1165 2812 recordatio-

157 2841 204 2868 nis
213 2841 372 2871 Leonorae,
383 2839 501 2873 reginae
509 2837 629 2867 Daciae,
641 2836 856 2870 praedictorum
870 2834 970 2861 Sancii
984 2838 1009 2860 et
1023 2834 1164 2860 Ferrandi

192 2984 212 3007 t.
229 2985 278 3007 Ms.
295 2991 302 3006 .·
318 2981 502 3012 susceperint.

1229 369 1344 398 sororis,
1362 370 1552 403 pertinentia.
1570 385 1599 387 —
1617 370 1702 400 1111111.
1727 370 1767 399 19,
1791 372 1808 395 1.
1837 370 1883 395 111
1909 369 1980 403 [1354
2001 374 2021 394 1“’
2036 378 2041 400 ;
2059 379 2126 395 ann⁴
2149 371 2228 399 XIII,

1229 428 1252 443 1·.
1272 418 1345 447 188.)

1271 531 1282 543 κ
1307 540 1325 545 ..
1346 519 1480 554 episcopo
1499 519 1696 546 t).1·on¹ensiel
1717 541 1735 545 ..
1753 519 1851 546 athan·
1871 518 1961 546 Vallis
1979 518 2060 552 oleti,
2079 518 2234 545 valentine

1229 571 1363 599 dior-exis:
1381 571 1588 600 Constitutus
1611 571 1642 599 in
1668 570 1834 608 presentia
1854 574 1963 598 nostra
1985 570 2123 599 dilectus
2146 570 2233 598 tilius

1230 623 1352 652 nobilis
1371 624 1419 652 vir
1443 623 1666 662 l<'[errantlus],
1687 623 1794 652 dictus
1814 623 1926 651 infans
1949 622 1986 651 ‹le
2006 624 2117 660 Serpa,
2137 627 2233 651 natus

1230 676 1316 705 clare
1339 678 1494 706 memorie
1513 700 1532 704 ..
1555 677 1641 712 regis
1665 675 1863 713 Portugalie.
1885 685 1943 704 sua
1964 675 2057 704 nobis
2075 675 2232 713 petitione

1231 730 1425 758 monstravit
1451 729 1546 767 quod,
1573 738 1646 758 cum
1672 728 1757 757 idem
1787 737 1839 757 rex
1866 728 1898 756 in
1926 727 2042 756 ultima
2067 727 2233 757 voluntate

1230 782 1356 811 duxerit
1383 782 1623 820 disponendum
1647 786 1679 810 ut
1707 782 1904 810 karissimus
1930 781 1963 809 in
1987 780 2118 810 Christo
2143 780 2233 809 filius

1231 840 1342 865 noster
1362 835 1538 874 S[ancius].
1562 844 1616 864 rex
1639 834 1838 870 Pol-tugalie,
1857 834 1958 862 frater
1978 833 2124 871 ejusdem
2142 833 2231 871 F[er-

1231 889 1349 928 randi],
1368 889 1432 917 sibi
1453 889 1486 917 111
1511 897 1611 925 regno
1633 888 1832 921 succederet,
1852 896 1887 916 ac
1911 886 2039 925 reliqua
2060 887 2143 915 bona
2159 896 2230 919 sua,

1230 946 1338 979 preter
1372 941 1566 975 immobilia,
1601 941 1687 970 idem
1717 939 1928 978 ΗΘΜ-1111111151
1965 944 1995 968 ot
2030 939 2150 968 nobilis
2182 939 2232 967 vir

1231 995 1424 1033 A[lfonsus],
1449 1003 1558 1023 comes
1583 994 1731 1025 Bolonie,
1756 994 1856 1022 frater
1878 993 1958 1030 ejus,
1985 1002 2019 1021 ac
2042 992 2154 1021 inclite
2181 1002 2232 1021 rc-

1231 1047 1431 1077 cordationis
1456 1046 1638 1084 L[eonora].
1663 1046 1777 1082 regina
1800 1045 1909 1074 Dacie.
1928 1054 2019 1074 soror
2042 1045 2123 1083 ejus,
2146 1054 2233 1073 com-

1231 1101 1377 1129 muniter
1395 1099 1601 1137 possiderent
1624 1109 1629 1127 z
1653 1099 1759 1127 dictus
1783 1099 1817 1127 F.
1839 1107 1912 1126 cum
1932 1098 2042 1127 eodem
2064 1098 2095 1127 S.
2119 1098 2234 1136 liujus-

1232 1153 1318 1182 modi
1342 1152 1631 1190 compositionem,
1654 1151 1717 1180 sibi
1738 1150 1829 1179 valde
1850 1150 2079 1187 dampnosam,
2105 1150 2194 1184 iniit,
2219 1160 2235 1179 a

1233 1211 1323 1244 parte
1348 1205 1451 1235 altera
1474 1205 1730 1237 circumventus,
1756 1203 1907 1232 videlicet
1936 1203 2030 1241 quod,
2059 1203 2099 1231 ab
2124 1203 2236 1232 eodem

1233 1261 1265 1289 S.
1284 1258 1424 1297 quadam
1443 1258 1580 1295 pecunie
1598 1266 1726 1285 summa
1744 1260 1884 1293 recepta,
1907 1264 2003 1284 omne
2018 1256 2072 1293 jus
2089 1260 2120 1284 et
2136 1255 2238 1284 actio-

1234 1321 1307 1341 nem
1326 1320 1388 1350 que
1408 1311 1441 1339 in
1461 1310 1616 1348 predictis
1636 1310 1732 1339 honis
1750 1308 1799 1338 vel
1817 1308 1892 1338 aliis
1912 1317 1948 1337 ex
1969 1313 2163 1338 testamento
2180 1317 2237 1337 seu

1234 1372 1430 1402 quocunque
1449 1363 1543 1391 modo
1560 1362 1623 1400 ipsi
1641 1363 1674 1391 F.
1694 1365 1924 1399 competerent.
1945 1360 2030 1389 dicto
2052 1361 2084 1389 S.
2103 1360 2171 1396 regi
2188 1368 2239 1388 re-

1234 1417 1336 1445 misit.
1359 1417 1466 1452 Quare
1491 1415 1577 1444 idem
1601 1415 1632 1444 F.
1660 1414 1754 1443 nobis
1778 1413 1950 1442 humiliter
1973 1412 2169 1450 supplicavit
2192 1417 2238 1445 ut,

1235 1479 1308 1499 cum
1327 1469 1396 1507 ipse
1421 1478 1456 1496 ex
1481 1467 1669 1506 hujusmodi
1694 1466 1931 1504 compositione
1956 1465 2134 1494 enormiter
2151 1465 2240 1494 lesus

1236 1523 1364 1552 existat.
1390 1526 1417 1551 et
1444 1521 1549 1550 adbuc
1574 1521 1607 1549 in
1632 1521 1730 1549 annis
1753 1520 1795 1548 sit
1819 1519 2002 1548 minoribus
2027 1519 2238 1553 constitutus,

1236 1576 1413 1605 subvenire
1437 1575 1499 1603 sibi
1526 1583 1623 1612 super
1644 1574 1704 1603 hoc
1726 1582 1783 1611 per
1803 1573 1999 1602 beneficium
2020 1571 2241 1601 restitutionis

1236 1630 1270 1658 in
1290 1629 1466 1665 integrum.
1486 1632 1516 1657 ct
1536 1628 1658 1656 dictum
1678 1635 1786 1664 regem
1808 1627 1840 1655 S.
1860 1626 1898 1654 ad
1917 1624 2155 1654 restituendum
2175 1624 2239 1653 51111

1238 1682 1323 1711 bona
1336 1690 1410 1720 quc.
1425 1681 1463 1709 ad
1477 1681 1584 1718 ipsum
1598 1681 1631 1709 F.
1646 1689 1681 1709 ex
1698 1678 1906 1708 successione
1921 1678 2005 1706 dicte
2020 1677 2141 1706 sororis
2154 1685 2241 1714 spec-

1238 1735 1351 1769 tantia,
1372 1739 1484 1763 contra
1498 1733 1662 1771 justitiam
1680 1732 1814 1761 detinet.
1829 1730 2023 1769 compellere
2038 1738 2240 1759 curaremus.

1237 1790 1372 1818 Verum.
1389 1796 1460 1816 cum
1482 1796 1519 1815 ex
1535 1790 1643 1815 nostre
1662 1784 1832 1814 servitutis
1848 1784 1954 1813 officio
1971 1783 2074 1812 simus
2090 1782 2244 1811 omnibus

1239 1842 1273 1870 111
1294 1841 1425 1879 justitia
1444 1840 1620 1869 debitores.
1648 1838 1842 1867 mandamus
1866 1841 2040 1875 quatenns,
2063 1836 2090 1864 si
2115 1840 2163 1864 est.
2186 1835 2242 1869 ita,

1239 1895 1324 1923 dicta
1342 1893 1578 1931 compositione
1598 1899 1806 1929 nequaquam
1828 1889 1991 1922 obstante,
2014 1888 2174 1926 prefatum
2194 1896 2244 1916 re-

1240 1957 1311 1985 gem
1330 1947 1416 1985 11111111
1437 1946 1543 1975 eidem
1564 1946 1598 1974 F.
1622 1944 1706 1973 bona
1725 1943 1763 1972 ad
1785 1943 1893 1980 ipsum
1917 1943 1950 1971 F.
1976 1951 2011 1970 ex
2035 1941 2245 1970 successione

1241 2001 1460 2038 predictorum
1481 1998 1582 2036 patris
1605 2002 1635 2027 et
1657 1996 1779 2026 sororis
1798 1995 2008 2033 pertinentia.
2032 1994 2193 2025 restituat,
2211 1997 2246 2021 ut

1241 2058 1382 2085 tenetur.
1402 2051 1583 2081 monitione
1608 2049 1780 2087 premissa.
1800 2057 1856 2085 per
1877 2055 2050 2076 censuram
2073 2045 2247 2075 ecclesias-

1242 2107 1350 2140 ticam,
1381 2104 1601 2143 appellatione
1630 2107 1763 2137 remota,
1796 2101 1908 2138 previa
1940 2099 2078 2128 ratione.
2110 2097 2246 2135 cogatis.

1243 2159 1379 2189 Proviso
1399 2168 1438 2187 ne
1457 2158 1488 2186 111
1512 2165 1611 2193 regno
1627 2155 1733 2193 ipsius
1750 2154 1780 2183 S.
1795 2152 1962 2183 interdicti
1981 2157 2040 2181 etc.
2058 2152 2171 2180 Testes
2185 2155 2246 2179 etc.

1242 2212 1334 2249 Quod
1360 2212 1387 2241 si
1415 2220 1477 2240 non
1503 2209 1599 2239 ambo
1622 2213 1682 2238 etc.
1710 2208 1782 2237 Non
1803 2206 1954 2235 obstante
1975 2213 2046 2239 etc.,
2073 2202 2247 2232 dummodo

1242 2268 1327 2297 ultra
1345 2267 1495 2306 quintam
1513 2264 1563 2294 vel
1584 2268 1708 2293 sextam
1728 2267 1801 2296 etc.,
1824 2266 1914 2290 extra
1932 2269 2069 2297 regnum
2088 2260 2247 2295 Portuga-

1243 2321 1285 2351 lie
1306 2325 1367 2351 etc.
1386 2319 1478 2355 Quod
1499 2318 1527 2347 si
1547 2326 1610 2346 non
1633 2315 1728 2345 ambo
1745 2315 1826 2344 etc..¹
1846 2315 1917 2343 Dat.
1940 2312 2105 2345 Laterani,
2125 2311 2171 2340 XI
2188 2310 2246 2339 ka-

1243 2375 1357 2405 lendas
1370 2372 1528 2412 januarii.
1545 2379 1630 2400 anno
1648 2367 1881 2399 tertiodecimo.
1907 2379 1918 2392 11

1745 2547 1864 2575 Latran,
1881 2544 1914 2569 22
1928 2542 2082 2569 decembre
2098 2540 2176 2566 1239.

1315 2551 1435 2580 5013

1281 2613 1432 2641 Tar-asiam
1452 2611 1601 2641 viduam'l,
1620 2617 1705 2642 quam
1724 2606 1913 2640 quamplures
1927 2600 2070 2638 [illorum]
2087 2602 2164 2627 inter
2180 2609 2250 2634 quos

1281 2749 1300 2772 t.
1319 2749 1356 2772 La
1372 2746 1519 2776 repetition
1536 2744 1569 2766 de
1585 2745 1656 2766 cette
1673 2740 1788 2764 on-mule
1806 2749 1810 2762 :
1829 2748 1839 2760 «
1858 2737 1938 2767 Quod
1955 2738 1977 2760 si
1994 2743 2048 2759 non
2066 2736 2145 2758 ambo
2161 2738 2213 2757 etc.
2230 2742 2252 2761 »,

1247 2794 1261 2816 ‘a
1278 2794 1303 2816 ta
1319 2793 1354 2815 fin
1372 2792 1404 2814 de
1421 2792 1445 2814 ta
1461 2789 1588 2820 presente
1606 2786 1688 2815 bulte,
1702 2788 1742 2808 est
1757 2784 1810 2807 due
1824 2790 1887 2806 sans
1901 2782 1985 2805 doute
1999 2781 2013 2803 ‘a
2027 2787 2079 2803 une
2094 2779 2253 2808 negligence

1249 2838 1282 2861 de
1298 2836 1448 2860 redaction.

1279 2882 1301 2904 ἰ).
1319 2880 1339 2904 11
1355 2880 1422 2903 n'cst
1440 2885 1486 2908 pas
1505 2875 1712 2906 expressement
1730 2871 1841 2903 specifie
1857 2871 1924 2893 dans
1943 2870 1968 2892 la
1984 2868 2057 2891 bulte
2073 2874 2125 2897 quc
2141 2867 2165 2888 la
2182 2874 2192 2886 «
2207 2872 2255 2887 no-

1249 2926 1311 2949 bilis
1329 2925 1425 2948 mulier
1441 2921 1553 2946 Tarasia
1570 2930 1581 2941 »ι
1597 2925 1650 2949 que
1666 2919 1690 2941 lc
1707 2923 1775 2948 pape
1792 2915 1876 2945 prend
1892 2921 1957 2937 sous
1973 2920 2002 2936 sa
2019 2911 2183 2942 protection,
2200 2909 2253 2931 soit

1250 2976 1353 2998 veuve',
1372 2968 1438 2991 mais
1455 2967 1479 2989 Ie
1498 2966 1546 2988 fait
1563 2966 1665 2987 ressort
1683 2962 1716 2985 dc
1735 2961 1807 2984 deux
1824 2965 1952 2989 passages
1968 2957 2001 2979 de
2017 2956 2040 2978 la
2057 2954 2133 2985 piece
2150 2962 2155 2975 :
2173 2962 2184 2974 11
2200 2954 2252 2975 ini-
