2553 3526
119 296 172 327 173
959 290 1194 329 TREIZIEME
1217 291 1375 328 ANNEE.
2156 303 2210 332 174

119 375 131 389 »
159 363 350 401 politan[is],
364 365 414 393 ut¹
427 364 558 402 proprio
570 364 708 394 debeant
726 365 913 403 subjacere,
930 365 975 394 ita
990 364 1123 403 quidem

119 428 132 442 n
157 416 243 454 quod
258 416 292 445 in
311 416 445 446 sedibus
461 416 706 455 episcopalibus
723 417 861 447 liberam
878 417 1002 447 habeas
1019 421 1124 454 potes-

119 480 131 494 »
159 473 256 498 tatem
274 469 456 507 episcopos,
474 469 507 497 in
525 469 671 498 castellis
689 479 764 499 vcro
779 475 810 499 et
823 470 911 499 villis
923 469 1124 507 presbiteros

118 535 131 548 n
157 522 352 551 auctoritate
369 526 483 551 nostra
501 522 690 557 instituere,
709 526 750 557 et,
773 527 867 560 prout
887 522 945 552 tibi
962 522 1123 552 Dominus

119 587 131 601 n
157 574 453 609 administraverit,
475 574 640 609 ordinare,
669 575 796 605 scilicet
815 579 880 604 tarn
901 575 935 604 in
952 575 1019 604 hiis
1037 575 1124 613 epis-

119 640 132 654 »
157 627 329 666 copatibus
346 627 403 666 qui
420 627 459 657 de
477 627 626 666 antiquis
648 627 787 658 ecclesie
807 632 861 657 tue
882 627 1035 657 terminis
1052 636 1124 657 esse

119 692 132 707 n
157 685 351 714 noscuntur,
365 689 464 719 quarn
476 680 511 709 in
527 679 595 710 illis
609 680 666 719 qui
682 680 852 718 proprium
869 689 933 710 non
946 680 1125 710 habuerint

99 731 102 734 ⁴
119 745 132 759 n
156 732 459 771 metropolitanum.
478 733 513 763 Si
526 742 589 771 que
607 737 717 762 autem
735 732 932 771 metropoles
948 733 982 762 in
1002 737 1124 762 statum

117 797 131 812 n
154 785 281 815 fuerint
300 785 470 824 proprium
488 785 651 822 restitute,
672 795 731 816 suo
750 795 880 825 queque
897 786 1038 816 diocesis
1055 794 1124 816 me-

118 851 131 866 »
157 838 354 878 tropolitano
371 839 578 874 restituatur,
597 844 632 869 ut
651 839 712 869 sub
728 839 852 878 proprii
870 839 1031 877 regimine
1048 848 1124 877 pas-

118 905 133 920 »
159 892 238 923 toris
257 901 356 931 super
384 892 490 922 divini
513 892 690 923 collatione
714 892 868 922 beneficii
892 892 1061 930 glorietur.
1089 892 1123 922 Si

119 957 132 971 »
157 954 222 984 qua
237 945 340 983 igitur
356 945 389 974 in
414 946 564 975 futurum
588 949 662 977 etc..
687 955 792 984 usque
811 956 816 974 :
836 945 966 975 ultioni.
987 945 1124 975 Cunctis

119 1011 132 1025 >›
159 1002 268 1028 autem
285 1002 366 1034 etc.,
389 1007 495 1037 usque
516 1008 521 1027 :
542 1000 659 1028 Amen.
683 999 754 1028 Dat.
784 999 950 1033 Laterani,
978 1008 1034 1036 per
1055 1008 1125 1027 ma-

119 1065 132 1078 n
159 1060 237 1081 num
260 1052 416 1087 Gerardi,
448 1053 568 1082 Sancte
594 1053 742 1082 Romane
769 1052 915 1082 Ecclesic
940 1052 1122 1090 scriptoris,

119 1117 132 1132 n
160 1106 207 1135 III
237 1104 311 1134 idus
337 1104 538 1139 decembris,
569 1105 751 1135 inflictione
778 1106 849 1140 XV,
880 1105 1124 1134 iucarnationis

119 1170 132 1185 n
157 1157 329 1188 Dominice
352 1166 438 1187 anno
462 1158 677 1192 M⁰C⁰LXVI0,
699 1158 910 1196 pontificatus
932 1167 1007 1187 vero
1024 1157 1125 1186 donni

119 1222 126 1236 ›
157 1209 335 1240 Alexandri
352 1218 433 1247 pape
450 1210 500 1239 III
517 1218 604 1239 1111110
623 1214 749 1239 octavo.
770 1222 782 1235 »

158 1336 172 1351 «
197 1325 270 1354 Dat.
301 1324 469 1360 Laterani,
496 1325 524 1354 V
553 1323 713 1353 kalendas
739 1323 829 1362 julii,
857 1332 944 1353 anno
970 1323 1127 1353 tertiode-

116 1386 214 1407 clmo.
237 1389 250 1403 n

187 1575 306 1604 5043

153 1637 329 1665 Abbatissae
354 1640 382 1664 et
403 1638 563 1664 conventui
589 1637 760 1664 monasterii
788 1637 891 1664 Sancti
915 1637 1065 1664 Francisci
1092 1638 1127 1663 de

115 1687 214 1719 Ofida,
230 1686 343 1714 ordinis
356 1686 451 1713 sancti
468 1686 621 1719 Damiani,
636 1687 796 1713 Firmanae
812 1686 965 1718 dioecesis,
981 1687 1127 1713 immuni-

116 1739 207 1764 tatem
225 1739 253 1763 et
270 1735 437 1762 libertatem
453 1744 525 1769 quas
540 1735 618 1769 prior
637 1737 665 1761 et
684 1737 847 1761 conventus
865 1736 992 1762 Sanctae
1013 1735 1127 1762 Mariae

115 1785 204 1812 castri
221 1785 334 1816 Ofidae,
349 1784 535 1819 spiritualem
556 1784 586 1810 in
609 1783 709 1810 eodem
733 1787 827 1809 castro
845 1784 1083 1817 jurisdictionem
1100 1788 1127 1811 et

114 1834 308 1868 temporalem
327 1833 479 1864 habentes,
497 1833 538 1859 eis
555 1836 770 1863 concesserant,
786 1833 951 1864 confirmat,
969 1833 1037 1859 huie
1058 1841 1127 1859 con-

115 1882 278 1910 firmationi
295 1882 434 1916 quasdam
453 1881 656 1908 concessiones
679 1881 800 1907 addens.
822 1896 852 1899 —
874 1882 960 1911 (Rau.
977 1881 1020 1912 19,
1039 1883 1058 1907 s.
1076 1882 1127 1908 146

115 1930 190 1967 [140]
207 1935 250 1964 v⁰;
268 1940 337 1959 ann.
355 1932 437 1963 XIII,
455 1940 479 1958 c.
494 1931 560 1962 204;
579 1946 610 1949 —
628 1930 926 1959 Porrimsr108051.)

649 1575 780 1608 Anagni,
797 1575 831 1601 27
846 1575 962 1601 octobre
976 1575 1054 1601 1239.

159 2052 171 2066 a
193 2063 212 2068 ..
236 2040 380 2069 abbatisse
401 2045 427 2068 et
449 2039 611 2069 conventui
638 2039 819 2067 monasterii
841 2039 947 2067 Sancti
971 2039 1128 2067 Fraarisci

114 2094 150 2122 de
169 2093 264 2130 Ofida,
281 2093 402 2122 ordinis
421 2093 519 2121 sancti
544 2092 699 2125 Damiani,
719 2092 863 2120 Fir-nume
880 2092 1015 2120 diocesis.
1034 2091 1091 2120 Hii
1110 2100 1128 2120 a

118 2145 202 2176 Sede
221 2163 270 2175 —.
294 2146 368 2175 Dat.
392 2145 556 2182 Anagnie,
572 2145 617 2174 VI
641 2144 800 2173 kalendas
820 2144 1020 2179 novembris,
1041 2152 1128 2173 anno

118 2198 356 2230 tertiodecimo.
376 2210 389 2225 »

189 2397 308 2426 5044

154 2460 274 2488 Eisdem
289 2459 437 2494 significat
448 2466 478 2485 se
492 2459 620 2485 statuere
634 2460 667 2484 ut
679 2465 779 2484 earum
793 2458 1005 2485 monasterium
1024 2466 1037 2484 (‹
1050 2459 1128 2493 vige<

118 2517 134 2536 »
154 2509 237 2536 nario
248 2511 365 2535 tantum
376 2515 498 2534 numero
509 2505 686 2533 monialium
697 2506 744 2532 vel
755 2514 885 2532 sororum
894 2506 932 2533 sit
942 2509 1127 2540 contentum,

120 2566 135 2585 1)
155 2559 184 2585 et
199 2558 282 2584 nulla
293 2557 329 2584 de
340 2559 435 2584 cetero
447 2556 526 2582 ultra
538 2554 663 2582 eundem
678 2562 834 2581 numerum
848 2554 878 2581 in
892 2556 1052 2582 monialem
1065 2556 1129 2583 sive

120 2614 135 2633 »
155 2614 281 2634 sororem
294 2605 455 2640 recipiatur
466 2604 590 2635 ibidem,
602 2602 711 2636 absque
726 2602 811 2630 Sedis
822 2603 992 2637 Apostoliee
1005 2605 1128 2638 speciali

120 2663 135 2682 »
155 2654 279 2683 lieentia
293 2654 341 2681 vel
362 2653 513 2684 mandato,
540 2654 568 2679 et
593 2651 651 2678 nisi
677 2660 710 2678 ea
733 2651 857 2678 fecerint
882 2652 918 2679 de
943 2654 1129 2686 presentibus

638 2395 759 2427 Latran,
776 2396 791 2422 9
807 2395 962 2423 decembre
978 2396 1056 2423 1239.

154 2788 175 2813 1.
194 2789 285 2812 Avant
300 2790 340 2817 ut,
356 2787 373 2810 il
390 2787 448 2810 saut
463 2786 593 2816 suppleer
610 2792 615 2808 :
636 2793 647 2807 «
661 2785 739 2808 vobis
752 2793 762 2807 u
780 2792 816 2808 ou
833 2794 844 2808 «
859 2786 908 2809 tibi
923 2795 945 2810 υ.

152 2833 176 2859 Ἱ.
193 2833 267 2857 Avec
292 2832 412 2860 l'incipit
426 2840 433 2854 :
459 2839 470 2853 «
492 2830 514 2854 Ii
534 2838 549 2853 a
570 2829 636 2853 sede
657 2838 679 2858 n,
699 2829 805 2860 d'apres
829 2830 981 2858 WADmNG.
1004 2834 1130 2856 Annales

121 2878 234 2907 Minor„
248 2876 297 2905 111,
311 2875 364 2905 410,
379 2874 652 2904 n021,etSnAnAtm,
662 2874 765 2898 Bullar.
778 2875 932 2902 Franci-sa,
945 2875 965 2902 1,
979 2875 1130 2905 ⁶272,n0301.

120 2935 153 2940 —
167 2921 242 2945 Dans
258 2928 303 2944 ces
320 2920 393 2943 deux
409 2923 532 2948 auteurs,
544 2925 579 2942 on
592 2918 632 2947 lit,
648 2918 715 2941 dans
729 2918 753 2941 lc
770 2925 850 2948 corps
862 2918 895 2942 de
906 2919 931 2942 la
948 2920 1030 2948 bulte,
1043 2922 1133 2944 claus-

123 2970 166 2992 tro
181 2974 215 2991 au
228 2967 283 2990 lieu
298 2966 331 2989 de
345 2968 448 2989 castro.

1208 372 1221 389 1)
1244 365 1422 392 mentionem
1443 375 1466 392 ».
1485 382 1516 384 —
1534 368 1620 397 (liam.
1640 368 1681 397 19,
1699 367 2208 403 1'.117[111]1·⁴·;.·1nn.xt11,0.205;

1208 426 1239 430 —
1255 413 1411 440 Porruss‘r
1428 414 1539 445 10826.)

1249 526 1260 539 «
1282 515 1409 543 Eisdem.
1429 516 1522 547 Cum,
1542 521 1672 554 propter
1693 516 1940 546 multitudinem
1955 535 2002 545 —-.
2022 518 2095 548 Dat.
2115 518 2212 547 Late-

1208 567 1292 601 rani,
1310 568 1338 597 V
1355 568 1428 598 idus
1445 569 1640 604 ‹lut-cmnbris,
1657 579 1743 599 anno
1761 571 1999 601 tertiodecimo.
2022 584 2032 596 u

1274 763 1392 791 5045

1241 825 1350 852 Abbati
1374 826 1409 852 de
1433 827 1539 853 (ἀι-111115
1565 829 1609 859 (z
1630 828 1792 860 Hradiste),
1823 828 2029 856 olomucensis
2055 831 2207 865 dioecesis,

1207 874 1510 901 praemonstratensis
1532 875 1655 908 ordinis,
1673 879 1701 903 et
1722 877 1811 910 priori
1832 878 1867 903 de
1888 878 2053 912 Dubrarak,
2077 880 2207 913 ejusdem

1205 922 1357 955 dioecesis,
1376 924 1497 950 mandat
1514 928 1657 957 quatenus
1673 924 1878 952 Olomueensis
1893 927 2031 960 episcopi,
2047 928 2208 956 insanabili

1744 767 1863 799 Latran,
1881 768 1913 794 17
1928 769 2045 802 janvier
2060 770 2138 796 1240.

1205 971 1381 998 infirmitate
1397 973 1510 1004 gravati
1528 976 1556 999 et
1575 973 1716 999 confracti
1733 974 1824 1005 senio,
1840 975 1998 1001 cessionem
2015 979 2207 1009 spontaneam

1207 1020 1362 1053 pastoralis
1380 1021 1468 1047 officii
1492 1021 1648 1054 recipiant,
1665 1024 1693 1048 et
1715 1022 1751 1048 ad
1774 1022 1935 1048 cedendum
1951 1026 2055 1056 cogant
2071 1025 2208 1058 eundem,

1207 1067 1231 1094 si
1257 1070 1330 1095 forte
1353 1069 1449 1102 ipsum
1477 1069 1661 1102 contingeret
1685 1070 1844 1103 paenitere.
1873 1085 1904 1088 —
1931 1072 2016 1102 (Rae.
2043 1072 2093 1105 19,
2121 1074 2139 1099 i'.
2160 1074 2210 1100 147

1207 1114 1279 1150 [141]
1291 1120 1327 1147 1“;
1345 1125 1414 1143 ann.
1426 1117 1507 1149 XIII,
1522 1126 1547 1143 c.
1558 1117 1623 1149 206;
1636 1132 1666 1136 —-
1679 1118 1835 1145 Pommsr
1844 1118 1953 1149 10842.)

1249 1230 1261 1242 α
1287 1240 1306 1245 ..
1335 1218 1434 1246 abbati
1462 1219 1495 1246 de
1525 1219 1641 1253 Grazlis,
1677 1219 1965 1248 Premonstra{ensis
1987 1222 2114 1256 ordinis,
2140 1228 2165 1250 et
2190 1242 2213 1253 ..

1205 1271 1307 1307 priori
1329 1271 1362 1299 de
1386 1271 1555 1303 Ihtbraralf,
1584 1272 1790 1301 olomucensis
1809 1273 1943 1301 diocesis.
1970 1274 2082 1312 Usque
2104 1274 2137 1302 in
2162 1283 2214 1304 se-

1209 1328 1337 1352 nectam
1367 1341 1415 1352 —.
1445 1325 1517 1353 Dat.
1552 1325 1718 1359 Laterani,
1751 1325 1827 1354 XVI
1855 1325 2013 1355 kalendas
2040 1327 2212 1362 februarii,

1208 1385 1295 1405 anno
1313 1377 1548 1406 tertiodecimo.
1571 1389 1582 1403 »

1280 1574 1396 1602 50⁴6

1245 1637 1475 1671 Arcl]i‹2=piscopo
1499 1637 1663 1664 Senonensi
1686 1639 1807 1665 mandat
1829 1641 1973 1672 quatenus
1994 1639 2114 1666 clericos
2138 1641 2214 1666 male

1210 1686 1346 1713 viventes
1363 1695 1418 1712 non
1436 1686 1590 1720 permittat
1607 1687 1774 1720 privilegiis
1789 1687 2008 1720 ecclesiasticis,
2024 1688 2053 1714 in
2068 1688 2212 1715 nobilium

1210 1735 1351 1761 laicorum
1374 1735 1606 1769 praejudicium,
1628 1735 1720 1762 abuti.
1744 1750 1775 1753 —
1796 1736 1882 1767 (Rae.
1906 1736 1949 1767 19,
1973 1737 1991 1762 t'.
2014 1736 2064 1762 147
2086 1735 2159 1771 [141]
2176 1740 2213 1769 r⁰;

1209 1792 1278 1810 ann.
1296 1784 1377 1814 XIII,
1399 1792 1423 1809 c.
1440 1784 1506 1815 207;
1526 1799 1556 1802 -
1574 1784 1705 1812 Monimo
1723 1785 1800 1817 1192,
1819 1786 1839 1811 f.
1858 1785 1931 1816 429.)

1749 1577 1869 1609 Latran,
1885 1577 1917 1603 12
1931 1577 2048 1610 janvier
2064 1578 2141 1605 1240.

1251 1897 1263 1910 «
1286 1908 1303 1913 ,.
1322 1886 1546 1923 archiepiscopo
1562 1886 1738 1915 Senonenst.
1757 1886 1849 1915 Sicut
1871 1890 1900 1916 te
1924 1887 2110 1924 accepimus
2128 1887 2214 1916 refe—

1210 1941 1313 1970 rente,
1333 1937 1483 1967 nonnulli
1498 1937 1610 1967 clerici
1625 1937 1663 1967 de
1678 1938 1774 1967 terris
1788 1938 1949 1968 nobilium
1967 1943 2020 1968 tue
2034 1939 2213 1977 provincie,

1210 1990 1244 2018 in
1262 1990 1448 2019 minoribus
1467 1991 1640 2020 ordinibus
1655 1991 1838 2025 constituti,
1859 1990 2081 2030 licetquidam
2101 2001 2214 2021 eorum

1209 2052 1328 2072 uxores
1350 2043 1490 2072 habeant
1510 2048 1540 2073 et
1558 2043 1749 2072 interdictas
1770 2043 1900 2072 clericis
1923 2044 2044 2081 passim
2063 2044 2215 2081 negocia-

1212 2096 1317 2125 tiones
1333 2095 1499 2125 seculares
1512 2105 1547 2125 ac
1562 2096 1661 2125 etiam
1674 2096 1884 2134 dampnabile
1900 2096 2027 2126 lucrum
2043 2101 2216 2127 exerceant

1211 2158 1401 2184 usurarum,
1424 2149 1527 2187 aliqui
1541 2151 1560 2183 ¹,
1584 2154 1656 2187 post
1682 2154 1904 2187 perpetratum
1921 2150 2088 2182 delictum,
2108 2155 2141 2179 ut
2161 2160 2216 2188 pe-

1213 2211 1286 2231 nam
1308 2202 1458 2231 laicalem
1478 2202 1649 2240 effugiant.
1667 2211 1816 2237 coronas,
1842 2212 1923 2240 quas
1950 2203 2054 2240 primo
2080 2203 2216 2232 dimise-

1213 2259 1301 2289 rant,
1326 2260 1551 2288 reassumant,
1576 2259 1606 2284 et
1631 2255 1782 2293 quidam,
1807 2259 1879 2293 post
1904 2260 2071 2285 contracta
2101 2256 2215 2285 matri-

1211 2308 1333 2343 monia,
1357 2317 1505 2342 coronas,
1530 2317 1612 2346 quas
1642 2317 1812 2346 nunquam
1840 2308 2036 2341 habuerant,
2063 2308 2100 2337 de
2132 2317 2215 2338 novo

1212 2370 1382 2391 assumere
1398 2361 1535 2390 minime
1552 2365 1739 2395 vereantur,
1758 2361 1955 2398 respondere
1972 2361 2010 2390 de
2028 2361 2214 2390 commissis

1212 2413 1385 2443 maleficiis
1402 2422 1510 2443 coram
1529 2413 1735 2443 secularibus
1748 2413 1929 2451 judicibus,
1948 2422 1984 2442 ac
2000 2422 2110 2447 onera,
2130 2413 2214 2442 sicut

1212 2467 1312 2496 ceteri
1327 2467 1403 2496 laici
1416 2466 1555 2505 subjecti
1570 2466 1706 2504 prefatis
1721 2466 1899 2497 nobilibus,
1917 2470 2109 2504 supportare
2124 2475 2214 2495 recu-

1213 2525 1295 2555 sant,
1316 2519 1468 2549 clericale
1488 2519 1698 2557 privilegium
1722 2519 1964 2556 pretendentes,
1986 2519 2019 2547 in
2037 2519 2215 2548 eorundem

1213 2573 1375 2603 nobilium
1393 2572 1611 2610 prejudicium
1632 2576 1661 2601 et
1676 2580 1864 2608 gravamen.
1879 2571 1983 2606 Unde,
2002 2580 2074 2600 cum
2088 2571 2216 2600 nobiles

1213 2627 1277 2664 ipsi
1294 2630 1407 2655 contra
1424 2624 1593 2657 ccclesias,
1614 2623 1803 2662 hujusmodi
1827 2623 2011 2657 occasione,
2032 2623 2215 2652 turbentur.

1213 2677 1379 2716 provideri
1396 2685 1494 2714 super
1514 2676 1574 2705 hoe
1591 2685 1608 2704 a
1625 2676 1720 2705 nobis
1739 2675 1911 2705 humiliter
1928 2675 2113 2713 postulasti.
2131 2676 2218 2711 Quo-

1214 2731 1302 2761 circa
1331 2729 1525 2759 mandamus
1548 2733 1711 2767 quatenus
1742 2729 1905 2766 prefatum
1927 2728 2138 2766 privilegium
2168 2728 2218 2757 dc-

1216 2783 1350 2813 nunties
1368 2783 1402 2811 in
1420 2782 1577 2820 predictis
1595 2781 1785 2811 nullatenus
1804 2781 1926 2810 talibus
1939 2780 2126 2818 suffragari.
2146 2782 2218 2810 Dat.

1216 2835 1382 2870 Laterani,
1405 2836 1435 2864 II
1453 2834 1527 2863 idus
1542 2834 1700 2873 januarii,
1721 2842 1807 2863 anno
1827 2833 2065 2863 tertiodecimo.
2088 2844 2099 2858 n

1250 2969 1270 2992 1.
1290 2968 1379 2992 Avant
1391 2968 1489 2996 aliqui,
1504 2967 1520 2989 il
1538 2966 1603 2993 saut,
1624 2965 1794 2995 semble-t-il,
1809 2965 1938 2995 suppliter
1956 2975 1960 2986 ι
1979 2973 1989 2986 a
2002 2972 2073 2987 cum.
2087 2973 2096 2985 η
