2553 3526
122 307 176 337 185
963 302 1198 340 TREIZIEME
1222 303 1382 340 ANNEE.
2164 321 2217 349 185

119 373 211 403 vobis
233 373 355 412 scripta
372 374 567 404 mandantes
584 379 764 413 quatenus,
783 376 870 405 circa
886 376 1034 414 ipsarum
1052 384 1127 405 cus-

119 425 240 455 todiam
256 426 449 456 attentionis
466 426 708 464 plenitudinem
723 428 933 463 adhibentes,
949 438 986 458 ac
1003 428 1129 458 sollerti

118 478 333 508 meditatione
348 484 526 517 pensantes
546 480 643 518 quod,
659 480 737 510 dum
754 481 854 510 robur
869 481 1062 511 Sarracenis
1080 489 1129 509 ac-

117 531 275 569 quiritur,
309 531 578 562 Christianorum
610 533 773 571 profectui
805 533 991 571 derogatur.
1024 533 1128 563 dictas

117 583 246 613 insulas
263 584 303 614 ab
319 584 444 614 eisdem
462 585 655 615 Sarracenis
672 585 823 624 populari
837 586 975 615 minime
993 585 1129 623 permit-

118 637 207 673 tatis,
226 637 343 667 adhoc
360 646 489 676 semper
504 643 646 668 vestram
662 639 865 668 industriam
882 639 1076 676 dirigentes,
1094 643 1128 668 ut

116 689 212 719 illurn
229 690 361 719 modum
385 690 598 720 cohabitandi
619 690 823 721 Christianis
848 691 1004 726 habeant,
1028 691 1126 730 quod,

117 742 265 780 ipsorum
291 747 458 780 respectu,
486 752 520 773 se
544 743 606 772 sub
627 744 707 782 jugo
730 744 901 774 servitutis
924 745 1048 782 positos
1078 754 1128 773 re-

115 799 328 832 cognoscant,
338 795 481 826 maxime
493 805 567 826 cum
578 796 619 825 sit
635 796 673 826 de
686 797 842 834 preterito
857 797 1125 835 presumendum,

115 848 207 886 quia,
239 848 326 887 quod
352 848 455 879 absit!
483 849 511 879 si
533 849 581 879 eis
603 849 735 879 ledendi
758 850 900 880 facultas
927 855 1125 880 occurreret.

115 901 264 939 ipsorum
280 901 446 931 horrenda
460 902 575 932 feritas
587 902 621 931 in
637 912 770 941 gregem
781 904 914 933 Domini
927 913 1016 933 more
1031 903 1127 933 solito

114 954 291 984 deseviret.
309 954 475 990 Ceterum,
494 955 581 994 quod
599 960 663 985 tam
681 956 732 994 pie
749 957 940 994 suggeritur
952 962 980 986 et
999 957 1127 987 utiliter

115 1007 287 1041 suadetur,
306 1007 353 1037 sic
367 1016 403 1037 ex
418 1008 530 1038 auimo
546 1008 708 1038 studeatis
726 1009 856 1048 exequi,
875 1014 908 1039 ut
926 1010 1038 1039 divine
1053 1018 1127 1047 pro-

117 1059 302 1097 pitiationis
327 1060 464 1090 oratiam
487 1061 623 1099 possitis
645 1061 782 1092 uberius
803 1063 995 1100 promereri.
1016 1062 1127 1092 Nullis

114 1112 238 1142 litteris
261 1112 484 1148 obstantibus,
510 1114 539 1144 si
563 1123 626 1152 que
652 1115 764 1144 forsan
792 1124 891 1153 super
915 1115 1126 1153 populatione

115 1165 305 1204 hujusmodi
328 1170 405 1195 sunt
428 1175 446 1196 a
468 1166 551 1196 Sede
574 1166 765 1205 Apostolica
788 1167 974 1206 impetrate.
998 1168 1071 1197 Dat.
1092 1172 1127 1197 ut

114 1227 227 1257 supra.
247 1231 260 1244 n

185 1417 303 1446 5⁰13ss

148 1480 381 1515 Archiepiscopo
397 1480 561 1507 Senonensi
580 1480 703 1507 mandat
719 1482 864 1514 quatenus
880 1481 1060 1507 sententiam
1075 1489 1126 1507 ex—

112 1528 395 1556 communicationis
424 1529 552 1555 nimium
579 1537 724 1561 severam,
747 1529 841 1555 immo
865 1529 1012 1563 iniquam,
1037 1538 1125 1563 quam

115 1577 256 1612 magister
265 1577 427 1605 Gaufridus
438 1578 474 1604 de
490 1577 646 1610 Pontibus,
662 1578 692 1604 in
704 1586 792 1604 causa
806 1577 884 1604 inter
898 1578 1038 1612 quosdam
1053 1586 1125 1604 mer-

113 1629 226 1654 catores
242 1626 398 1658 Senenses,
411 1634 446 1652 ex
460 1634 519 1653 una
533 1629 626 1660 parte,
643 1629 671 1652 et
687 1627 840 1660 majorem,
857 1626 992 1653 scabinos
1003 1627 1126 1661 juratos-

113 1684 170 1710 que
181 1675 369 1703 communiae
380 1676 469 1702 castri
481 1676 517 1702 de
527 1676 670 1707 Pruvino,
681 1684 716 1702 ex
728 1677 830 1708 altera,
841 1679 952 1708 exorta,
962 1676 992 1703 in
1006 1680 1126 1703 cunctos

113 1725 245 1759 ejusdem
265 1724 354 1752 castri
370 1725 449 1751 viros
469 1727 497 1751 et
518 1725 658 1752 mulieres
673 1726 792 1755 tulerat,
808 1725 838 1752 in
855 1725 973 1752 irritum
994 1728 1125 1758 revocem

112 1774 240 1801 eundem
256 1773 446 1805 Gaufridutn,
459 1773 553 1800 officio
567 1773 765 1808 beneficioque
779 1782 965 1808 suspensum,
982 1774 1016 1800 ad
1032 1775 1127 1808 Apos-

114 1822 235 1850 tolicam
258 1822 365 1850 Sedem
387 1822 583 1853 transmittat.
607 1831 733 1857 eumque
758 1823 936 1850 renitentem
959 1831 1127 1849 excommu-

116 1871 248 1898 nicatum
264 1871 382 1905 publice
396 1871 525 1903 nuntiet,
547 1874 575 1898 et
591 1871 622 1898 in
639 1879 691 1898 sua
708 1871 896 1898 contumacia
916 1871 1125 1905 perdurantem

113 1919 266 1947 custodiae
281 1920 422 1946 carcerali
441 1919 548 1946 tradat.
565 1935 597 1938 -
611 1921 698 1952 (Res.
717 1920 760 1952 19,
782 1921 801 1946 t‘.
822 1920 872 1946 149
895 1918 968 1955 [143]
989 1925 1034 1952 v⁰;
1056 1929 1126 1947 ann.

115 1969 199 2002 XIII,
213 1977 238 1996 c.
255 1968 322 2000 227;
339 1983 371 1986 —
385 1968 518 1995 Moafflu
535 1968 614 2001 1192,
634 1969 653 1995 f.
672 1969 746 1999 437.)

679 1419 800 1450 Latran,
818 1419 833 1444 Τ
850 1418 958 1444 ferrier
974 1418 1052 1445 1240.

158 2083 171 2097 α
195 2071 456 2108 ..archiepiscopo
479 2070 656 2100 Senonensi.
676 2069 726 2099 Ad
745 2075 890 2100 nostram
914 2070 1045 2100 noveris
1071 2080 1130 2100 au-

116 2123 278 2154 dientiam
294 2123 487 2162 pervenisse
505 2123 602 2162 quod,
625 2132 699 2153 cum
717 2132 851 2153 causam
873 2133 936 2162 que
959 2123 1047 2153 inter
1066 2124 1130 2153 Bo-

119 2177 252 2211 nitium,
275 2176 486 2206 Mainardum
508 2181 539 2206 et
565 2185 679 2206 eorum
704 2176 823 2211 socios,
847 2181 1047 2207 mercatores
1072 2177 1129 2207 Se-

120 2238 252 2265 nenses,
270 2238 308 2259 ex
319 2232 411 2267 parte
427 2237 505 2264 una,
524 2233 555 2259 et
573 2252 592 2257 ..
610 2229 778 2267 majorem,
791 2229 945 2259 scabinos
962 2231 1130 2268 etjuratos

118 2282 307 2313 communie
328 2282 428 2312 castri
450 2282 488 2312 de
511 2282 670 2317 Pruvino,
696 2282 902 2312 Senonensis
921 2282 1074 2317 diocesis,
1094 2292 1131 2313 ex

118 2335 235 2370 altera,
264 2344 364 2373 super
384 2335 526 2373 quadam
554 2343 685 2364 summa
713 2335 852 2373 pecunie
882 2335 1082 2372 vertebatur,
1111 2359 1128 2364 ..

118 2389 245 2419 decano
269 2388 455 2418 Parisiensi
478 2387 670 2418 duxerimus
689 2388 969 2424 committendam,
993 2393 1024 2418 et
1044 2388 1132 2418 idem

119 2442 266 2472 decanus
283 2441 441 2479 magistro
458 2440 620 2471 Gaufrido
631 2440 670 2470 de
688 2440 850 2470 Pontibus
865 2450 998 2470 cansam
1016 2441 1131 2472 subde-

120 2495 240 2533 legarit
260 2494 410 2529 eandem,
431 2493 539 2523 dictus
560 2494 610 2528 G„
637 2502 781 2532 sequens
802 2494 933 2532 proprie
952 2494 1132 2524 voluntatis

120 2547 319 2586 impulsum,
351 2546 565 2576 discretionis
593 2546 722 2576 ratione
752 2547 925 2581 ammissa,
959 2547 1132 2577 occasione

120 2601 286 2631 sententie
305 2604 419 2630 contra
437 2599 582 2638 prefatos
600 2599 769 2638 majorem,
788 2599 942 2629 scabinos
960 2605 991 2631 et
1003 2601 1132 2639 juratos

121 2663 222 2693 super
244 2654 306 2684 hoc
333 2653 414 2688 late,
438 2653 491 2683 cui
518 2662 633 2691 parere
655 2652 840 2689 noluerant,
873 2659 908 2683 ut
933 2653 1073 2689 dicebat,
1098 2654 1132 2683 in

120 2711 259 2737 cunctos
275 2706 368 2736 illius
385 2706 485 2735 castri
502 2706 590 2735 viros
607 2710 638 2735 et
660 2705 819 2735 mulieres
837 2714 855 2734 a
872 2705 1016 2736 sedecim
1035 2706 1133 2736 annis

123 2759 178 2799 [et]
196 2768 305 2798 supra,
327 2767 447 2788 uxores
469 2763 498 2788 et
525 2757 683 2789 familias.
709 2762 738 2788 et
760 2767 875 2788 omnes
895 2758 1133 2797 participantes

120 2812 292 2844 eisdemin
304 2811 542 2846 mercimoniis,
559 2811 781 2840 locationibus
797 2815 827 2841 et
842 2811 1129 2847 conductionibus,

123 2875 162 2896 ac
179 2873 294 2895 omnes
313 2864 370 2903 qui
391 2864 440 2894 eis
463 2864 575 2901 ignem
594 2863 644 2893 vel
662 2872 781 2902 aquam
798 2863 994 2899 tribuerent,
1013 2869 1068 2894 aut
1086 2874 1134 2895 se-

123 2927 199 2949 cum
215 2917 436 2952 ambularent,
455 2916 506 2947 vel
520 2917 554 2946 in
572 2917 684 2947 domos
703 2922 733 2947 et
752 2917 862 2947 curias
879 2925 956 2947 suas
974 2917 1063 2955 ipsos
1080 2917 1132 2947 in-

124 2977 212 3002 trare
234 2971 480 3010 permitterent,
503 2979 562 3001 seu
585 2970 633 3000 eis
663 2979 744 3008 opus
768 2970 895 3009 aliquid
926 2970 1131 3007 exhiberent,

1212 384 1271 404 nec
1296 384 1359 405 non
1384 376 1576 408 hominibus
1601 380 1747 418 ejusdem
1770 383 1869 411 castri
1891 384 1929 413 de
1952 385 2155 415 debitoribus
2179 398 2214 416 at·

1212 427 1466 466 injuriatoribus
1487 431 1557 461 suis
1575 432 1740 470 justitiam
1762 435 1938 469 facientes,
1966 443 2020 467 aut
2043 439 2215 469 fut-nortun

1212 484 1243 509 et
1257 480 1521 513 molendinorum
1539 493 1635 514 usum
1648 488 1930 518 communicantes
1945 490 2217 522 eisdem.exc01n-

1211 533 1449 564 municationis
1465 538 1663 567 sententiam
1678 540 1908 578 promulgavit,
1927 542 1991 571 alia
2007 543 2100 581 plura
2111 545 2217 575 eidem

1212 586 1377 617 sententie
1393 587 1582 625 inserendo,
1599 600 1738 629 quorum
1753 593 1878 623 seriosa
1892 596 2215 628 narratioinduceret

1211 639 1348 669 auribus
1372 641 1532 680 cujusque
1557 648 1738 682 stuporem;
1760 650 1801 679 et,
1824 646 1900 677 licet
1922 648 1959 678 de
1982 649 2120 679 consilio
2142 660 2217 688 pro-

1211 691 1365 722 vincialis
1381 694 1526 730 concilii,
1545 697 1714 727 monueris
1738 699 1876 729 eundem
1901 705 1934 730 ut
1955 701 2143 740 hujusmodi
2161 714 2217 733 ex—

1211 752 1340 774 cessum
1369 747 1563 784 com-igeret.
1587 751 1770 780 revocando
1786 753 1958 789 premissa,
1985 755 2070 784 idem
2094 761 2212 786 tamen.

1211 797 1318 826 cordis
1344 799 1527 837 nequitiam
1554 810 1768 841 prosequens,
1799 814 1969 835 excessum
1994 808 2157 845 corrigere
2179 819 2215 839 ac

1210 859 1363 881 revocare
1380 853 1540 890 premissa
1558 857 1765 894 contempsit.
1781 858 1915 890 Verum,
1934 869 2007 889 cum
2026 870 2063 890 ex
2081 866 2145 891 tam
2163 862 2215 891 in-

1209 904 1352 934 discreto
1375 910 1405 935 et
1429 906 1593 937 horrendo
1621 918 1775 946 processu
1804 913 1986 942 sententias
2014 914 2213 952 prelatorum

1210 956 1461 994 vilipendendas
1483 960 1659 990 reddiderit
1687 967 1715 991 et
1741 962 1849 993 claves
1872 965 2017 995 Ecclesie
2047 972 2214 1006 contemp-

1211 1010 1346 1039 nendas.
1366 1011 1457 1047 gravi
1475 1012 1591 1042 exinde
1604 1013 1637 1041 in
1655 1014 1793 1044 ecclesia
1806 1016 1865 1045 Dei
1881 1018 2035 1048 scandalo
2047 1025 2212 1056 generato.

1210 1061 1357 1092 volentes
1374 1063 1407 1091 in
1425 1064 1496 1101 ipso
1523 1069 1611 1095 tante
1634 1067 1829 1097 temeritatis
1849 1069 1986 1099 abusum
2006 1080 2089 1108 pena
2106 1073 2214 1102 debita

1210 1115 1383 1150 castig-rare,
1403 1121 1436 1144 ut
1459 1121 1489 1145 et
1511 1117 1575 1146 sibi
1596 1128 1653 1156 pro
1677 1120 1804 1150 meritis
1827 1121 1991 1152 tribuatur
2007 1128 2035 1153 et
2055 1124 2111 1154 alii
2128 1131 2216 1155 metu

1210 1176 1292 1204 pene
1309 1168 1433 1197 similia
1451 1169 1489 1199 de
1502 1174 1609 1200 cetero
1627 1180 1691 1201 non
1709 1179 1912 1210 presumant,
1932 1176 2125 1207 mandamus
2140 1188 2216 1216 qua-

1211 1224 1318 1251 tenus.
1337 1221 1365 1249 si
1379 1226 1426 1251 est
1442 1222 1498 1258 ita,
1515 1228 1580 1252 tam
1592 1224 1709 1263 iniquo
1721 1234 1876 1263 processu
1893 1227 1926 1256 in
1940 1228 2071 1258 irritum
2085 1231 2217 1268 penitus

1211 1278 1377 1308 revocato,
1410 1278 1690 1313 transgressorem
1714 1277 1920 1316 hujusmodi,
1953 1281 2058 1311 officio
2091 1282 2216 1313 benefi-

1210 1325 1327 1364 cioque
1353 1336 1570 1365 suspensum,
1596 1330 1684 1359 infra
1706 1339 1852 1361 mensem
1878 1338 1949 1370 post
1970 1335 2213 1373 susceptionem

1211 1380 1415 1416 presentium
1445 1390 1519 1410 cum
1546 1381 1667 1412 litteris
1696 1384 1761 1413 tuis
1787 1385 1826 1413 ad
1853 1386 2074 1423 Apostolicam
2101 1389 2218 1419 Sedem

1211 1433 1430 1464 transmittas,
1450 1439 1544 1471 prout
1564 1436 1701 1467 meruit,
1732 1442 1959 1475 receptut·um;
1985 1441 2041 1478 qui
2059 1441 2086 1469 si
2105 1442 2218 1472 venire

1210 1485 1293 1515 sorte
1313 1487 1558 1524 contempserit,
1578 1488 1611 1517 in
1630 1497 1703 1518 eum
1727 1494 1845 1519 extunc
1866 1493 2217 1524 excommunicationis

1210 1539 1410 1568 sententiam
1425 1541 1619 1571 auctoritate
1632 1547 1744 1571 nostra
1755 1543 1939 1580 profereus,
1954 1545 2061 1583 ipsum
2075 1547 2218 1584 singulis

1210 1591 1327 1621 diebus
1350 1592 1526 1622 dominicis
1550 1598 1579 1623 et
1601 1594 1732 1624 festivis
1751 1598 2070 1628 excommunicatum
2088 1600 2218 1637 publice

1211 1645 1345 1674 nunties
1369 1650 1399 1674 et
1425 1646 1528 1675 facias
1557 1646 1596 1676 ab
1625 1647 1780 1677 omnibus
1806 1649 1930 1679 arctius
1957 1651 2092 1687 evitari,
2120 1657 2161 1688 et,
2189 1653 2217 1682 si

1210 1698 1317 1728 adhuc
1345 1699 1379 1727 in
1404 1708 1464 1729 sua
1490 1701 1698 1730 contumacia
1720 1701 1918 1739 perdurarit,
1945 1704 2054 1734 tradas
2076 1705 2217 1735 eundem

1210 1751 1358 1781 custodie
1382 1752 1552 1787 carcerali,
1576 1753 1616 1782 ad
1640 1753 1698 1783 hoc
1720 1754 1883 1790 invocato,
1909 1756 1936 1785 si
1953 1765 2088 1787 necesse
2104 1759 2216 1793 fuerit,

1211 1804 1335 1833 auxilio
1358 1804 1486 1834 brachii
1512 1806 1672 1836 secularis
1696 1824 1744 1835 —.
1771 1808 1844 1837 Dat.
1870 1809 2035 1839 Laterani.
2057 1811 2119 1840 VII
2144 1811 2218 1841 idus

1211 1857 1382 1893 februarii.
1406 1867 1492 1887 anno
1508 1859 1745 1890 tertiodecimo.
1767 1872 1778 1886 n

1283 2070 1402 2097 50⁴3?

1250 2132 1394 2167 Episcopo
1410 2133 1605 2159 Praenestino
1621 2133 1769 2167 significat
1785 2143 1815 2160 se
1833 2135 1906 2168 ejus,
1922 2144 1975 2162 nec
1991 2145 2048 2163 non
2064 2137 2220 2164 Arelaten-

1213 2181 1253 2208 sis
1277 2181 1493 2215 archiepiscopi
1521 2184 1549 2208 et
1575 2182 1692 2209 comitis
1720 2183 1898 2210 Provinciae
1927 2185 2042 2212 litt-eras
2068 2186 2219 2220 recepisse,

1214 2230 1299 2264 eique
1322 2230 1444 2256 mandat
1463 2233 1608 2264 quatenus
1632 2232 1790 2265 praedictis
1813 2233 2033 2268 archiepiscopo
2056 2238 2082 2261 et
2107 2236 2220 2264 comiti.

1214 2288 1246 2306 ac
1261 2278 1379 2306 civitati
1392 2279 1572 2312 Arelatensi,
1590 2280 1639 2314 qui
1656 2283 1758 2307 contra
1772 2280 1991 2317 F[ridericum],
2004 2283 2116 2310 dictum
2130 2284 2221 2318 impe<

1215 2331 1357 2360 ratorem,
1381 2327 1531 2354 Ecclesiae
1553 2331 1723 2356 constanter
1747 2329 1942 2363 assistebant,
1967 2331 2003 2357 de
2027 2331 2222 2359 subventione

1215 2386 1303 2412 quam
1320 2386 1336 2404 a
1352 2377 1492 2411 praelatis
1513 2380 1541 2404 et
1562 2378 1695 2405 ecelesiis
1717 2387 1786 2405 suae
1805 2379 1960 2413 legationis
1981 2381 2114 2414 recipiet,
2136 2390 2222 2415 super

1216 2435 1273 2461 qua
1288 2426 1345 2461 ipsi
1364 2434 1456 2460 papae
1478 2426 1555 2453 idem
1581 2427 1734 2461 episcopus
1751 2428 1918 2462 scripserat,
1935 2429 2089 2462 providere
2107 2433 2135 2456 et
2155 2430 2221 2456 sub—

1215 2475 1318 2501 venire
1329 2477 1474 2508 procuret.
1489 2489 1521 2492 —
1534 2475 1620 2506 (Rae.
1636 2475 1679 2507 19,
1696 2474 1916 2510 t.150[144]r0;
1931 2485 2000 2503 ann.
2016 2477 2097 2509 XIII,
2115 2486 2138 2504 c,
2154 2478 2220 2509 228:

1216 2538 1248 2541 —
1268 2523 1402 2550 Momm>
1425 2523 1503 2555 1192,
1526 2524 1546 2549 f.
1572 2523 1640 2555 425;
1664 2538 1695 2541 —
1720 2524 1876 2550 PorrflAST
1902 2524 2024 2557 10838*;
2050 2539 2081 2543 ——
2107 2524 2223 2552 Ronm—

1216 2581 1293 2599 BERG
1309 2571 1384 2603 764.)

1752 2072 1872 2104 Latran,
1890 2073 1923 2099 10
1937 2074 2054 2107 janvier
2070 2075 2147 2101 1240.

1258 2698 1270 2711 κ
1292 2708 1311 2714 ..
1329 2687 1462 2723 episcopo
1480 2686 1655 2714 Preneslino
1666 2686 1687 2719 ¹,
1701 2687 1863 2723 Apostolice
1875 2687 1958 2715 Sedis
1973 2688 2078 2724 legato.
2093 2688 2227 2718 Litteris

1219 2739 1283 2768 tuis
1300 2739 1443 2776 benigne
1461 2755 1508 2767 —.
1524 2739 1596 2767 Dat.
1613 2739 1780 2773 Laterani,
1799 2740 1866 2768 IIII
1883 2739 2128 2778 idusjanuarii,
2142 2750 2228 2770 anno

1217 2791 1456 2821 tertiodecimo.
1479 2803 1490 2816 η

1252 2932 1271 2954 t.
1286 2932 1347 2958 Sic,·
1364 2931 1389 2953 la
1404 2931 1476 2953 table
1490 2930 1539 2953 des
1554 2931 1679 2959 capitula
1696 2930 1787 2953 donne
1807 2931 1831 2953 la
1856 2931 1941 2954 forme
1962 2931 2110 2955 habituelle
2129 2935 2229 2955 Penes-

1219 2976 1305 2998 trino.
