2553 3526
267 292 323 321 ⁴279
996 283 1233 315 REGISTRES
1257 282 1311 311 DE
1335 275 1557 311 GREGOIHE
1582 283 1639 311 tx.
2312 282 2370 311 ‘280

269 368 360 396 papa.
382 357 593 395 predecessor
612 360 735 385 noster.
757 354 982 392 questionem¹
1003 353 1090 381 inter
1108 351 1190 379 bone
1208 357 1276 378 me-

270 411 371 441 morie
397 409 574 449 F[elicem].
603 408 868 446 predecessorem
891 414 1004 439 suum,
1027 409 1058 433 et
1080 403 1276 440 magistrum

268 463 487 493 Christinum.
515 465 759 499 procuratorem
785 459 922 488 ecclesie
948 456 1163 496 Majoneusis,
1191 455 1278 484 Tua-

269 516 394 546 mensis
410 515 562 549 diocesis,
583 523 680 551 super
698 517 785 542 statu
802 512 909 549 ipsius
924 510 1073 540 ecclesie.
1088 517 1198 547 quarn.
1214 508 1277 546 ipsi

269 569 516 607 archiepiscopo
542 567 612 604 lege
641 566 818 595 diocesana
849 565 1047 602 subjectam.
1078 562 1161 591 falso
1191 561 1277 591 idem

269 623 426 659 magister
443 619 664 649 cathedralm‘n
687 627 759 648 esse
783 617 920 646 dicebat.
945 626 1000 654 per
1022 616 1171 644 diversas
1189 614 1278 642 litte-

270 685 322 705 ras
340 674 535 712 apostolicas
552 681 660 701 coram
678 671 819 701 diversis
839 670 1009 709 judicibus
1029 669 1154 697 diutius
1174 667 1279 704 agita-

270 734 346 757 tam.
371 728 408 756 dc
432 727 571 755 fratrum
589 734 723 753 suorum
741 723 881 753 consilio
901 732 957 760 per
973 721 1185 751 diilinitivam
1203 729 1279 749 sen-

269 781 417 810 tentiam.
427 778 569 816 cognitis
579 787 676 807 cause
688 777 827 806 meritis.
841 775 1062 805 terminasset.
1072 772 1279 803 decernendo

268 835 387 863 dictam
415 832 641 870 Majonensem
671 830 843 859 ecclesiam
872 837 943 858 esse
972 826 1212 865 parrochialem
1243 834 1278 854 ac

269 887 449 925 subjectam
475 884 613 914 ecclesie
634 883 812 913 Tuamensi
834 893 839 911 :
862 882 1009 911 tandem.
1033 881 1104 918 ipso
1121 879 1280 916 magistro

270 939 434 968 malitiose
462 937 619 967 moliente
655 936 855 965 resuscitare
883 934 1053 973 querclam
1082 932 1219 962 eandem
1250 936 1281 961 et

269 997 381 1021 contra
398 990 588 1030 hujusmodi
601 989 801 1019 sententiam
816 988 1010 1018 reluctante.
1024 987 1107 1015 hone
1123 985 1281 1015 memorie

272 1045 453 1084 H[onorius
472 1044 601 1081 tertius]
626 1052 718 1081 papa.
742 1042 954 1080 predecessor
974 1045 1095 1069 noster.
1115 1038 1281 1077 quondam

271 1099 366 1128 fratri
383 1096 543 1135 Jac[oho].
563 1095 732 1134 capellano
750 1100 780 1124 et
796 1093 1034 1132 penitentiario
1056 1101 1126 1122 suo.
1153 1097 1229 1121 tunc
1246 1091 1280 1120 in

272 1152 421 1190 partibus
437 1150 505 1180 illis
518 1149 704 1188 Apostolice
718 1148 812 1178 Sedis
829 1147 947 1184 legato,
966 1155 1099 1175 causam
1116 1144 1282 1174 commisit

271 1205 424 1236 eandem:
452 1204 520 1243 qui,
550 1202 688 1241 predicti
715 1201 958 1239 predecessoris
981 1199 1083 1229 nostri
1105 1197 1280 1228 sententie.

271 1258 430 1297 inspectis
449 1258 519 1296 ejus
539 1256 678 1289 meritiS,
700 1254 920 1293 pronuntians
939 1254 1007 1282 fore
1025 1252 1190 1286 standum,
1208 1260 1283 1289 pre-

272 1313 375 1341 fatum
404 1310 670 1349 predecessorem
700 1317 795 1338 suum
827 1307 866 1336 ah
901 1306 1108 1344 impetitione
1132 1304 1283 1343 jamdicti

271 1364 495 1403 procuratoris
513 1372 612 1401 super
628 1362 688 1391 hoc
709 1370 766 1400 per
783 1360 984 1390 sententiam
1002 1358 1213 1388 diffinitivam
1231 1357 1282 1387 ab-

272 1418 381 1448 solvit.
400 1421 492 1455 prout
514 1416 547 1445 in
565 1415 713 1454 ejusdem
732 1414 832 1451 legati
849 1413 970 1442 litteris
990 1411 1150 1441 consectis
1167 1410 1285 1440 exinde

274 1471 405 1510 plenius
422 1470 622 1499 continetur.
638 1469 781 1506 Ideoque
798 1466 994 1496 mandamus
1006 1470 1182 1504 quatenus.
1197 1464 1224 1493 si
1237 1468 1286 1494 est

274 1525 330 1559 ita,
349 1523 531 1562 supradicti
548 1520 792 1560 predecessoris
814 1519 918 1549 nostri
938 1518 1136 1548 sententiam
1154 1517 1286 1547 faciatis

275 1587 332 1616 per
367 1584 542 1606 censuram
577 1574 856 1606 ecclesiasticam,
895 1571 1024 1602 sublato
1054 1570 1286 1609 appellationis

274 1630 455 1665 obstaculo,
482 1629 622 1658 firmiter
644 1627 826 1657 observari.
844 1625 937 1662 Quod
955 1625 982 1654 si
1009 1634 1073 1654 non
1093 1633 1207 1654 omnes
1225 1627 1285 1654 etc.

276 1685 348 1714 Dat.
376 1682 542 1713 Laterani.
560 1682 587 1711 V
604 1690 708 1710 nonas
722 1679 811 1719 julii.
832 1692 844 1704 »

346 1883 467 1911 5244

314 1946 455 1980 Philippo
467 1946 502 1971 de
519 1945 621 1971 Monte
638 1944 717 1970 Forti
734 1946 762 1970 et
778 1943 903 1971 Mariae,
921 1942 999 1968 filiae
1013 1942 1109 1967 clarae
1130 1940 1289 1966 memoriae

852 1881 973 1911 Latran,
990 1880 1005 1905 6
1021 1879 1120 1912 juillet
1137 1878 1216 1904 1240.

281 1995 492 2030 R11pini‚1·egis
503 1993 674 2022 Armeniae.
688 1993 765 2019 inter
778 2001 849 2026 quos
861 1994 982 2025 quartus
998 1991 1104 2024 gradus
1116 1989 1289 2022 consangui-

280 2045 383 2071 nitatis
397 2043 553 2074 existebat,
576 2043 707 2069 declarat
723 2041 810 2075 quod,
833 2049 889 2066 non
909 2039 1095 2066 obstantibus
1112 2039 1287 2073 quibusdam

278 2102 377 2120 eorum
413 2092 559 2126 scrupulis
587 2099 673 2125 super
698 2089 919 2124 dispensatione
946 2089 1005 2122 jam
1032 2088 1170 2117 obtenta,
1198 2087 1291 2113 libera

280 2142 504 2169 matrimonium
522 2139 716 2167 contrahendi
732 2138 853 2165 licentia
870 2138 911 2164 eis
923 2137 1075 2171 competit.
1095 2151 1124 2154 ——
1141 2137 1226 2167 (Hm.
1244 2136 1288 2167 20,

281 2191 352 2218 1220
367 2197 408 2220 r⁰:
424 2190 591 2219 ann.XIV.
607 2189 755 2219 e.113;—
770 2185 1289 2217 Momm1193,f.7‡1;t1n'‹1.‚f.73.

279 2242 394 2273 sraym..
412 2248 446 2266 ex
462 2240 640 2268 RAYNALooz
659 2253 690 2255 ῌ
706 2238 863 2264 Ροττ11Α5τ
878 2235 1006 2265 109102.)

321 2356 333 2369 «
360 2343 459 2371 Nobili
486 2342 551 2369 viro
575 2339 738 2378 Ph[ilippo]
763 2338 796 2366 de
819 2339 914 2367 Monte
941 2338 1022 2366 Forli
1044 2342 1069 2365 et
1091 2337 1195 2370 Marte,
1224 2341 1291 2364 nale

279 2397 361 2425 clare
376 2395 520 2423 memorie
536 2393 663 2430 Rupini.
680 2393 759 2428 regis
775 2392 927 2428 Armeni&
945 2390 1042 2420 Cum.
1064 2389 1212 2427 inspecta
1228 2389 1292 2418 uti-

282 2449 386 2478 litatis
403 2456 514 2481 causa,
536 2446 706 2475 vobiscum
729 2444 831 2474 suerit
851 2453 908 2482 per
927 2443 1045 2473 Sedem
1069 2441 1291 2480 Apostolicam

283 2503 520 2540 dispensatum,
542 2504 577 2529 ut
592 2499 627 2528 in
644 2502 761 2537 quarto
778 2496 1080 2534 consanguinitatis
1099 2495 1201 2533 gradu
1218 2495 1292 2524 lice-

283 2560 332 2585 ret
362 2554 453 2584 vobis
486 2551 777 2583 matrimonialiter
802 2549 960 2588 copulari,
990 2549 1167 2578 dubitastis
1196 2553 1227 2578 et
1258 2548 1293 2577 in

282 2607 486 2638 conscientie
503 2605 697 2644 scrupulum
712 2603 890 2637 incidistis,
911 2612 947 2633 ex
965 2611 1002 2632 eo
1019 2602 1105 2641 quod
1122 2601 1204 2631 alter
1221 2610 1294 2631 ves-

285 2667 370 2691 trum
395 2660 503 2690 tertio.
528 2659 678 2697 reliquus
710 2667 785 2687 vero
816 2657 916 2686 distat
944 2667 962 2685 a
991 2655 1158 2685 communi
1182 2655 1293 2693 stipite

319 2794 340 2817 1.
360 2796 409 2816 Ms.
424 2802 430 2815 :
447 2792 621 2822 questionem
638 2797 690 2821 que
707 2791 788 2813 inter.
803 2803 834 2807 —
849 2789 869 2812 Ῑ1
886 2789 941 2812 saut
958 2796 992 2812 ou
1009 2789 1165 2818 supprimer
1180 2795 1242 2817 que,
1259 2794 1294 2811 ou

286 2838 425 2869 suppleer,
443 2836 522 2867 apres
539 2845 551 2857 u
565 2835 729 2859 Tuamensis
750 2834 868 2857 diocesis
886 2842 908 2863 u,
925 2840 961 2856 un
980 2834 1062 2857 verbe
1078 2833 1113 2856 tet
1133 2839 1186 2863 que
1206 2835 1296 2855 verte-

288 2885 370 2906 batur
385 2889 421 2906 ou
437 2885 497 2905 orta
511 2884 581 2905 erae.

316 2927 339 2950 2.
361 2928 435 2950 Avec
456 2926 575 2954 l'incipit
593 2934 599 2948 ;
617 2933 627 2947 (4
646 2924 714 2948 Cum
732 2923 884 2947 seeundum
902 2923 1023 2953 regulam
1045 2931 1070 2951 υ,
1093 2922 1199 2952 d'apres
1221 2922 1296 2946 RAY-

286 2977 379 2999 NALDI,
394 2972 518 2994 Annales
534 2970 728 2997 ecclesiastici,
744 2968 810 2995 1240.
827 2968 838 2997 ἕ
853 2967 894 2992 46.

1360 353 1476 385 quarto
1496 348 1614 385 gradu3
1634 357 1698 378 non
1716 348 1804 378 enim
1821 348 2016 378 auctoritate
2033 347 2291 385 dispensationis
2308 347 2371 377 hu-

1357 401 1502 441 jusmodi
1523 402 1615 431 vobis
1639 401 1739 431 licere
1756 401 1951 431 contrahere
1970 400 2167 433 credebatis,
2188 401 2254 430 nisi
2275 401 2371 431 ambo

1361 454 1524 493 equaliter
1540 464 1558 484 a
1579 455 1706 493 prefato
1727 454 1839 492 stipite
1860 454 2040 484 distaretis.
2058 454 2193 489 Verum,
2215 463 2297 489 cum,
2319 463 2371 484 se-

1361 508 1505 538 cundum
1525 508 1673 545 regulam
1691 507 1914 545 approbatam,
1932 516 1997 545 qua
2015 506 2136 536 dicitur
2155 511 2253 544 quoto
2268 507 2371 544 gradu

1361 561 1518 591 remotior
1537 561 1647 590 differt
1664 570 1682 589 a
1699 560 1811 598 stipite
1824 564 1854 589 et
1867 568 1885 589 a
1901 559 2050 598 quolibet
2063 568 2120 597 per
2133 559 2231 588 aliam
2248 559 2370 588 lineam

1361 614 1633 644 descendentium
1665 623 1701 643 ex
1731 612 1861 647 eodem,
1892 612 2069 642 manifeste
2100 616 2254 650 appareat
2285 611 2371 650 quod

1361 668 1448 697 inter
1472 676 1527 697 vos
1547 672 1685 705 quartus
1705 666 1826 704 gradus
1850 665 2151 703 consanguinitatis
2175 665 2304 699 existat,
2324 669 2372 694 te-

1362 730 1440 750 nore
1459 721 1664 758 presentium
1688 720 1894 750 declaramus
1911 719 1998 758 quod
2018 728 2074 757 per
2089 718 2371 757 dispensationem

1362 774 1529 803 obtentam
1554 773 1659 803 libera
1684 773 1777 802 vobis
1802 773 1939 803 licentia
1963 771 2118 810 competit
2141 771 2370 801 contrahendi.

1363 828 1435 856 Dat.
1457 826 1623 860 Laterani,
1642 827 1673 856 ΙΙ
1691 835 1795 856 nonas
1809 825 1897 864 julii.
1916 834 2002 855 anno
2020 824 2279 864 quartodecimo.
2298 836 2310 850 n

1434 993 1551 1023 5245

1400 1055 1571 1089 Praeposito
1603 1054 1834 1087 Bambergensi,
1864 1053 1893 1079 in
1922 1053 2091 1087 episcopum
2126 1052 2373 1085 Bambergensem

1364 1106 1466 1135 electo,
1489 1104 1537 1138 qui
1564 1112 1655 1137 nuper
1677 1112 1707 1129 se
1729 1103 1901 1129 accinxerat
1923 1102 1958 1128 ad
1987 1101 2154 1128 adeundum
2183 1101 2374 1135 apostolicam

1365 1153 1562 1188 praesentiam
1588 1161 1638 1186 pro
1659 1151 1882 1178 confirmatione
1903 1154 1931 1177 et
1954 1150 2174 1177 consecratione
2194 1149 2375 1177 obtinendis,

1365 1202 1414 1236 qui
1434 1211 1512 1234 vero,
1531 1205 1647 1236 propter
1668 1202 1783 1227 viarum
1801 1200 1992 1231 discrimina,
2015 1199 2170 1234 procedere
2192 1198 2376 1232 nequiverat,

1365 1251 1500 1278 concedit
1517 1255 1546 1277 ut
1564 1251 1599 1277 ad
1617 1250 1735 1284 propria
1745 1252 1921 1279 revertatur,
1937 1248 2090 1275 habiturus
2103 1248 2133 1274 in
2148 1247 2273 1274 ecclesia
2289 1248 2377 1274 Bam-

1366 1300 1499 1334 bergensi
1522 1308 1605 1326 usum
1630 1299 1754 1326 liberum
1775 1292 2047 1325 administrationis
2069 1297 2099 1323 in
2121 1295 2328 1330 spiritualibus
2350 1298 2378 1321 et

1946 992 2067 1023 Latran,
2080 991 2095 1017 6
2108 991 2207 1024 juillet
2223 990 2302 1017 1240.

1367 1350 1397 1375 in
1414 1348 1628 1382 temporalibus
1642 1356 1715 1381 quae
1730 1348 1785 1381 ipsi
1800 1348 1892 1373 electo
1909 1355 1925 1373 a
1940 1347 2004 1380 jure
2023 1345 2215 1376 concedatur:
2233 1345 2268 1371 ad
2282 1345 2377 1378 Apos-

1367 1398 1485 1425 tolicam
1513 1397 1630 1428 Sedem,
1653 1406 1718 1423 cum
1747 1396 1884 1430 potuerit,
1913 1395 2051 1422 accedere
2074 1403 2129 1421 non
2158 1396 2323 1428 postponat.
2345 1408 2379 1411 »-

1368 1447 1454 1474 (Rno.
1472 1446 1516 1474 20.
1536 1447 1554 1472 f.
1571 1446 1606 1472 20
1623 1450 1660 1477 r‘';
1677 1454 1746 1472 ann.
1764 1445 1847 1477 XIV,
1865 1453 1889 1471 c.
1907 1444 1982 1475 114.)

1411 1562 1423 1575 (ι
1459 1572 1476 1577 ..
1508 1549 1658 1585 preposito
1687 1547 1910 1583 Bamberyensi.
1943 1544 2140 1582 Accepimus
2171 1553 2207 1573 ex
2239 1543 2380 1573 sinceri-

1370 1601 1447 1631 tatis
1463 1618 1510 1629 —.
1528 1602 1601 1630 Dat.
1620 1599 1784 1635 Laterani,
1804 1599 1835 1628 ΙΙ
1859 1607 1962 1628 1101135
1982 1597 2072 1636 julii,
2097 1605 2184 1626 anno
2204 1596 2382 1635 quartode-

1370 1663 1466 1684 cimo.
1485 1666 1497 1680 n

1441 1819 1559 1848 5246

1407 1883 1638 1917 Archiepiscopo
1661 1881 1799 1908 Hemensi
1819 1881 1967 1915 significat
1987 1888 2017 1906 se
2037 1880 2154 1907 irritum
2177 1882 2205 1906 et
2223 1879 2311 1906 inane
2331 1879 2382 1905 de—

1371 1940 1490 1958 cernere
1510 1931 1585 1965 quod
1607 1938 1693 1964 super
1714 1929 1858 1956 electione
1880 1929 1961 1955 Petri
1983 1928 2108 1961 Carloti,
2133 1928 2215 1955 nothi
2233 1926 2382 1962 [Philippi

1371 1978 1521 2015 Augusti]‚
1546 1980 1621 2013 regis
1646 1980 1838 2009 Francorum,
1863 1982 1890 2005 et
1916 1978 2009 2012 ipsius
2030 1985 2123 2012 papae
2144 1977 2328 2009 subdiaconi,
2351 1977 2381 2003 in

1372 2030 1542 2064 episcopum
1566 2029 1807 2059 Novfflmensem,
1829 2036 1863 2054 ac
1883 2035 1969 2061 super
1989 2026 2121 2060 ejusdem
2143 2026 2180 2053 ab
2201 2026 2264 2060 ipso
2284 2025 2383 2052 archi-

1948 1817 2069 1849 Latran,
2084 1817 2100 1842 5
2115 1816 2214 1850 juillet
2231 1815 2309 1842 1240.

1372 2080 1508 2114 episcopo
1534 2078 1673 2105 Reniensi
1699 2076 1923 2104 confirmatione
1945 2078 2168 2110 praesumptum
2195 2075 2299 2106 fuerit,
2330 2083 2383 2101 nec

1373 2137 1430 2155 non
1445 2128 1522 2154 velle
1541 2127 1666 2153 eundem
1686 2127 1807 2153 Petrum
1825 2125 1978 2153 Carlotum
2000 2133 2013 2149 «
2030 2124 2066 2151 ab
2082 2124 2255 2151 executione
2270 2123 2382 2150 ordinis

1375 2186 1387 2203 ι)
1404 2177 1578 2204 diaconatus
1594 2184 1618 2205 »,
1633 2176 1668 2202 ad
1686 2184 1772 2209 quem
1790 2183 1846 2201 non
1864 2177 1997 2209 potuerat
2013 2174 2076 2200 sine
2092 2173 2279 2208 Apostolieae
2297 2173 2382 2199 Sedis

1374 2226 1497 2252 licentia
1511 2224 1688 2259 promoveri,
1707 2232 1825 2250 manere
1841 2231 2028 2256 suspensum.
2046 2237 2078 2240 ——
2094 2223 2181 2253 (REO.
2199 2221 2243 2254 20.
2261 2222 2280 2247 f.
2296 2221 2330 2247 ‘20
2341 2224 2381 2252 r⁰;

1373 2283 1443 2302 ann.
1465 2274 1548 2303 XIV,
1570 2282 1594 2299 c.
1617 2273 1685 2304 115;
1707 2287 1738 2290 -—
1761 2272 1894 2299 MOREAU
1917 2271 1996 2303 1193,
2019 2272 2038 2297 f.
2061 2272 2109 2303 713
2132 2270 2212 2301 ibid.,
2237 2271 2256 2296 f.
2279 2270 2322 2302 69,
2348 2278 2382 2296 ex

1375 2325 1553 2354 umquam
1572 2337 1602 2340 —
1621 2323 1778 2349 Pommsm
1793 2321 1904 2351 10909.)

1417 2440 1429 2452 «
1453 2449 1472 2454 ..
1492 2426 1717 2462 archiepiscopo
1737 2425 1884 2452 Remensi.
1910 2422 2127 2452 Noviomensi
2152 2421 2292 2452 ecclesia
2309 2429 2385 2459 pas-

1377 2485 1444 2509 tore
1465 2482 1613 2512 vacante,
1639 2477 1746 2515 ipsius
1769 2475 1908 2506 ecclesie
1929 2475 2081 2505 canonici
2103 2475 2248 2514 P[etrnm
2271 2473 2386 2505 Carlo-

1376 2533 1469 2569 tum],
1490 2536 1603 2560 natum
1628 2530 1715 2560 clare
1739 2529 1898 2559 memorie
1926 2552 1945 2557 ..
1968 2528 2056 2566 regis
2075 2527 2224 2562 Francie,
2251 2527 2387 2556 subdia-

1377 2594 1496 2615 conum
1514 2588 1676 2619 nostrum,
1702 2583 1736 2612 in
1754 2591 1851 2612 suum
1870 2582 2060 2620 episcopum
2077 2580 2249 2618 elegerunt
2266 2590 2271 2615 ;
2290 2580 2386 2619 cujus

1377 2638 1573 2669 electionem
1598 2642 1644 2671 tu,
1674 2645 1758 2670 non,
1790 2640 1826 2665 ut
1856 2635 1977 2671 decuit,
2009 2634 2187 2672 diligenter
2211 2633 2386 2664 advertens

1374 2693 1451 2730 Jura
1471 2690 1645 2723 canonica.
1664 2689 1881 2719 confirmasti.
1905 2687 1988 2718 Cum
2013 2687 2103 2717 enim
2123 2696 2179 2717 rex
2197 2687 2279 2724 ipse,
2306 2695 2387 2716 uxo-

1378 2754 1447 2774 rem
1470 2744 1597 2774 habens
1623 2743 1820 2780 legitimam,
1855 2741 1980 2771 dictum
2006 2742 2045 2771 P.
2066 2740 2250 2778 susceperit
2273 2740 2312 2769 de
2334 2749 2387 2769 so-

1377 2797 1457 2831 luta,
1486 2797 1519 2826 in
1546 2796 1737 2834 episcopum
1758 2795 1845 2824 idem
1867 2796 1906 2825 P.
1926 2794 2004 2832 eligi
2030 2794 2168 2823 minime
2191 2793 2307 2831 potuit,
2329 2802 2388 2823 nec

1379 2860 1439 2880 sua
1459 2850 1573 2880 debuit
1594 2849 1711 2879 electio
1728 2848 1933 2883 confirmari3
1960 2856 2020 2877 nec
2046 2856 2082 2877 ex
2106 2855 2143 2876 eo
2169 2846 2255 2885 quod
2276 2855 2388 2876 secum

1379 2904 1591 2942 dispensasse
1620 2902 1774 2933 dicimur,
1804 2906 1839 2931 ut
1863 2901 2011 2930 defectus
2038 2899 2199 2929 natalium
2225 2899 2259 2928 in
2286 2898 2388 2929 nullis

1379 2956 1611 2995 spiritualibus
1631 2955 1695 2985 sibi
1712 2955 1809 2990 obsit,
1830 2954 1912 2993 quin
1936 2953 1976 2983 ad
1998 2953 2140 2983 honores
2158 2957 2188 2983 et.
2209 2952 2388 2990 dignitates
