2553 3526
0 2811 22 2843 ,ἡ
0 2774 12 2801 ..ἡ
0 2751 9 2766 1,
0 2643 21 2741 ‘'Es''

15 3286 18 3287 ,
0 3259 9 3276 *³
0 3200 21 3249 ,ιτ
0 2984 23 3190 πψτη-στω
0 2875 22 2978 ’,Ψ-’Ἶ-
0 2852 19 2862 1

26 3223 30 3227 ⁴
23 3170 30 3177 '¹
28 3100 36 3106 Ι
34 2996 37 2997 ,

50 3155 58 3162 .

0 3409 7 3421 ·
0 3304 11 3356 *0⁹*-

0 3511 33 3526 7⁸

0 2435 25 2636 &Wrzfvw
0 2288 21 2425 &vsvs-
0 2040 28 2279 *wvwrrgss‘
0 2021 6 2028 ·

165 279 192 306 5⁷
1009 269 1245 306 TREiZOEME
1268 269 1426 305 ANNEE.
2245 282 2260 310 5

164 343 284 374 vestris
301 342 455 381 precibus
473 342 638 376 inclinati,
661 342 748 380 quod
771 351 870 380 super
892 342 952 372 hoc
972 351 990 371 a
1013 341 1170 380 predictis

163 395 371 426 vicedomino
393 400 423 425 et
447 395 607 425 canonico
629 395 718 432 juste
744 399 774 424 et
794 394 929 432 provide
950 395 1075 424 factum
1098 403 1171 424 esse

163 448 359 483 dinoscitur,
377 447 573 478 auctoritate
595 447 774 485 apostolica
794 447 1030 476 confirmanius
1046 451 1076 476 et
1098 455 1172 484 pre-

163 501 268 531 sentis
293 501 408 539 scripti
430 500 616 539 patrocinio
639 500 884 529 communimus
907 517 953 527 —.
983 500 1056 529 Dat.
1080 500 1174 529 Late-

162 554 249 587 rani.
268 555 368 584 VIIII
384 553 544 583 kalendas
561 552 689 591 aprilis.
709 561 796 582 anno
813 552 1052 582 tertiodecimo.
1072 565 1084 578 n

235 724 353 752 4292

199 788 318 815 Decano
341 787 480 814 Trecensi
505 786 626 813 mandat
649 792 810 821 quatenus.
838 787 862 813 si
888 787 1029 820 quasdam
1059 787 1173 814 litteras

163 844 251 871 super
274 836 451 870 quibusdam
476 836 588 862 mutuis
608 836 742 870 pecuniis
766 845 837 870 quas
862 837 941 870 prior
962 840 988 863 et
1011 840 1174 863 conventus

165 885 339 913 monasterii
355 885 459 912 Sancti
480 885 646 912 Geremarii
667 885 702 911 de
722 885 863 912 Flaviaco
883 885 920 912 ab
939 886 1052 919 Angelo
1069 886 1173 919 Maga-

164 934 232 962 lotti
258 934 331 961 olim
359 933 507 968 accepisse
533 933 720 962 dicebantur.
750 934 909 963 confectas.
936 934 1084 961 invenerit
1112 943 1174 961 esse

163 991 260 1015 vei-as,
281 983 376 1010 dictos
397 982 524 1016 priorem
549 986 577 1009 et
599 986 779 1009 conventum
801 984 959 1017 compellat
982 988 1013 1010 ut
1037 983 1125 1010 Petro
1145 988 1173 1010 et

164 1032 260 1059 Paulo
274 1031 445 1066 Magalotfi,
459 1031 672 1058 mercatoribus
687 1032 841 1063 Romanis,
856 1032 1014 1058 heredibus
1028 1032 1174 1066 praedicti

163 1080 285 1115 Angeli,
305 1080 342 1107 de
360 1080 520 1115 praedictis
537 1080 672 1114 pecuniis
692 1081 895 1112 satisfaciant;
915 1081 991 1114 quod
1010 1081 1034 1107 si
1057 1081 1173 1107 easdem

164 1129 281 1156 litteras
296 1129 323 1156 ei
339 1129 507 1156 constiterit
523 1137 585 1155 esse
601 1130 705 1159 falsas,
725 1129 837 1155 eisdem
858 1129 1071 1156 mercatoribus
1089 1137 1176 1163 super

163 1177 218 1204 illo
237 1177 337 1204 debito
357 1177 510 1204 silentium
534 1177 681 1211 imponat.
707 1192 738 1195 —
759 1178 846 1209 (Rae.
869 1177 913 1207 19.
938 1178 958 1203 f.
980 1177 1031 1203 105
1053 1176 1107 1212 299]
1129 1181 1174 1209 v⁴⁷;

163 1234 235 1253 ann.
251 1226 334 1257 xm,
352 1234 378 1252 c.
391 1226 431 1256 5.)

737 725 858 757 Latran,
875 725 909 751 23
926 733 1004 751 mars
1021 725 1100 751 1239.

205 1339 221 1354 «
240 1350 260 1370 ..
277 1327 389 1356 decano
406 1328 555 1356 Titecensi.
578 1328 644 1356 Sua
666 1326 763 1356 nohis
781 1326 909 1356 nobiles
928 1327 992 1355 viri
1011 1328 1128 1357 Petrus
1146 1332 1175 1357 et

165 1379 290 1411 Paulus
306 1379 478 1418 Magalotti
490 1379 622 1414 fratres.
634 1384 834 1410 mercatores
846 1380 1000 1414 Romani,
1016 1381 1177 1418 petitione

165 1438 394 1464 monstrarunt
403 1433 502 1472 quod,
513 1442 588 1463 cum
599 1433 746 1471 Angelus
759 1433 959 1471 Magalotti1,
968 1435 1063 1472 cujus
1075 1434 1177 1464 iidem

164 1486 305 1517 heredes
321 1486 480 1521 existunt,
509 1488 604 1517 Petro
625 1487 663 1517 de
685 1488 770 1526 Ποῖ,
794 1487 955 1517 monacho
973 1493 1004 1517 et
1022 1496 1178 1526 procura-

167 1540 230 1570 tori
248 1562 268 1568 ..
281 1539 402 1578 prioris
416 1544 447 1569 et
461 1545 644 1570 conventus
655 1540 852 1570 monasterii
864 1541 979 1570 Sancti
992 1541 1179 1571 Geremarii

166 1592 206 1623 de
234 1592 420 1628 Flaviaco²‚
450 1592 578 1623 ordinis
609 1593 717 1622 sancti
749 1593 938 1627 Benedicti,
970 1593 1179 1623 renuntianti

167 1645 399 1675 constitutioni
415 1645 454 1675 de
465 1645 595 1675 duabus
606 1645 705 1675 dietis
717 1646 803 1676 edite
815 1646 851 1675 in
865 1646 1006 1676 concilio
1018 1646 1178 1684 generali,

167 1702 200 1729 et
213 1698 352 1728 habenti
368 1698 409 1728 ab
425 1699 508 1737 ipsis
531 1699 641 1737 priore
665 1704 696 1728 et
719 1704 884 1729 conventu
908 1704 973 1728 tani
997 1708 1096 1737 super
1118 1699 1179 1730 hoc

167 1760 268 1790 quam
300 1751 340 1781 de
375 1756 490 1781 mutuo
527 1751 753 1782 contrahendo
790 1752 933 1790 speciale
967 1752 1178 1788 mandatum,

167 1804 335 1844 quandam
346 1813 511 1834 summam
525 1805 663 1842 pecunie
678 1806 893 1839 mutuasset¹.
912 1806 1012 1835 certis
1029 1805 1094 1834 sibi
1111 1806 1180 1835 loco

167 1862 200 1888 et
222 1857 364 1887 termino
386 1857 639 1896 persolvendam
663 1868 669 1886 :
694 1858 796 1888 iidem
819 1859 910 1896 prior
933 1864 962 1888 et
983 1865 1177 1889 conventus.

167 1915 357 1949 asserentes
377 1910 465 1949 quod
484 1911 592 1940 dictus
614 1911 798 1941 monachus
819 1921 877 1949 per
897 1912 1058 1950 quasdam
1076 1912 1179 1942 salsas

165 1962 307 1997 litteras,
320 1962 468 2000 ipsorum
476 1962 610 1992 nomine
620 1963 812 1996 fabricatas.
822 1963 986 2001 quoddam
998 1964 1179 1994 maximum

167 2015 316 2046 debitum
341 2015 537 2046 contrahere
564 2016 769 2054 dampnabili
797 2017 982 2047 temeritate
1008 2027 1180 2056 presump-

167 2073 268 2103 serat,
290 2073 322 2098 et
341 2068 428 2107 quod
450 2068 516 2106 ipsi
538 2069 579 2098 ad
599 2070 671 2107 ejus
694 2069 895 2099 solutionem
919 2079 937 2099 a
959 2070 1180 2100 creditoribus

166 2121 383 2159 urgebantur,
411 2121 572 2160 quasdam
599 2131 617 2151 a
642 2122 737 2152 nobis
761 2122 801 2152 ad
828 2146 847 2151 ..
877 2123 1038 2152 decanum
1062 2123 1181 2153 Belva-

167 2183 304 2205 censem
319 2179 351 2204 et
371 2183 449 2204 suos
469 2175 661 2214 conjudices
678 2184 778 2213 snper
793 2176 854 2205 hoc
874 2175 1003 2206 litteras
1022 2177 1180 2215 impetra-

168 2232 258 2262 runt,
279 2227 421 2266 alicujus
437 2228 612 2258 creditoris
629 2229 764 2258 nomine
785 2238 850 2259 non
869 2238 1035 2267 expresso.
1061 2230 1178 2260 Coram

168 2280 292 2320 quibus
312 2281 574 2319 proponentibus
596 2281 694 2311 dictis
715 2282 825 2320 priore
851 2287 882 2312 et
905 2288 1070 2312 conventu
1093 2283 1180 2321 quod

168 2337 370 2364 mercatores
393 2334 517 2372 prefati
547 2334 723 2372 exigebant
746 2334 786 2364 ab
812 2335 860 2365 eis
891 2335 1055 2374 quoddam
1081 2345 1180 2373 grave

169 2386 318 2417 debitum
333 2396 352 2416 a
365 2387 527 2417 monacho
541 2388 614 2425 ipso
627 2397 686 2426 per
696 2388 825 2418 litteras
841 2388 944 2418 falsas
961 2394 1178 2424 contractum,

169 2444 202 2470 et
233 2439 423 2478 petentibus
455 2440 542 2478 quod
573 2446 774 2471 mercatores
803 2441 942 2479 predicti
968 2441 1181 2472 ostenderent

168 2493 335 2523 rationem
345 2502 448 2532 quare
462 2494 703 2524 monasterium
714 2495 824 2532 ipsum
837 2494 877 2524 ad
889 2494 1089 2524 solutionem
1100 2495 1181 2524 dicti

169 2545 274 2576 debiti
287 2551 466 2581 teneretur,
486 2546 537 2576 vel
550 2555 649 2584 super
661 2555 774 2576 eorum
786 2547 995 2584 impetit-ione
1008 2547 1181 2577 silentium

168 2599 398 2637 imponeretur
421 2599 547 2629 eisdem
571 2609 577 2628 :
610 2608 647 2629 ex
670 2604 762 2637 parte
784 2599 933 2637 ipsorum
959 2605 1182 2630 mercatorum

169 2652 235 2682 fuit
253 2652 448 2691 excipiendo
467 2648 673 2691 propositum
689 2661 800 2682 coram
821 2653 880 2686 eis,
899 2653 998 2691 quod,
1022 2662 1097 2683 cum
1114 2654 1182 2683 ini-

170 2713 275 2744 quum
296 2705 340 2734 sit
359 2709 394 2734 ut
413 2705 490 2743 quis
511 2714 608 2743 agere
630 2705 681 2735 vel
701 2714 857 2735 accusare
873 2710 1020 2743 cogatur,
1042 2706 1109 2744 ipsi
1123 2715 1182 2745 per

203 2817 225 2841 1.
244 2817 286 2841 Cf.
301 2823 401 2846 supra,
416 2821 445 2840 n·
461 2817 530 2842 3714.

201 2861 227 2885 2.
244 2863 295 2885 Ms.
305 2870 312 2884 .·
329 2860 424 2885 Sancti
438 2861 568 2885 Germani
582 2862 616 2886 de
632 2862 773 2886 Flaviaco.
784 2862 858 2885 —Le
871 2866 929 2886 mot
942 2871 954 2884 (ι
966 2862 1101 2887 Fluviaco
1112 2872 1124 2886 ι
1139 2868 1181 2886 est

171 2904 255 2929 rectit
269 2911 319 2928 sur
332 2912 371 2928 un
383 2909 518 2936 grattage.

203 2949 227 2975 3.
241 2951 292 2973 Ms.
309 2958 317 2972 .·
331 2953 515 2974 mutuassent.

1254 341 1335 370 tales
1354 341 1482 371 litteras
1503 350 1566 371 non
1588 347 1737 380 poterant
1760 351 1818 372 nec
1840 343 2001 373 debebant
2024 345 2061 374 de
2081 346 2155 383 jure
2173 356 2260 375 com-

1254 393 1331 431 pelli
1348 399 1382 423 ut
1402 394 1565 432 predictas
1584 395 1728 424 rationes
1748 396 1970 425 ostenderent.
1989 406 2061 426 cum
2078 397 2156 427 dicti
2174 399 2261 436 prior

1255 452 1284 476 et
1306 452 1488 477 conventus
1510 448 1548 477 ad
1571 448 1749 477 eorundem
1769 454 1987 478 mercatorum
2008 449 2203 479 instantiam
2223 451 2262 480 ad

1255 500 1454 530 solutionem
1480 501 1653 530 memorati
1677 501 1790 530 debiti.
1818 502 1911 540 cujus
1937 502 2094 532 solutioni
2120 504 2262 541 prefixus

1255 553 1418 582 terminus
1431 553 1576 583 nondum
1589 554 1776 584 advenerat.
1788 555 1926 584 minime
1939 562 2145 592 cogerentur:
2161 566 2262 594 quare

1256 606 1321 644 peti
1345 606 1510 644 superflue
1530 607 1703 636 videbatur
1725 612 1755 636 ut
1779 608 2005 645 imponeretur
2023 609 2071 637 eis
2094 609 2264 638 silentium

1256 668 1355 696 super
1381 659 1541 697 petitione
1570 659 1672 689 debiti
1700 660 1868 698 sepedicti.
1900 670 1999 698 super
2027 670 2090 699 quo
2118 662 2264 691 nondum

1255 717 1369 741 contra
1392 712 1496 741 dictos
1522 712 1665 750 priorem
1690 717 1719 742 et
1746 717 1943 742 conventum
1968 713 2137 743 ediderant
2162 714 2263 743 actio-

1256 774 1344 795 nem.
1362 765 1434 795 Sed.
1455 765 1533 804 quia
1550 765 1680 804 judices
1702 765 1777 803 ipsi.
1796 765 1927 795 eosdem
1945 771 2144 796 mercatores
2166 776 2265 804 super

1256 819 1429 857 premissis
1456 824 1648 849 recusantes
1674 819 1800 849 audire.
1829 819 2068 849 nichilominus
2095 820 2134 849 ad
2157 820 2265 850 locum

1257 880 1321 901 non
1340 876 1446 901 tutum
1463 872 1637 901 trahebant
1659 872 1801 905 eosdem,
1821 872 1922 901 alium
1942 873 1989 902 eis
2012 881 2164 902 securum
2188 883 2266 903 con-

1256 925 1371 955 cedere
1395 931 1508 954 contra
1530 925 1696 963 justitiam
1719 925 1930 962 denegantes.
1958 925 2130 955 humiliter
2155 927 2266 965 requi-

1257 979 1314 1008 siti
1333 989 1338 1007 :
1356 979 1432 1016 ipsi.
1456 978 1638 1008 sentientes
1661 986 1696 1007 ex
1716 977 1783 1007 hiis
1804 978 1950 1007 indebite
1974 987 2007 1008 se
2026 980 2167 1015 gravtu-i.
2189 988 2266 1009 nos-

1257 1036 1340 1061 tram
1353 1031 1557 1060 audientiam
1570 1030 1793 1068 appellarunt:
1808 1040 1946 1068 quorum
1960 1031 2172 1068 appellationi
2186 1033 2265 1062 dicti

1254 1084 1384 1123 judices
1401 1083 1575 1113 humiliter
1597 1082 1799 1113 detulerunt.
1817 1083 1925 1118 Quare
1948 1083 2085 1120 predicti
2107 1090 2265 1114 mercato-

1258 1146 1311 1167 res
1328 1137 1424 1166 nohis
1440 1135 1613 1165 humiliter
1627 1135 1854 1173 supplicarunt
1870 1142 1914 1165 ut.
1932 1144 2004 1165 cum
2018 1137 2086 1174 jam
2105 1138 2266 1166 terminus

1259 1190 1426 1228 predictus
1443 1189 1615 1218 effluxerit.
1635 1197 1693 1217 nec
1713 1189 1761 1218 eis
1781 1188 1819 1217 de
1840 1188 1927 1217 dicta
1946 1189 2045 1218 fuerit
2064 1190 2202 1227 pecunia
2219 1199 2266 1219 sa-

1260 1244 1440 1273 tisfactum.
1463 1251 1499 1271 ac
1521 1242 1561 1271 ob
1576 1241 1636 1270 hoc
1657 1241 1798 1279 dampna
1815 1242 2018 1271 incurrerint
2035 1243 2146 1277 gravia
2165 1248 2193 1272 et
2213 1252 2268 1272 ex-

1259 1305 1390 1334 pensas,
1415 1304 1514 1333 super
1533 1294 1595 1324 hoc
1614 1294 1787 1332 providere
1810 1303 2003 1324 curaremus
2019 1294 2156 1324 eisdem.
2181 1296 2268 1332 Quo—

1260 1350 1347 1379 circa
1369 1348 1566 1378 mandamus
1583 1352 1759 1385 quatenus.
1780 1347 1809 1376 si
1830 1351 1877 1376 est
1901 1347 1946 1376 ita
1971 1352 2000 1376 et
2019 1347 2147 1377 litteras
2171 1357 2269 1386 super

1260 1401 1451 1441 hujusmodi
1467 1401 1577 1430 debito
1589 1400 1755 1430 consectas
1768 1400 1937 1429 inveneris
1952 1409 2024 1430 esse
2041 1409 2143 1430 veras.
2165 1401 2268 1431 dictos

1260 1456 1404 1494 priorem
1423 1459 1453 1484 et
1471 1458 1670 1484 conventum
1686 1458 1720 1482 ut
1738 1453 1786 1482 eis
1803 1453 1840 1482 de
1862 1453 2007 1491 predicta
2023 1455 2175 1491 pecunia.
2195 1464 2270 1484 curn

1257 1509 1359 1548 justis
1387 1512 1417 1537 et
1443 1507 1622 1536 moderatis
1649 1506 1803 1544 expensis
1830 1514 1865 1535 ac
1891 1505 2002 1535 debita
2026 1507 2270 1537 restauratione

1261 1561 1492 1599 dampnorum,
1516 1568 1619 1589 usura
1642 1559 1777 1588 omnino
1801 1563 1963 1588 cessante.
1991 1559 2210 1590 satisfaciant.
2235 1565 2270 1589 ut

1262 1619 1435 1645 tenentur.
1474 1612 1713 1642 constitutione
1746 1621 1812 1641 non
1844 1611 1995 1641 obstante
2030 1612 2192 1649 predicta.
2225 1613 2272 1642 ita

1263 1673 1373 1698 tamen
1392 1667 1479 1705 quod
1499 1666 1585 1696 ultra
1603 1666 1735 1695 tertiam
1752 1665 1804 1695 vel
1819 1670 1971 1703 quartam
1989 1670 2078 1694 extra
2096 1675 2188 1695 suani
2206 1666 2274 1695 dio-

1262 1722 1365 1752 cesim
1388 1730 1463 1759 pars
1488 1720 1590 1750 altera
1612 1719 1831 1758 adjudicium
1855 1727 1919 1748 non
1942 1718 2093 1748 trahatur
2110 1736 2158 1749 —.
2183 1728 2272 1749 com-

1262 1775 1378 1814 pellas.
1397 1774 1490 1810 Quod
1509 1774 1537 1803 si
1554 1773 1685 1803 easdem
1702 1772 1830 1801 litteras
1846 1772 1905 1800 tibi
1922 1772 2107 1801 constiterit
2123 1781 2194 1802 esse
2209 1772 2272 1802 fal-

1263 1837 1326 1862 sas,
1345 1834 1390 1857 tu.
1409 1836 1508 1865 super
1522 1826 1632 1856 debito
1648 1826 1720 1863 ipso
1737 1824 1908 1854 silentium
1924 1825 2097 1862 imponens
2114 1830 2271 1854 mercato-

1262 1881 1355 1910 ribus
1370 1880 1555 1914 antedictis,
1572 1887 1636 1908 non
1653 1877 1825 1916 permittas
1842 1886 1940 1915 super
1956 1877 2023 1906 hiis
2036 1877 2166 1907 eosdem
2183 1879 2272 1916 prio-

1263 1943 1331 1963 rem
1350 1939 1380 1963 et
1392 1937 1591 1962 conventum
1608 1931 1749 1961 ulterius
1763 1930 1951 1960 molestari:
1968 1930 2196 1960 molestatores
2210 1935 2269 1960 etc.

1263 1988 1336 2016 Dat.
1359 1986 1526 2016 Laterani.
1552 1985 1583 2014 X
1604 1984 1763 2014 kalendas
1782 1983 1909 2021 aprilis,
1936 1984 2145 2021 pontificatus
2167 1984 2272 2013 nostri

1264 2049 1350 2069 anno
1370 2039 1608 2069 tertiodecimo.
1632 2050 1643 2063 u

1333 2198 1452 2226 4298
1841 2195 1961 2223 Latran.
1978 2195 2012 2221 ‘22
2029 2203 2106 2221 mars
2122 2195 2200 2222 1239.

1299 2261 1409 2289 Abbati
1427 2259 1531 2287 Sancti
1548 2258 1675 2291 Benigni
1694 2257 1943 2288 Fructuariensis,
1964 2257 2136 2290 Yporiensis
2156 2257 2271 2284 dioece-

1264 2311 1314 2342 sis,
1329 2314 1357 2336 et
1373 2308 1539 2344 praeposito
1559 2306 1701 2334 ecclesiae
1725 2306 1913 2337 Vettolanae‚
1934 2306 2133 2331 Vercellensis
2155 2306 2271 2332 dioece-

1264 2360 1314 2389 sis.
1331 2358 1452 2385 mandat
1469 2360 1614 2391 quatenus
1630 2355 1666 2382 ad
1683 2354 1838 2380 ecelesiam
1853 2354 1888 2380 de
1901 2354 2021 2387 Ripalta
2035 2357 2080 2385 (=
2092 2355 2270 2381 Rivalta-di-

1264 2409 1399 2439 Torino),
1427 2406 1540 2433 ordinis
1567 2405 1663 2431 saneti
1692 2403 1869 2437 Augustini,
1897 2403 2089 2429 Taurinensis
2113 2403 2269 2434 dioecesis,

1263 2457 1373 2484 debitis
1403 2454 1563 2482 contractis
1590 2462 1605 2480 a
1640 2452 1911 2487 praedecessoribus
1945 2452 2104 2485 praepositi
2139 2452 2269 2485 ejusdem

1264 2505 1406 2532 ecclesiae
1430 2504 1466 2530 de
1489 2503 1610 2537 Ripalta
1641 2505 1710 2528 tunc
1738 2500 1893 2526 existentis
1920 2500 2080 2526 enormiter
2106 2506 2270 2533 gravatam,

1264 2555 1417 2585 accedant,
1437 2558 1476 2583 et,
1496 2553 1527 2578 in
1544 2559 1632 2578 unam
1657 2558 1805 2576 summam
1831 2549 1948 2582 singula
1970 2548 2068 2574 debita
2094 2549 2271 2582 redigentes,

1265 2603 1430 2639 praeposito
1446 2606 1473 2628 et
1488 2599 1648 2627 conventui
1664 2598 1796 2632 ejusdem
1811 2597 1952 2623 ecclesiae
1968 2597 2003 2623 de
2020 2597 2140 2630 Ripalta
2154 2598 2189 2623 de
2204 2606 2271 2632 pro-

1264 2651 1404 2679 ventibus
1434 2650 1528 2684 ipsius
1555 2647 1697 2674 ecclesiae
1723 2645 1939 2672 sustentatione
1965 2653 2092 2678 congrua
2112 2649 2271 2678 reservata,

1264 2701 1414 2728 residuum
1430 2699 1559 2732 ipsorum
1578 2698 1775 2731 proventuum
1792 2694 1908 2721 tamdiu
1925 2693 2024 2727 colligi
2043 2694 2166 2726 faciant,
2180 2694 2272 2721 donec

1265 2748 1460 2777 creditoribus
1473 2746 1604 2780 ejusdem
1622 2744 1763 2771 ecclesiae
1783 2743 1819 2770 de
1834 2743 1897 2769 illis
1917 2743 2025 2769 debitis
2041 2751 2092 2776 per
2106 2743 2202 2776 ipsum
2221 2743 2272 2770 ab-

1266 2800 1363 2827 batem
1383 2796 1486 2824 Sancti
1503 2794 1631 2828 Benigni
1653 2794 1773 2827 ejusque
1794 2793 1935 2825 collegam
1958 2791 2046 2818 fuerit
2066 2791 2270 2823 satisfactum;

1266 2857 1280 2873 tt
1301 2848 1325 2874 si
1341 2855 1411 2873 vero
1424 2846 1460 2872 de
1475 2844 1620 2871 fructibus
1637 2842 1710 2876 ipsis
1732 2841 1870 2868 satisfieri
1889 2840 2056 2874 nequiverit
2078 2840 2272 2866 creditoribus

1266 2905 1281 2922 υ
1302 2894 1484 2923 memoratis.
1507 2891 1658 2919 vendendi
1680 2891 1716 2917 de
1739 2889 1823 2916 bonis
1846 2888 2006 2915 mobilibus
2029 2888 2121 2921 ipsius
2137 2888 2269 2919 ecclesie,

1266 2953 1280 2970 n
1302 2948 1340 2975 et,
1357 2943 1382 2970 si
1397 2950 1449 2969 nec
1463 2942 1521 2968 ista
1534 2939 1716 2969 suffecerint,
1732 2938 1768 2964 de
1790 2936 1996 2964 immobilibus
2015 2936 2114 2962 minus
2134 2935 2270 2967 utilibus,
