2553 3526
299 265 355 295 3153
1026 262 1264 294 REGIsTREs
1287 261 1341 290 DE
1364 254 1586 292 GRE'GOIRE
1609 264 1668 294 ix.
2334 269 2395 299 354

299 341 403 366 genere
430 333 505 366 quod
532 333 720 366 indulgeatur
749 341 763 358 a
791 332 864 366 jure.
893 347 924 350 —
951 333 1037 363 (Rau.
1068 331 1112 362 20,
1147 331 1167 356 f.
1200 328 1234 355 40
1263 331 1302 360 r⁶;

299 390 368 408 ann.
392 382 474 411 XIV,
496 390 520 408 6,
542 381 610 413 ‘2363
628 396 659 399 ——
678 382 832 408 Pommsr
849 381 957 411 10983.)

343 496 353 509 (ι
382 506 400 512 ..
423 484 568 511 abbatisse
592 488 617 510 et
635 483 797 510 conventui
819 482 926 510 Sancte
951 482 1044 510 Marte
1069 481 1301 515 Suessioneusis,

300 537 419 565 ordinis
434 537 531 564 scint-li
548 536 710 564 Bemtticts.
725 534 895 563 Abolenda
909 534 942 562 in
960 533 1109 572 pat-tilius
1123 532 1305 563 Gallicanis

301 589 386 628 [cto.
406 594 438 617 ut
457 598 566 626 supra,
585 588 618 617 in
643 588 763 617 litteris
785 587 845 616 sul]
868 596 1005 616 numero
1022 587 1097 616 4894
1115 587 1248 616 notatis.
1266 586 1306 616 ad

302 642 453 671 abbatem
477 646 507 670 et
531 646 728 670 conventum
753 641 967 670 Fossatenscs
989 640 1133 674 directis,
1161 648 1267 678 usque
1285 638 1305 677 ε]

300 695 474 731 originarii
493 693 687 723 monasterii
714 693 825 724 vestri,
851 701 932 731 quos
951 693 1088 722 homines
1111 693 1144 721 de
1164 693 1305 729 corpore¹

302 748 386 787 [etc.,
406 751 441 775 ut
461 756 570 784 supra,
596 746 629 775 in
654 746 778 776 eisdem
796 745 927 781 litteris¹
955 754 1059 784 usque
1082 746 1102 782 2]
1128 749 1159 775 et
1182 745 1222 774 ob
1245 744 1306 774 hoc

300 799 539 829 monasterium
558 803 704 828 vestrum
722 807 787 827 non
806 797 967 827 modicam
985 798 1147 827 sustineat
1165 796 1251 836 [etc.,
1271 802 1307 826 ut

301 862 410 891 supra.
435 853 468 881 in
494 852 616 882 eisdem
641 851 774 886 litteris,
793 860 898 889 usque
920 851 954 879 in
976 849 1099 889 finem].
1120 851 1190 880 Dat.
1211 851 1306 880 Late-

301 906 388 940 rani,
420 906 499 935 YIII
530 905 606 934 idus
635 904 810 939 februarii,
846 903 1056 942 pontificatus
1085 903 1190 933 nostri
1220 912 1306 933 anno

299 959 556 998 quartodecimo.
578 970 590 984 n

370 1145 489 1174 5386

334 1209 443 1236 Abbati
458 1212 486 1235 et
501 1208 709 1235 archidiacono
726 1207 828 1235 Sancti
849 1207 970 1239 Albani,
990 1206 1208 1234 Lincolniensis
1225 1206 1307 1233 dioe-

300 1259 384 1287 cesis.
406 1262 433 1284 ct
455 1258 543 1292 priori
563 1258 597 1283 [le
614 1258 795 1291 Duncstaple
811 1258 855 1288 (Ξ
871 1255 1058 1287 Dunstable),
1078 1255 1208 1289 ejusdem
1225 1255 1306 1281 dioe-

299 1308 384 1339 cesis,
403 1307 534 1337 mandat,
551 1307 628 1332 inter
639 1306 709 1337 alia,
723 1308 866 1339 quatenus
880 1304 1092 1339 suspensionis,
1110 1303 1262 1333 interdicti
1279 1305 1307 1330 et

300 1355 618 1382 excommunicationis
629 1354 791 1381 sententias
803 1362 818 1380 a
833 1361 925 1387 nuper
938 1353 1076 1379 defuncto
1087 1352 1307 1386 archiepiscopo

300 1403 507 1431 Cantuariensi
530 1402 560 1428 in
577 1402 740 1436 capitulum
759 1401 899 1427 ecclesiae
922 1400 1146 1430 Cantuariensis
1168 1401 1305 1434 prolatas,

300 1453 447 1483 relaxent;
470 1459 536 1477 6001
560 1450 622 1477 illis
640 1450 689 1484 qui
707 1452 770 1484 post
791 1449 907 1476 easdem
927 1448 1089 1476 sententias
1109 1449 1214 1476 divina
1234 1449 1307 1475 cele-

301 1500 423 1531 brarint,
447 1507 534 1533 super
555 1499 608 1525 1106
626 1499 808 1532 dispensent,
826 1498 950 1531 illosque
977 1497 1124 1525 absolutos
1149 1497 1305 1529 nuntient3

300 1552 429 1575 ceterum
456 1549 587 1582 praefato
608 1547 738 1581 capitulo
755 1546 894 1573 nuntient
911 1546 997 1580 quod,
1022 1549 1175 1580 postquam
1194 1546 1304 1572 dictam

299 1598 512 1624 relaxationem
525 1596 738 1623 sententiarum
751 1596 781 1622 in
794 1595 871 1629 ipsos
883 1596 1009 1622 latarum
1023 1595 1135 1622 fuerint
1146 1594 1306 1624 consecuti,

301 1650 416 1680 tempus
432 1646 474 1672 cis
490 1645 615 1679 incipiet
638 1653 753 1671 currere
769 1653 785 1671 a
801 1652 911 1671 canone
932 1644 963 1670 10
980 1643 1175 1671 electionibus
1195 1643 1307 1670 diffini-

300 1698 374 1722 tum.
390 1709 421 1712 —
438 1695 524 1725 (Rue.
538 1693 583 1726 20,
601 1695 620 1720 f.
640 1693 674 1720 40
689 1696 729 1725 r⁰;
747 1701 816 1720 ann.
836 1692 918 1724 XIV,
934 1701 958 1719 c.
974 1692 1050 1723 237.)

890 1145 1011 1177 Latran,
1030 1143 1045 1170 6
1063 1152 1139 1169 mars
1155 1143 1234 1170 1241.

340 1809 352 1822 «
374 1819 390 1824 ..
411 1796 510 1824 ahtau?
530 1800 554 1823 el
575 1817 594 1823 ..
612 1794 831 1823 archidiacono
854 1794 960 1823 Sancti
980 1794 1099 1828 Albani,
1127 1798 1152 1822 et
1170 1794 1307 1831 ..priori

299 1849 332 1877 de
351 1846 565 1886 I)u›1es[apl[e],
586 1847 808 1875 Liucolniensis
826 1846 959 1876 diocesis⁴
987 1846 1032 1875 Ex
1054 1850 1145 1883 parte
1170 1845 1307 1883 capituli

300 1900 438 1930 ecclesie
461 1899 715 1930 Cantuaricnsis
737 1899 799 1928 fuit
826 1898 922 1928 nobis
943 1898 1116 1927 humiliter
1141 1897 1307 1936 supplica-

301 1959 368 1984 tum
385 1959 430 1987 ut,
448 1953 525 1983 licet
546 1952 788 1991 suspensionis,
807 1952 976 1982 interdicti
994 1956 1024 1981 et
1042 1952 1307 1981 excommunica-

301 2007 400 2036 tionis
417 2005 593 2035 sententiis
608 2015 626 2034 a
643 2005 726 2035 110116
743 2005 901 2036 memorie
920 2028 939 2034 ..
959 2004 1206 2042 archiepiscopo
1220 2004 1306 2035 Can-

301 2059 461 2089 tuariensi
474 2058 522 2088 vel
539 2059 609 2097 ejus
624 2058 818 2087 auctoritate
834 2058 867 2086 in
881 2057 970 2095 ipsos
985 2061 1040 2087 aut
1053 2066 1165 2086 eorum
1178 2057 1307 2096 aliquos

299 2112 435 2151 prolatis
452 2116 522 2149 post
541 2110 794 2149 appellationem
812 2110 850 2139 ad
869 2119 927 2139 nos
943 2110 1185 2148 interpositam,
1203 2115 1234 2140 et
1250 2119 1308 2148 per

299 2164 600 2204 Ca11tuaricn[sem]
625 2164 793 2193 civitatem
816 2168 845 2193 et
872 2163 1030 2193 diocesim
1054 2167 1085 2193 et
1109 2167 1207 2193 totam
1232 2172 1306 2201 pro-

300 2219 443 2248 vinciam
464 2217 654 2256 publicatis,
672 2226 770 2254 super
789 2217 910 2255 quibus
927 2217 983 2246 diu
1002 2221 1050 2246 est
1067 2217 1190 2254 agitata
1208 2225 1307 2255 ques-

300 2272 344 2301 tio
361 2280 469 2301 coram
490 2271 596 2305 nobis,
617 2279 651 2299 se
670 2270 775 2299 teneri
797 2279 862 2299 11011
880 2269 1014 2299 credant
1032 2279 1037 2297 :
1057 2278 1097 2299 ne
1116 2274 1235 2304 tamen,
1253 2278 1307 2299 oc—

298 2324 707 2362 61151006111111“0111,11151115
718 2323 856 2353 ecclesie
867 2323 969 2361 possit
981 2323 1136 2361 impediri
1150 2323 1305 2361 provisio,

300 2384 329 2408 et
348 2387 386 2408 ne
401 2386 501 2416 penes
518 2377 609 2406 illam
628 2376 774 2406 fidelium
793 2376 921 2405 devotio
936 2376 1116 2406 minuatur.
1135 2385 1233 2414 super
1246 2376 1306 2405 hoc

300 2437 364 2461 111111
381 2432 428 2461 eis
447 2440 544 2469 quam
566 2430 697 2460 clericis
720 2434 750 2459 et
769 2429 993 2459 familiaribus
1014 2438 1138 2458 eorum.
1158 2438 1216 2459 560
1233 2430 1307 2468 qui-

299 2485 443 2514 buslibet
458 2484 542 2519 aliis,
563 2484 597 2512 in
618 2492 710 2522 quos.
729 2483 875 2521 ipsorum
893 2487 1053 2521 pretextu,
1072 2482 1156 2512 dicte
1173 2488 1307 2512 senten-

300 2538 342 2567 tie
359 2537 566 2575 promulgate
585 2537 751 2570 dicuutur,
771 2535 942 2574 providere
955 2535 992 2565 de
1012 2535 1306 2573 circumspectione

300 2591 395 2619 solita
410 2599 613 2620 curaremus.
637 2590 705 2619 Nos
725 2589 848 2628 itaque,
865 2589 1027 2618 dictorum
1047 2588 1183 2627 capituli
1200 2588 1306 2626 preci-

299 2643 359 2672 bus
376 2642 539 2677 inclinati,
558 2642 753 2671 mandamus
777 2646 953 2680 quatenus,
973 2641 1104 2671 easdem
1123 2641 1306 2671 sententias

332 2763 350 2785 1.
372 2762 510 2792 Quelques
525 2766 594 2784 rnots
611 2761 644 2784 dc
659 2765 728 2784 cette
742 2761 831 2784 butte:
847 2770 857 2783 (1
870 2761 1020 2791 Originarii
1037 2761 1196 2784 monasterii
1213 2761 1306 2789 vestri,

298 2814 367 2837 quos
384 2808 512 2829 homines
527 2808 559 2828 tte
575 2813 690 2834 corpore
709 2806 795 2835 patria
811 2806 918 2828 censuit
935 2805 1114 2836 appellandos
1125 2814 1148 2835 n,
1161 2809 1223 2829 sont
1239 2805 1306 2828 cites

298 2859 346 2881 par
363 2851 403 2874 Du
421 2850 526 2878 Officii,
542 2857 575 2872 au
594 2853 647 2872 mot
666 2851 800 2872 Homines
817 2851 850 2872 de
869 2857 984 2878 corpore
1000 2851 1060 2879 (sub
1077 2850 1185 2879 Homo),
1200 2849 1306 2880 d'apres

297 2897 436 2919 l'Hisloire
453 2896 514 2918 dv...
529 2897 709 2918 Nouae-Darne
727 2897 759 2917 de
773 2896 914 2923 Soissons,
929 2895 962 2918 de
976 2895 1038 2918 dom
1051 2894 1148 2918 Mtctiet
1164 2894 1305 2924 ΟΕΒΜΑΙΝ,

297 2948 325 2971 p.
341 2940 394 2964 451.

1388 327 1427 356 ad
1442 328 1604 358 cautelam
1617 330 1710 369 Juxta
1727 331 1866 361 formam
1884 332 2029 362 Ecclesie
2046 333 2242 368 relaxantes
2265 335 2292 364 si
2309 336 2394 366 forte

1387 379 1451 418 ipsi
1468 385 1498 410 et
1517 382 1635 419 prefati
1650 382 1762 412 clerici
1779 383 1923 422 aliquam
1940 394 1997 423 pro
2012 394 2049 415 eo
2065 391 2297 417 contraxerunt
2314 388 2394 418 irre-

1388 432 1574 470 gularitatis
1599 440 1719 471 notam,
1738 437 1834 475 quod,
1854 437 1892 467 de
1905 437 2123 476 appellatione
2139 440 2266 475 confisi,
2280 440 2397 470 divina

1388 491 1458 524 post
1474 487 1650 525 jamdictas
1669 490 1853 519 sententias
1872 489 2090 526 celebrarunt,
2117 500 2190 521 cum
2213 493 2295 530 ipsis
2315 502 2397 523 auc-

1390 540 1519 570 toritate
1536 541 1716 579 apostolica
1733 542 1943 580 dispensetis,
1962 543 2093 574 eosdem
2110 549 2141 574 et
2157 545 2340 576 familiares
2356 555 2395 576 ac

1389 591 1471 622 alios
1497 599 1694 624 memoratos
1722 595 1890 625 absolutos
1920 595 2159 626 nichilominus
2187 598 2395 635 nuntiantes,

1388 645 1456 674 illis
1476 647 1630 677 omnibus
1652 648 1795 677 adeundi
1815 648 1919 678 libere
1941 649 2062 679 dictam
2085 650 2270 685 ecclesiam,
2290 651 2398 681 licen-

1390 697 1467 726 tiam
1485 700 1703 735 concedendo,
1724 701 1780 739 qui
1797 701 1968 739 adipeam,
1986 706 2135 739 pretextu
2153 704 2396 733 sententiarum

1389 749 1591 789 hujusmodi,
1613 762 1678 783 non
1702 746 1872 784 accedunt.
1893 754 2054 784 Volumus
2079 758 2187 785 tamen
2210 760 2245 786 ut
2266 756 2397 786 nullum

1390 808 1521 842 propter
1536 804 1596 835 hoc
1614 806 1726 836 futuro
1746 807 1980 838 Cantuariensi
2004 808 2151 846 pontifici
2177 809 2397 848 prejudicium

1386 862 1576 895 generetur.
1604 859 1757 889 Ceterum
1785 861 1911 898 prefato
1937 860 2081 899 capitulo
2105 862 2268 891 nuntietis
2296 863 2396 901 quod,

1390 915 1564 949 postquam
1581 911 1700 941 dictam
1718 912 1953 943 relaxationem
1971 914 2097 943 fuerint
2115 915 2295 950 consecuti,
2314 920 2400 945 tem-

1390 973 1450 1002 pus
1467 964 1515 993 eis
1532 964 1649 1002 incipit
1664 974 1796 995 currere
1811 966 1845 994 10
1865 965 2083 996 electionibus
2101 976 2118 996 a
2136 976 2261 997 canone
2278 968 2400 998 diffini—

1390 1021 1470 1046 tum.
1487 1018 1560 1047 Non
1580 1017 1731 1048 obstante
1743 1019 1980 1049 constitut-ione
1994 1019 2033 1049 de
2049 1020 2177 1050 duabus
2193 1021 2291 1051 dietis
2307 1023 2399 1059 [etc.,

1391 1079 1495 1108 usquc
1515 1069 1535 1109 z]
1554 1070 1600 1100 ita
1618 1071 1705 1109 quod
1723 1071 1810 1101 ultra
1835 1072 1964 1101 tertiam
1987 1072 2037 1102 vel
2063 1078 2214 1111 quartam
2235 1074 2320 1113 [etc.,
2341 1084 2400 1105 us·-

1391 1132 1453 1162 que
1472 1123 1492 1162 z]
1511 1132 1575 1153 non
1595 1124 1757 1154 trahatur.
1775 1125 1866 1161 Quod
1884 1125 1912 1154 si
1936 1134 1998 1155 non
2023 1134 2137 1156 omnes
2159 1132 2218 1157 etc.
2244 1128 2316 1158 Dat.
2335 1129 2402 1158 La-

1390 1176 1509 1211 terani,
1528 1177 1559 1206 II
1579 1185 1683 1207 nonas
1699 1177 1820 1214 martii,
1841 1186 1928 1208 anno
1944 1179 2202 1217 quartodecimo.
2220 1193 2232 1207 n

1460 1383 1576 1411 538⁷

1426 1446 1554 1478 Decano,
1575 1447 1784 1473 archidiacono
1805 1450 1833 1473 et
1855 1448 2032 1474 cancellario
2049 1448 2152 1475 Sancti
2174 1449 2260 1476 Pauli
2280 1450 2401 1476 Londo-

1391 1494 1502 1521 niensis
1520 1495 1641 1521 mandat
1657 1498 1801 1528 quatenus
1820 1504 1906 1530 super
1926 1496 2062 1523 articulis
2081 1505 2168 1531 super
2189 1497 2294 1531 quibus
2310 1506 2400 1525 eausa

1390 1543 1468 1569 inter
1491 1551 1584 1577 nuper
1609 1543 1782 1570 defunctum
1806 1544 2062 1579 archiepiscopum
2084 1545 2340 1579 Cantuariensem,
2361 1555 2399 1573 ex

1390 1600 1449 1618 una
1463 1596 1554 1626 parte,
1570 1595 1597 1619 et
1617 1593 1781 1626 capitulum
1803 1593 2026 1624 Cantuarimse,
2046 1602 2080 1620 ex
2096 1595 2200 1627 altera,
2216 1595 2401 1628 vertebatur,

1391 1644 1479 1668 testes
1495 1650 1578 1668 senes
1595 1645 1622 1668 et
1640 1642 1886 1675 valetudinarios,
1904 1646 1932 1669 et
1947 1643 2020 1669 alios
2039 1643 2074 1669 de
2092 1652 2214 1677 quorum
2240 1647 2332 1671 morte
2350 1645 2399 1671 vel

1391 1690 1525 1717 absentia
1545 1690 1687 1717 diuturna
1712 1691 1863 1723 timeatur,
1890 1691 1939 1725 qui
1968 1691 2040 1725 ipsis
2064 1700 2081 1718 a
2104 1692 2254 1726 praedicto
2269 1693 2403 1726 capitulo

1391 1739 1538 1765 nominati
1556 1739 1677 1770 fuerint,
1692 1739 1839 1773 recipiant
1853 1741 1881 1766 et
1894 1740 2077 1772 examinent,
2092 1749 2251 1774 eorumque
2268 1741 2349 1768 dicta
2367 1741 2401 1768 in

1391 1787 1510 1821 publica
1527 1787 1728 1814 instrumenta
1749 1788 1841 1821 redigi
1865 1788 1990 1820 faciant;
2008 1789 2125 1823 proviso
2141 1792 2173 1815 ut
2188 1789 2400 1816 archidiacono

1391 1836 1616 1869 Cantuariensi,
1645 1836 1711 1870 qui,
1742 1837 1818 1863 sicut
1843 1837 2037 1870 asserebatur,
2063 1838 2143 1864 vices
2171 1838 2402 1873 archiepiscopi,

1391 1888 1522 1919 tempore
1538 1885 1715 1918 vacationis,
1733 1886 1861 1920 gerebat,
1879 1887 1926 1913 vel
1943 1887 1995 1913 alii
2010 1887 2045 1913 ad
2062 1896 2147 1921 quem
2166 1887 2195 1914 id
2211 1887 2320 1922 dejure
2336 1896 2401 1922 per—

1391 1934 1485 1960 tinere
1502 1937 1648 1966 noscatur,
1667 1935 1806 1962 nuntient
1822 1938 1854 1962 ut
1868 1936 2029 1970 receptioni
2046 1936 2179 1968 testium,
2195 1937 2219 1964 si
2235 1937 2340 1969 velint,
2354 1937 2402 1964 in-

1391 1983 1511 2015 tersint3
1533 1991 1619 2017 super
1635 1983 1862 2010 denuntiatione
1884 1984 1926 2011 sic
1949 1985 2027 2011 facta
2049 1985 2106 2019 ipsi
2126 1985 2255 2012 decanus
2278 1986 2403 2020 ejusque

1390 2032 1518 2065 collegae
1534 2031 1766 2058 instrumentum
1784 2032 1936 2066 publicum
1951 2033 2054 2059 confici
2071 2033 2192 2060 faciant.
2209 2048 2241 2051 —
2253 2034 2340 2065 (Rae.
2352 2033 2402 2066 20,

1390 2082 1410 2107 f.
1427 2080 1462 2107 40
1477 2084 1514 2113 r⁰;
1531 2089 1601 2107 ann.
1619 2080 1701 2113 XIV,
1719 2089 1743 2107 6.
1758 2081 1832 2112 238.)

1991 1384 2111 1418 Latran,
2126 1386 2141 1412 6
2156 1395 2232 1413 mars
2246 1386 2325 1413 1241.

1432 2202 1444 2216 «
1466 2213 1484 2218 ..
1500 2190 1620 2223 decano,
1642 2212 1662 2218 ..
1680 2190 1897 2219 archidiacono
1913 2195 1938 2219 et
1957 2212 1976 2218 ..
1991 2191 2174 2220 cancellario
2189 2191 2293 2221 Sancti
2306 2192 2402 2221 Pauli

1389 2244 1618 2272 Londonz‘ensis.
1636 2242 1718 2273 Cum
1736 2252 1835 2281 super
1848 2252 1948 2272 causa
1963 2252 2025 2281 que
2039 2243 2126 2274 inter
2143 2244 2226 2274 bone
2239 2245 2402 2276 memorie

1390 2320 1412 2325 ..
1431 2296 1727 2334 archiepiscopum,
1751 2305 1786 2325 ex
1805 2305 1871 2325 una
1888 2301 1989 2334 parte,
2008 2301 2038 2326 et
2055 2297 2236 2335 capitulum
2253 2297 2401 2328 Cantua-

1390 2349 1555 2386 rien[ses],
1583 2358 1620 2378 ex
1642 2348 1759 2383 altera,
1786 2358 1896 2378 coram
1920 2349 2103 2379 venerabili
2124 2351 2226 2380 fratre
2245 2355 2357 2381 nostro
2378 2375 2401 2380 .-

1389 2402 1537 2431 Ostiensi
1554 2401 1718 2440 episcopo,
1739 2411 1757 2431 11
1778 2402 1873 2431 nobis
1895 2402 2043 2432 auditore
2062 2412 2217 2433 concesso
2236 2404 2401 2442 partibus,

1390 2464 1488 2493 super
1515 2455 1656 2485 diversis
1685 2455 1835 2485 articulis
1861 2464 1942 2494 quos
1968 2455 2060 2486 vobis
2086 2457 2146 2486 sul]
2172 2457 2262 2486 bulla
2287 2462 2404 2488 nostra

1390 2508 1588 2538 interclusos
1613 2508 1787 2543 mittimus,
1808 2508 2008 2544 vertebatur,
2027 2509 2083 2538 diu
2102 2510 2203 2540 fuerit
2218 2509 2398 2548 litigatum,

1391 2565 1432 2595 et,
1451 2565 1581 2598 propter
1598 2561 1839 2590 contumaciam
1853 2562 2064 2592 manifestam
2078 2563 2300 2600 procuratoris
2315 2564 2401 2603 ejus-

1390 2613 1463 2643 dem
1476 2614 1731 2652 archiepiscopi,
1751 2614 1790 2644 ad
1806 2614 1875 2644 litis
1892 2615 2165 2645 contestationem
2178 2625 2242 2646 non
2255 2617 2403 2655 potuerit

1389 2668 1557 2705 perveniri
1576 2677 1581 2696 :
1601 2668 1665 2697 suit
1688 2667 1783 2697 nobis
1806 2677 1843 2697 ex
1861 2673 1953 2706 parte
1974 2668 2053 2698 dicti
2075 2669 2211 2707 capituli
2232 2670 2402 2709 supplica-

1391 2724 1459 2749 tum
1476 2725 1521 2754 ut,
1540 2729 1614 2749 cum
1631 2721 1664 2749 in
1682 2720 1873 2760 hujusmodi
1890 2720 2048 2751 dilatione
2065 2722 2189 2759 negotii
2206 2723 2340 2761 quidam
2359 2723 2401 2754 de

1389 2772 1532 2811 capitulo
1548 2773 1620 2811 ipso
1638 2773 1852 2808 decesserint,
1871 2783 2011 2812 quorum
2030 2774 2257 2804 testimonium
2277 2776 2324 2806 eis
2341 2785 2401 2806 su-

1389 2835 1445 2864 per
1467 2826 1538 2864 ipsa
1557 2835 1657 2855 causa
1676 2826 1959 2865 quamplurimum
1978 2828 2203 2857 necessarium
2223 2829 2393 2865 existebat,

1390 2888 1429 2908 ne
1446 2878 1538 2916 ipsis,
1560 2887 1618 2916 pro
1635 2879 1765 2909 defectu
1783 2879 1928 2915 testium,
1947 2879 2129 2910 occultetur
2141 2881 2263 2911 veritas
2280 2886 2311 2912 et
2326 2891 2400 2920 pro-

1388 2931 1559 2960 bationum
1582 2931 1675 2970 copia
1697 2931 1922 2967 subtrahatur,
1949 2941 2048 2970 super
2068 2932 2129 2962 1106
2155 2933 2202 2963 615
2224 2934 2400 2972 providere
