2553 3526
305 296 359 324 453
1030 286 1268 318 REGlsTREs
1292 284 1346 313 DE
1370 278 1592 314 GREGOIRE
1616 285 1672 313 lx.
2344 284 2400 313 456

304 361 523 400 predictorum
553 358 710 387 lais-orum
743 357 953 395 acquirentes
981 354 1135 384 manibus
1169 357 1199 381 et
1228 351 1311 381 alias

305 415 404 444 etiam
434 416 642 450 usurpantes,
677 420 731 439 eas
756 409 924 447 jamdictis
955 407 1105 437 ecclesiis
1137 405 1311 435 restituere

307 465 547 495 contradicunt.
575 463 726 501 quamvis
756 461 994 499 prescriptione
1024 459 1073 488 vel
1099 458 1164 487 alia
1195 465 1311 493 excep—

307 520 394 547 tione
423 517 570 553 legitima
600 524 662 544 non
688 514 817 543 valcant
844 522 877 542 se
906 512 1005 543 tueri:
1029 520 1127 548 super
1151 519 1215 548 qno
1238 517 1312 537 cum

305 576 417 601 contra
435 570 509 598 illos
526 569 625 598 iidem
651 568 750 597 abbas
775 571 804 595 et
825 571 1006 595 conventus
1028 567 1205 602 nequeant.
1227 562 1313 591 sicut

308 628 472 653 asserunt.
495 621 638 656 litigant·v
659 619 830 648 subveniri
851 618 914 647 sibi
941 627 997 655 per
1014 617 1130 646 Sedem
1147 614 1313 652 Apostoli-

307 686 377 705 cam
396 675 571 713 p··u·=1·1111t.
592 672 748 701 Vol-›ntes
771 671 883 706 igitur.
903 675 997 707 prout
1017 679 1052 699 ex
1078 668 1184 697 officio
1203 671 1313 696 nostro

307 735 465 758 tent-mur.
480 725 694 755 ecclesiarum
712 722 1010 760 indempnitatibus
1028 729 1212 758 precavere,
1225 728 1313 748 man-

307 782 422 810 damus
443 784 606 817 quatenus
631 778 817 806 tbftentcwes
841 774 1031 813 hujusmodi
1053 774 1256 803 decimarum
1280 776 1315 800 ut

308 833 457 863 ecclesiis
481 831 519 860 ad
548 840 629 869 quas
661 834 820 867 spectant.
847 828 1061 857 restituentes
1095 826 1142 855 eis
1172 825 1314 862 pretium

309 886 394 924 quod
413 885 583 917 cuderunt,
604 883 748 912 decimas
765 881 854 919 ipsas
872 880 975 909 libere
998 879 1189 917 permittant
1210 877 1316 915 perci-

309 948 395 977 pere,
415 937 596 966 monitione
619 935 792 974 premissa,
817 933 1012 963 auctoritate
1039 937 1161 965 nostra,
1187 930 1316 960 sublato

309 990 540 1029 appellationis
553 988 799 1027 impedimento.
816 986 928 1024 previa
941 986 1077 1014 ratione.
1091 984 1232 1021 cogatis,
1252 991 1316 1012 non

309 1045 459 1074 obstante
477 1042 562 1080 quod
579 1041 712 1080 quidam
731 1040 857 1078 priores
873 1044 903 1068 et
916 1037 1068 1067 monachi
1086 1037 1172 1066 dicto
1189 1044 1318 1065 monas-

310 1097 393 1126 terio
418 1095 513 1134 pleno
538 1095 611 1133 jure
634 1093 771 1131 subjecti
799 1091 923 1130 absque
949 1090 1110 1119 dictorum
1135 1089 1264 1118 abbatis
1288 1092 1319 1117 et

310 1154 491 1179 conventus
516 1156 654 1177 assensu
680 1154 778 1183 super
801 1144 866 1173 hiis
894 1143 1150 1181 compositiones
1177 1146 1317 1171 temera-

312 1203 390 1231 rias.
409 1202 443 1230 in
464 1210 561 1236 ¹erare
582 1199 688 1237 ipsius
710 1196 903 1227 monasterii
923 1195 1143 1234 prejudicium
1165 1199 1195 1224 et
1211 1195 1320 1232 Jactu-

313 1264 391 1284 ram.
412 1263 485 1283 cum
503 1253 640 1291 prefatis
657 1250 884 1281 detentoribus
901 1249 1062 1281 inierunt,
1081 1256 1140 1277 nec
1157 1246 1319 1276 obstanti-

312 1307 372 1336 bus
391 1306 559 1344 aliquibus
572 1304 691 1334 litteris
706 1303 837 1332 veritati
851 1301 1020 1339 etjustitie
1035 1299 1319 1338 prejudicantibus

317 1369 335 1389 a
365 1359 446 1389 Sede
480 1357 667 1396 Apostolica
701 1355 903 1393 impetratis.
934 1358 989 1383 aut
1017 1352 1254 1382 constitutione
1282 1352 1320 1381 de

312 1413 440 1442 duabus
465 1411 563 1441 dietis
594 1410 682 1439 edita
712 1409 744 1438 in
779 1407 920 1437 concilio
950 1406 1114 1444 generali,
1145 1405 1321 1434 dummodo

313 1466 400 1495 ultra
417 1465 546 1494 tertiam
567 1463 617 1493 vel
637 1467 788 1500 quartam
812 1466 902 1490 extra
921 1469 1014 1489 suam
1031 1459 1189 1488 diocesim
1209 1462 1321 1487 aucto-

314 1519 411 1547 ritate
436 1516 640 1555 presentium
667 1514 770 1553 aliqui
795 1522 858 1543 non
884 1512 1067 1542 trahantur.
1093 1511 1185 1547 Quod
1207 1511 1235 1539 si
1257 1519 1321 1539 non

315 1580 429 1601 omnes
447 1574 505 1599 etc.
527 1570 600 1598 Dat.
622 1567 788 1597 Laterani.
807 1567 873 1596 IIII
890 1565 965 1594 idus
980 1564 1106 1602 aprilis,
1125 1573 1211 1593 anno
1224 1563 1322 1601 quin-

319 1624 491 1653 todecimo.
514 1635 525 1647 υ

384 1806 500 1835 5962

352 1869 510 1903 Episcopo,
539 1868 649 1893 decano
677 1870 704 1893 et
739 1867 869 1900 capitulo
892 1864 1186 1892 Autisiodorensibus
1217 1865 1323 1891 iterum

318 1918 437 1945 mandat
464 1920 608 1950 quatenus
633 1915 812 1943 Joczelinum
840 1915 875 1941 (le
894 1915 1091 1945 Blankel'ort.,
1116 1913 1209 1947 ipsius
1235 1921 1326 1947 papae

914 1804 1034 1835 Latran,
1049 1803 1064 1829 9
1080 1803 1157 1828 avril
1174 1802 1251 1828 1241.

318 1967 544 1996 subdiaconum,
561 1965 736 1991 canonicum
758 1963 984 1993 Nivernensem,
1004 1963 1033 1989 in
1053 1964 1171 1988 fratrem
1191 1964 1219 1987 et
1240 1969 1327 1987 cano-

319 2016 417 2042 nicum
443 2015 606 2041 admittant
627 2013 711 2046 eique
733 2012 929 2046 praebendam
955 2013 1122 2041 c‹›1]t‘erant;
1147 2011 1222 2044 quod
1246 2010 1268 2036 si
1292 2010 1328 2035 de

318 2066 381 2098 jure
409 2073 459 2089 ><uu
485 2063 653 2089 confidunt.
686 2070 735 2095 per
760 2061 897 2087 idoneum
928 2062 1143 2093 procurat-›1¹e1n
1168 2059 1328 2092 apostolico

319 2112 487 2146 conspectui
506 2121 534 2135 >w
552 2113 749 2144 praesentent,
769 2109 911 2135 ostenturi
930 2109 1120 2142 quamobrem
1138 2108 1167 2133 id
1191 2107 1252 2133 fieri
1272 2115 1327 2133 non

321 2161 425 2187 debeat
442 2161 488 2185 vel
505 2162 639 2192 iwqmzat.
659 2174 690 2175 j
707 2159 793 2189 (Hae.
819 2158 863 2189 20,
889 2159 908 2183 ι’.
934 2157 966 2183 64
993 2161 1035 2187 v¹²;
1057 2165 1126 2182 ann.
1152 2157 1219 2185 XV.
1236 2165 1260 2182 c.
1279 2155 1327 2186 11;

324 2224 354 2227 μ
370 2209 501 2235 MOREAL'
520 2207 597 2234 1193.
617 2208 635 2232 l'.
654 2206 728 2236 260.)

363 2323 374 2335 «ι
406 2333 424 2337 ..
454 2310 596 2345 episcopo.
625 2331 641 2335 ..
670 2308 782 2335 decano
809 2313 834 2335 et
861 2308 994 2343 capitulo
1021 2306 1328 2334 ,4ntisiodorensz'lms.

326 2362 541 2391 Attendcntes
554 2360 631 2389 olim
643 2360 763 2389 donum
775 2359 925 2389 scientie,
940 2359 1147 2387 honestatem
1162 2367 1288 2387 morum
1302 2362 1332 2387 et

325 2414 532 2444 nobilitatem
551 2413 682 2449 generis
700 2421 798 2449 super
813 2411 934 2449 quibus
952 2410 1070 2440 dilecto
1083 2410 1150 2439 filio
1166 2410 1333 2440 Joczelino

325 2468 363 2497 de
376 2466 592 2496 Blankel'ort..
603 2465 805 2494 subdiacono
816 2468 939 2493 nostro.
949 2463 1107 2492 canonico
1118 2462 1332 2496 Nivernensi,

327 2519 550 2549 testimonium
579 2517 744 2547 laudabile
769 2516 972 2554 perhibetur,
1000 2515 1092 2544 vobis
1121 2524 1233 2553 preces
1260 2524 1334 2553 por-

327 2573 470 2602 reximus
493 2575 522 2600 et
541 2571 743 2599 mandatum.
763 2575 797 2599 ut
817 2569 936 2607 ipsum,
956 2577 1019 2597 non
1038 2568 1189 2597 obstante
1213 2572 1336 2597 statuto

328 2625 366 2654 de
391 2628 478 2654 certo
509 2623 743 2652 canonicorum
774 2631 919 2655 numero,
949 2621 1138 2660 juramento
1167 2630 1224 2650 seu
1253 2630 1335 2659 qua-

329 2686 469 2714 cumque
501 2676 566 2704 alia
592 2675 746 2704 firmitate
775 2674 910 2706 vallato,
943 2673 991 2703 vel
1024 2674 1051 2702 si
1080 2678 1167 2703 esset
1194 2673 1269 2703 aliis
1298 2674 1336 2703 de

329 2729 482 2758 mandato
500 2733 610 2757 nostro
628 2728 661 2756 in
674 2727 814 2757 ccclesia
826 2732 935 2757 vestra
951 2727 1131 2764 provisum,
1146 2726 1338 2764 reciperetis

329 2783 362 2811 in
382 2782 578 2811 canonicum
598 2786 628 2810 et
648 2781 681 2810 in
701 2782 846 2815 fratrem,
870 2781 966 2818 eique
984 2780 1195 2817 prebendam,
1215 2780 1242 2809 si
1261 2784 1338 2809 tunc

332 2835 465 2864 vacabat
495 2834 629 2866 ibidem,
658 2834 708 2863 vel
735 2842 833 2871 quam
863 2834 927 2862 cito
958 2842 992 2863 se
1020 2832 1160 2862 facultas
1193 2833 1337 2868 offerret,

330 2887 512 2917 liberaliter
529 2886 734 2921 conseri-ctis,
757 2909 776 2914 ..
798 2885 1030 2915 archidiacono
1049 2885 1340 2915 Graciacensisibi

332 2950 430 2978 super
447 2940 505 2969 hoc
523 2939 684 2968 monitore
707 2947 875 2973 concesso,
894 2938 989 2967 nobis
1011 2937 1249 2967 nichilominus
1267 2947 1340 2976 pre-

1394 349 1534 378 bendam
1552 350 1657 387 primo
1676 350 1710 379 in
1728 351 1799 388 ipsa
1816 350 1956 380 ecclesia
1968 354 2156 380 vacaturam
2173 355 2283 380 nostre
2298 350 2401 380 dona-

1395 402 1477 431 tioni
1508 403 1719 432 servantibus
1752 403 1858 432 eidem
1888 403 2046 431 canonico
2081 402 2330 438 conferendam,
2365 411 2401 432 ac

1395 455 1650 484 decernentibus
1667 455 1800 484 irritum
1818 459 1848 484 et
1865 455 1977 490 inane,
1996 455 2023 484 si
2046 455 2125 493 quid
2142 455 2180 484 de
2197 455 2269 493 ipsa
2288 459 2401 485 contra

1395 509 1585 537 mandatum
1610 513 1758 537 nostrum
1784 508 1991 545 contingeret
2014 508 2214 545 attemptari.
2243 508 2307 537 Sed
2332 516 2400 542 vos,

1396 566 1460 590 tarn
1481 561 1633 599 precibus
1651 565 1681 591 et
1702 560 1867 590 mandatis
1884 558 2007 589 no'stris
2024 569 2122 598 quam
2139 560 2244 597 ipsius
2262 561 2403 590 monito-

1396 615 1442 644 ris
1468 615 1603 644 monitis
1634 615 1766 652 penitus
1789 614 1971 648 obauditis,
1999 623 2199 652 quamquam
2226 619 2275 648 tu,
2302 614 2404 644 frater

1397 668 1558 705 episcope,
1581 668 1662 697 duas
1684 667 1867 705 prebendas
1887 671 2041 696 vacantes
2060 667 2266 704 postmodum
2288 671 2404 696 contu-

1396 720 1505 754 lisses,
1526 720 1612 758 quod
1636 720 1878 754 mandavimus,
1904 720 2031 749 efficere
2057 728 2120 748 non
2144 719 2297 753 curastis,
2318 719 2404 748 sicut

1396 773 1483 802 idem
1501 773 1681 802 canonicus
1698 773 1731 801 in
1750 778 1862 802 nostra
1880 773 2049 811 proposuit
2066 773 2233 810 presentia
2244 773 2406 803 constitu-

1398 831 1450 855 tus
1467 831 1498 855 et
1520 825 1667 863 ejusdem
1687 825 1861 854 monitoris
1883 825 1992 854 littere
2013 825 2108 854 nobis
2132 824 2278 854 exhibite
2300 825 2406 854 conti-

1399 878 1532 908 nebant..
1552 879 1600 911 Et,
1619 884 1655 908 ut
1672 879 1780 916 ipsum
1801 878 1987 915 fatigaretis
2005 877 2175 907 laboribus
2199 882 2229 907 et
2253 878 2406 916 expensis

1399 941 1434 961 ac
1452 932 1556 969 gratie
1574 936 1684 961 nostre
1697 931 1902 969 impediretis
1919 931 2083 961 effectum.
2102 931 2260 970 quasdam
2278 941 2296 960 a
2312 931 2407 961 nobis

1399 986 1439 1015 ad
1472 984 1695 1014 venerabilem
1723 985 1859 1014 fratrem
1891 989 2039 1014 nostrum
2073 1008 2090 1013 ..
2123 984 2408 1022 archiepiscopum

1400 1039 1626 1069 Senonensem
1650 1042 1764 1066 contra
1781 1046 1855 1066 eum
1876 1037 2027 1066 dicimini
2044 1037 2172 1067 litteras
2190 1037 2406 1074 impetrasse3

1401 1100 1539 1130 quarum
1558 1091 1753 1120 auctoritate
1770 1099 1844 1119 cum
1861 1090 1968 1119 dictus
1983 1090 2251 1128 archiepiscopus
2269 1090 2410 1120 eundem

1401 1150 1436 1174 ut
1462 1143 1682 1182 personaliter
1710 1143 1749 1172 ad
1775 1144 1977 1181 presentiam
2001 1152 2094 1173 suam
2122 1144 2302 1178 accederet,
2329 1144 2410 1174 cita-

1402 1198 1514 1230 visset,
1534 1197 1615 1234 ipse,
1634 1196 1849 1226 considerans
1866 1196 1953 1234 quod
1971 1206 2008 1226 ex
2030 1196 2090 1226 hoc
2108 1205 2172 1226 non
2191 1196 2256 1226 nisi
2273 1196 2365 1226 labor
2381 1201 2411 1226 et

1402 1250 1493 1279 dolor
1514 1249 1735 1279 imminebant
1758 1249 1878 1282 eidem,
1904 1249 2077 1288 interjecto
2098 1248 2330 1287 appellationis
2353 1250 2416 1291 Ob:

1403 1303 1540 1335 staffilo,
1556 1302 1648 1331 duxit
1665 1302 1704 1331 ad
1723 1302 1910 1339 Apostolice
1928 1302 2023 1332 Sedis
2040 1302 2280 1340 providentiam
2301 1312 2412 1332 recur-

1403 1355 1553 1385 rendum.
1574 1354 1668 1383 nobis
1682 1354 1855 1383 humiliter
1871 1354 2059 1392 supplicans
2072 1359 2107 1383 ut
2123 1354 2221 1384 finem
2237 1355 2307 1384 suis
2324 1354 2412 1384 labo-

1404 1408 1496 1437 ribus
1515 1408 1685 1445 imponere
1709 1416 1913 1441 curaremus,
1932 1407 2084 1436 faciendo
2106 1416 2180 1436 eum
2199 1408 2309 1437 fructu
2328 1408 2413 1437 facte

1405 1461 1469 1491 sibi
1488 1470 1505 1490 a
1524 1461 1619 1490 nobis
1634 1460 1737 1498 gratie
1754 1469 1817 1489 non
1836 1460 1995 1489 fraudari.
2014 1460 2093 1498 Ejus
2114 1461 2226 1498 itaque
2244 1460 2414 1490 laboribus

1406 1519 1437 1544 et
1453 1513 1605 1551 expensis
1630 1517 1765 1551 paterno
1787 1512 2025 1550 compatientes
2047 1513 2178 1545 affectu,
2197 1517 2227 1541 et
2244 1513 2415 1550 cupientes

1405 1570 1441 1596 ut
1458 1570 1571 1595 nostra
1591 1565 1696 1603 gratia
1713 1565 1742 1594 ei
1768 1565 1938 1594 fructuosa
1955 1565 2008 1599 sit,
2035 1574 2100 1594 non
2124 1565 2315 1603 dampnosa.
2339 1565 2416 1594 uni-

1407 1619 1597 1649 versitatem
1616 1622 1759 1647 vestram
1778 1618 1896 1647 iterato
1917 1618 2096 1655 rogandam
2117 1618 2271 1647 duximus
2295 1623 2325 1648 et
2347 1626 2417 1648 mo-

1408 1672 1561 1704 nendam,
1581 1680 1616 1699 ac
1633 1680 1689 1708 per
1707 1670 1887 1708 apostolica
1904 1670 2027 1708 scripta
2045 1670 2185 1700 firmiter
2206 1670 2417 1708 precipiendo

1407 1725 1604 1754 mandamus
1627 1728 1802 1762 quatenus,
1828 1723 1964 1752 directis
1987 1723 2027 1752 ad
2048 1723 2212 1761 prefatum
2235 1723 2418 1761 archiepis-

1408 1787 1524 1815 copum
1552 1777 1673 1806 litteris
1699 1785 1763 1805 non
1787 1776 2010 1806 obstantibus.
2035 1776 2218 1814 predictum
2245 1776 2420 1806 subdiaco-

1410 1840 1499 1861 num.
1515 1831 1608 1868 juxta
1629 1829 1727 1867 primi
1749 1829 1896 1858 mandati
1920 1829 2024 1858 nostri
2051 1834 2208 1863 tenorem,
2227 1829 2262 1858 in
2283 1829 2420 1859 fratrem

1409 1889 1440 1914 et
1457 1883 1653 1913 canonicum
1671 1882 1866 1917 admittatis,
1886 1888 1927 1917 et,
1945 1882 2009 1911 sibi
2026 1882 2228 1920 prebendam
2248 1883 2420 1912 conferen-

1410 1941 1458 1966 tes
1477 1936 1624 1971 eandem,
1647 1936 1847 1973 permittatis
1868 1935 1976 1973 ipsum
1994 1935 2186 1974 hujusmodi
2206 1935 2420 1965 canonicatus

1411 1995 1441 2019 et
1460 1989 1623 2027 prebende
1645 1989 1781 2027 pacifica
1799 1989 2011 2026 possessione
2029 1988 2182 2025 gaudere.
2202 1988 2372 2026 Alioquin,
2393 1989 2422 2018 si

1411 2043 1449 2072 de
1469 2043 1543 2081 jure
1570 2047 1678 2071 vestro
1708 2041 1886 2076 confiditis,
1914 2050 1971 2079 per
1996 2046 2243 2079 procuratorem
2265 2041 2422 2071 idoneum

1413 2101 1525 2125 nostro
1546 2104 1601 2124 vos
1629 2095 1819 2133 conspectui
1846 2094 2054 2132 presentctis.
2077 2094 2241 2124 ostenturi
2265 2102 2366 2132 quare
2389 2093 2423 2122 id

1413 2148 1484 2177 fieri
1503 2157 1566 2177 non
1580 2148 1697 2177 debeat
1713 2147 1764 2177 vel
1781 2156 1845 2176 non
1864 2147 1978 2184 possit.
1992 2147 2059 2176 Nos
2073 2147 2162 2175 enim
2174 2146 2290 2176 damus
2303 2146 2423 2176 dilecto

1412 2201 1513 2230 lilio..
1533 2201 1766 2230 archidiacono
1781 2199 2015 2231 sicaloniensi,
2030 2199 2253 2229 Bituricensis
2267 2199 2420 2235 diocesis,

1414 2254 1537 2283 nostris
1556 2253 1677 2283 litteris
1696 2253 1730 2282 in
1748 2253 1924 2284 mandatis,
1949 2256 1984 2281 ut
2002 2261 2058 2281 vos
2076 2252 2116 2281 ad
2137 2251 2278 2282 alterum
2294 2251 2424 2290 predic-

1415 2311 1532 2337 torum.
1552 2306 1733 2335 monitione
1751 2305 1923 2343 premissa,
1944 2305 1971 2334 si
1994 2314 2076 2342 opus
2099 2305 2210 2339 fuerit,
2229 2304 2424 2334 auctoritate

1416 2364 1539 2393 nostra,
1560 2359 1690 2388 sublato
1713 2358 1945 2397 appellationis
1969 2358 2216 2395 impedimento,
2238 2357 2423 2395 compellat.

1416 2413 1489 2441 Dat.
1508 2412 1674 2442 Laterani.
1691 2413 1720 2442 V
1735 2412 1810 2441 idus
1825 2411 1951 2449 aprilis.
1971 2419 2057 2440 anno
2072 2411 2330 2449 quintodecimo.
2352 2423 2363 2436 »

1489 2590 1606 2618 5863

1454 2651 1629 2678 Abbatissae
1660 2660 1693 2678 ac
1723 2651 1883 2677 conventui
1918 2650 2089 2677 monasterii
2124 2649 2286 2681 Jotrensis,
2317 2649 2429 2676 ordinis

1996 2590 2117 2621 Latran,
2134 2588 2168 2615 10
2183 2588 2260 2614 avril
2278 2589 2356 2615 1241.

1420 2700 1514 2727 sancti
1530 2700 1698 2729 Benedicti.
1717 2700 1881 2726 Meldensis
1895 2699 2047 2731 dioecesis,
2065 2707 2188 2732 quarum
2205 2698 2430 2730 monasterium,

1420 2750 1454 2775 ad
1470 2750 1633 2775 Romanam
1648 2749 1812 2775 Ecclesiam
1828 2749 1909 2774 nullo
1923 2747 2072 2774 mediante
2084 2747 2247 2781 pertinens,
2262 2754 2275 2771 (ι
2288 2754 2322 2772 ex
2335 2746 2431 2779 provi-

1423 2806 1435 2823 »
1457 2798 1538 2824 sione
1561 2798 1744 2831 quorundam
1767 2797 1941 2823 clericorum
1963 2799 1991 2823 et
2011 2796 2098 2822 unius
2120 2795 2266 2829 quondam
2289 2794 2380 2822 Judee
2395 2795 2431 2821 ad

1423 2855 1435 2871 »
1458 2847 1544 2872 fidem
1565 2855 1705 2873 converse
1721 2846 1756 2873 de
1775 2846 1914 2872 mandato
1932 2853 1945 2871 ›>
1967 2844 2126 2879 apostolico
2150 2843 2313 2877 plurimum
2337 2844 2432 2870 fuerat

1423 2898 1590 2928 gravatum,
1606 2895 1741 2927 indulget
1758 2898 1790 2921 ut
1811 2894 1885 2921 nulli
1908 2894 1943 2920 de
1964 2897 2058 2920 cetero
2077 2895 2234 2919 teneantur
2250 2900 2300 2925 per
2315 2894 2431 2925 aposto-

1424 2943 1496 2970 licas
1508 2943 1622 2970 litteras
1638 2943 1803 2977 providere,
1815 2950 1888 2976 quae
1900 2942 1935 2968 de
1952 2941 2098 2976 praesenti
2114 2940 2302 2973 indulgentia
2314 2940 2431 2974 plenam
