2553 3526
191 332 247 362 613
976 329 1190 361 REGISTRE
1212 329 1267 358 DE
1292 322 1500 361 Plinousn.
2229 338 2284 368 514

191 403 225 428 ut
244 408 307 437 que
328 398 413 428 bono
436 402 514 428 suut
535 398 690 427 inchoata
715 397 889 436 principio,
914 396 1058 427 feliciori
1078 405 1198 426 consu-

191 456 323 481 mentur
339 452 469 481 effectu.
487 451 571 487 Quia
588 460 663 480 vero
683 451 849 488 profectus
872 450 962 493 pacis
979 454 1009 479 et
1025 449 1198 479 concordie

191 504 338 534 Ecclesie
365 508 395 534 et
421 504 553 539 Urbis¹,
580 513 662 542 quas
685 504 847 533 Dominus
871 503 1003 532 vinculo
1025 502 1197 531 individue

189 556 340 586 caritatis
358 556 478 591 univit,
497 556 682 586 communis
704 556 832 585 utilitas
854 559 1036 594 reputatur,
1063 555 1198 583 univer-

189 609 282 639 sitati
298 614 407 639 vestre
426 609 580 638 duximus
596 609 818 638 intimandum
836 608 922 646 quod
939 617 1009 642 nos,
1027 607 1198 636 vobiscum

189 670 320 700 semper
337 662 458 700 spiritu
472 667 694 695 remanentes,
710 662 750 691 ad
768 665 876 699 partes
892 660 1072 698 Campanie
1092 660 1199 697 dispo-

189 714 302 744 nimus
323 714 517 752 p1·oficisci²‚
544 718 578 743 ut
604 714 644 744 ad
666 714 836 751 negotium
854 713 956 752 pacis,
984 713 1022 742 ad
1040 712 1197 742 honorem

189 767 252 798 Dei
268 771 299 797 et
318 767 596 806 tranquillitatem
614 767 741 801 mundi,
759 767 904 796 feliciter
922 765 1196 796 consumandum.

188 819 421 858 impendamus
434 829 527 858 opem
540 825 570 849 et
582 828 713 857 operam
725 819 898 854 efficacem,
912 819 1119 848 devotionem
1130 827 1198 847 ves-

189 877 274 902 tram
299 877 472 903 monentes
490 873 525 902 in
548 873 689 903 Domino
710 877 738 903 et
765 873 961 911 propensius
987 872 1198 902 exhortantes

187 926 359 965 quatinus,
377 927 493 956 effusis
507 927 725 961 orationibus,
744 927 829 964 apud
842 928 946 956 Deum
958 926 1108 956 devotius
1121 935 1197 963 sup-

188 977 319 1016 plicetis
334 982 381 1013 ut,
399 987 478 1016 pace
499 978 646 1008 Ecclesie
667 979 804 1013 reddita,
829 978 1010 1016 tranquilla
1028 978 1196 1007 vobiscum

190 1039 322 1069 semper
341 1031 516 1061 devotione
534 1031 687 1061 letemur.
712 1033 784 1061 Dat.
804 1031 890 1069 apud
906 1031 1064 1070 Cryptam
1080 1031 1197 1061 Ferra-

189 1087 268 1119 tam‚
289 1084 374 1114 XIII
389 1083 550 1114 kalendas
568 1084 712 1122 augusti.
733 1096 745 1109 n

224 1198 337 1224 8129.
355 1212 386 1215 —
403 1197 436 1224 In
454 1197 581 1224 eundem
599 1197 718 1224 modum
737 1198 885 1223 rectoribus
901 1197 1090 1229 fraternitatis
1108 1197 1195 1223 Urbis.

258 1359 376 1387 (3¹80
780 1359 899 1390 Latran,
917 1358 950 1384 19
965 1358 1028 1391 juin
1047 1358 1125 1384 1233.

226 1421 369 1449 Potestati
387 1424 415 1448 et
432 1422 538 1455 populo
554 1421 794 1447 viterbiensibus
810 1420 913 1447 scribit
929 1429 934 1446 :
953 1428 965 1445 (‹
979 1420 1053 1447 Cum
1071 1421 1197 1446 Romani

187 1478 202 1496 n
223 1480 240 1498 a
254 1470 339 1497 vobis
355 1470 497 1504 petierint
513 1470 723 1503 vassallagium
743 1469 889 1498 renovari,
906 1472 934 1495 et
952 1470 1066 1495 nullum
1085 1470 1198 1495 vassal-

188 1526 202 1545 >1
223 1518 334 1553 lagium
351 1519 401 1545 sed
422 1519 483 1545 sola
503 1518 631 1545 fidelitas
652 1518 775 1552 prestita.
795 1518 833 1544 sit
849 1526 864 1544 a
881 1518 974 1548 vobis,
992 1526 1027 1544 ne
1042 1526 1129 1551 super
1146 1519 1198 1543 lioc

189 1575 202 1593 n
223 1568 323 1599 valeat
337 1567 480 1599 dubitari,
499 1575 548 1600 per
567 1567 778 1599 vassallagium
802 1566 974 1593 fidelitatem
998 1566 1127 1600 intelligi
1148 1567 1198 1592 [le-

188 1623 203 1641 »
224 1616 382 1643 claramus.
405 1616 441 1642 Et
456 1616 526 1642 licet
542 1619 699 1649 utrumque
715 1625 730 1641 a
748 1615 830 1641 vobis
847 1615 876 1640 in
893 1615 1060 1648 juramento
1078 1615 1198 1648 prestito

189 1672 203 1690 1)
223 1664 263 1692 sit
283 1673 470 1699 expressum,
495 1664 571 1690 idem
596 1667 694 1690 tamen
720 1663 917 1694 intelligimus
937 1663 1105 1697 repetitum.
1132 1670 1144 1687 ι)
1166 1678 1197 1680 -

187 1713 276 1746 (ΗΕΘ.
292 1713 367 1740 PER.
383 1714 402 1739 f.
418 1712 451 1739 16
465 1716 504 1744 ΥΟ,
521 1716 548 1738 n⁰
565 1712 613 1743 80;
630 1727 661 1730 ι*
675 1713 712 1738 cf.
731 1713 887 1738 Porrifflsr
902 1711 1012 1742 9241³.>

230 1819 242 1835 tt
262 1807 309 1847 [..]
326 1808 465 1846 potestati
479 1812 503 1836 ec
519 1808 628 1845 populo
644 1805 910 1845 l'ile›·bien[sil›us].
929 1805 1011 1836 Cum
1030 1805 1196 1845 Roman[i]

187 1869 208 1890 a
224 1878 273 1890 —-.
295 1861 369 1890 Dat.
391 1860 557 1893 Laterani,
586 1860 667 1889 XIII
690 1858 849 1888 kalendas
871 1858 959 1897 julii,
986 1858 1196 1896 pontificatus

189 1914 294 1945 nostri
311 1923 398 1944 anuo
416 1913 567 1951 septimo.
589 1925 600 1939 n

187 2019 316 2052 Frederi'e
328 2027 352 2050 ΙΙ
365 2025 442 2050 cotee
457 2026 517 2056 plus
533 2025 599 2048 haut
613 2025 671 2049 6172
689 2031 694 2047 :
711 2033 724 2047 «
786 2025 917 2055 quatinus
933 2031 1030 2048 versus
1046 2024 1197 2048 viciniores

189 2062 281 2102 pai-tes
297 2070 447 2101 Campanie
463 2073 594 2098 vestrum,
612 2070 634 2092 si
652 2071 748 2099 placet,
771 2069 896 2099 dirigatis
912 2075 1064 2092 accessum.
1081 2078 1092 2088 v»
1112 2069 1140 2092 Si
1158 2069 1196 2092 les

188 2115 268 2139 dates
283 2115 317 2138 de
337 2115 410 2138 l’une
426 2117 452 2137 et
468 2113 502 2136 do
517 2113 613 2137 l'autre
629 2113 706 2143 piece
724 2116 788 2136 sont
806 2112 929 2136 donnees
946 2113 1008 2135 bien
1025 2116 1198 2136 exactement

189 2159 260 2183 dans
276 2159 302 2182 le
316 2158 476 2184 manuscrit.
494 2164 529 2181 on
545 2157 629 2181 devra
645 2157 779 2180 admettre
795 2164 848 2187 que
870 2156 1003 2187 Gregoire
1020 2157 1056 2180 lx
1072 2165 1086 2180 a
1107 2165 1141 2186 pu
1160 2165 1198 2180 re-

189 2203 293 2232 covoir,
315 2203 330 2226 :¹1
351 2202 449 2226 Grotta
467 2201 589 2230 Ferrata,
607 2201 655 2225 des
674 2202 699 2224 le
718 2201 875 2224 lendemain
899 2201 931 2224 de
956 2208 1006 2224 son
1027 2202 1198 2232 expedition,

190 2247 217 2271 {a
228 2247 309 2271 lettre
323 2253 376 2276 que
388 2245 517 2270 Frederic
529 2245 552 2268 11
564 2245 602 2268 lui
611 2245 746 2268 adressait
761 2245 786 2268 le
800 2245 826 2269 19
835 2245 923 2275 juillet
933 2245 967 2268 de
979 2245 1198 2273 San-Germano;

191 2298 223 2315 ce
238 2292 285 2322 qui
301 2293 353 2319 n'a,
368 2290 517 2319 d'ailleurs,
533 2290 592 2313 rien
608 2289 883 2313 d'invraisemblable.

224 2336 246 2360 1.
265 2336 285 2359 11
301 2335 360 2359 faut
380 2334 523 2362 entendre,
539 2341 594 2357 non
616 2340 677 2364 pas:
698 2343 708 2354 u
726 2334 875 2357 concordie
892 2333 1014 2357 Ecclesia
1033 2337 1059 2358 et
1076 2334 1159 2358 Urbis
1175 2344 1200 2365 n,

192 2379 261 2403 mais
278 2386 284 2403 :
301 2387 315 2402 α
328 2379 450 2402 Ecclesia
466 2380 493 2401 et
508 2377 591 2401 Urbis
607 2377 761 2401 communis
775 2378 889 2401 utilitas.
907 2386 921 2400 n

222 2424 245 2448 2.
263 2424 284 2448 11
301 2430 336 2447 ne
351 2423 454 2446 semble
470 2429 518 2452 pas
534 2429 587 2452 que
602 2421 656 2445 l'on
670 2422 763 2451 puisse
780 2422 838 2444 rien
856 2422 977 2452 alleguer
994 2422 1027 2445 de
1043 2423 1148 2446 certain
1166 2430 1199 2446 au

191 2469 265 2498 sujet
286 2467 351 2493 d'un
373 2473 479 2497 voyage
500 2469 527 2489 et
550 2466 614 2489 d'un
634 2466 735 2495 sejour,
757 2466 778 2489 si
800 2469 879 2489 court
904 2466 968 2496 qu'il
994 2467 1043 2494 fut,
1070 2467 1103 2490 de
1130 2467 1200 2491 Gre-

192 2513 270 2543 goire
285 2512 323 2535 IX
336 2518 369 2534 en
385 2510 535 2540 Campanie
548 2510 563 2532 a
577 2512 647 2533 cette
662 2510 769 2540 epoque
782 2511 884 2537 meme;
899 2510 1006 2540 d'apres
1022 2517 1059 2533 un
1076 2518 1200 2541 passage,

192 2556 321 2588 rapporte
337 2556 398 2586 plus
411 2555 477 2578 haut
490 2555 551 2584 (col.
567 2555 680 2581 610-611,
697 2557 760 2578 note
778 2554 822 2583 ΓΞ),
833 2555 867 2578 de
879 2555 996 2578 Richard
1010 2555 1044 2578 de
1056 2556 1201 2579 San—Ger-

192 2608 283 2630 mano,
296 2601 321 2624 le
338 2606 407 2630 pape
423 2606 452 2623 se
468 2599 552 2622 serait
567 2599 663 2622 trouve
678 2598 693 2621 ἐι
705 2599 822 2628 Anagni,
834 2599 925 2629 quand
940 2599 1011 2623 frere
1021 2600 1108 2623 Guala
1120 2601 1143 2623 le
1159 2607 1200 2623 re-

190 2645 291 2676 joignit
300 2644 380 2675 apres
396 2643 547 2667 l‘entrevue
559 2643 680 2666 decisive
697 2643 729 2666 de
740 2642 949 2667 San-Germano
961 2643 976 2666 a
992 2644 1108 2674 laquelle
1126 2645 1142 2667 il
1160 2649 1201 2668 est

193 2691 242 2714 fait
255 2690 374 2714 allusion
390 2689 459 2712 dans
474 2691 553 2712 notre
570 2687 646 2718 piece
662 2687 735 2716 6173;
753 2694 785 2710 en
801 2687 906 2717 realite,
925 2688 1058 2718 Gregotre
1078 2689 1115 2712 IX
1134 2690 1200 2713 etait

192 2740 294 2758 encore.
312 2733 328 2756 a
343 2733 442 2757 Grotta
459 2732 572 2755 Ferrata
590 2732 614 2755 le
629 2731 658 2755 ‘22
672 2731 762 2761 juillet
778 2732 932 2760 (Porrfflsr
947 2732 1026 2762 8589).
1049 2736 1077 2757 et
1093 2741 1123 2757 sa
1143 2734 1203 2763 pre-

193 2785 276 2803 sence
296 2777 312 2800 a.
332 2777 441 2807 Anagni
462 2776 531 2800 n'est
551 2783 599 2806 pas
622 2776 762 2799 constatee
782 2779 863 2799 avant
884 2776 909 2799 le
931 2776 945 2799 6
962 2777 1204 2807 aout(Po·rT1{As‘r

194 2821 283 2852 8590);
305 2821 340 2845 cf.
361 2820 410 2844 Ed.
433 2819 647 2849 Wmsssmmmv,
665 2820 763 2843 Kaiser
778 2821 924 2843 Friedrich
947 2822 982 2849 11,
1008 2824 1026 2845 t.
1044 2820 1078 2850 11,
1102 2829 1127 2852 p.
1152 2822 1203 2850 187,

194 2869 261 2891 note
278 2866 287 2889 1
1007 2875 1011 2878 -

227 2910 250 2934 3.
274 2910 350 2933 Avec
369 2909 394 2932 la
413 2909 476 2932 date
489 2911 510 2932 V
526 2909 661 2932 kalendas
672 2909 740 2936 julii
761 2909 801 2938 (=
816 2907 845 2932 ‘27
858 2908 938 2938 Juin).
960 2908 1068 2939 d'apres
1092 2909 1203 2939 Ignazio

196 2953 310 2979 ΟιΑΜΡι.
327 2954 470 2976 Cronache
486 2960 499 2976 e
512 2953 611 2976 statuti
629 2953 701 2976 della
719 2952 785 2976 cina
801 2953 830 2975 di
851 2953 970 2981 Viterbo,
991 2952 1116 2981 FIrenze,
1136 2953 1204 2981 1872,

199 3004 225 3028 p.
243 2996 296 3025 341,
312 3000 342 3019 n⁰
361 2996 400 3020 53.

1352 396 1464 424 6181
1992 402 2080 437 [Aotsit
2097 404 2212 439 1231&

1316 459 1525 487 Cardinalibus
1547 462 1734 495 quibusdam,
1757 472 1877 496 quorum
1896 465 2091 497 praesentiam
2110 466 2202 493 ‹Jreulit
2219 468 2284 500 plu-

1280 508 1387 535 rimum
1405 514 1577 543 oportunam
1594 512 1628 537 :ul
1645 512 1829 545 expedienda
1846 513 1959 546 negotia
1976 514 2109 545 urgentia
2125 515 2283 546 Ecclesiae,

1281 557 1401 583 mandat
1427 562 1570 591 quati-nus
1592 560 1627 585 azl
1650 561 1744 586 locum
1770 561 1907 587 idoneum
1931 562 2064 591 veniant,
2090 562 2118 588 in
2143 572 2197 595 quo
2218 572 2282 589 cum

1279 605 1321 630 vis
1343 605 1403 639 ipse
1427 614 1501 640 papa
1525 608 1614 641 possit
1638 609 1743 635 habore
1766 612 1940 641 tractatuum
1965 610 2001 636 ad
2022 619 2068 636 eos
2085 611 2282 644 patriarcham

1280 653 1585 687 Hierosolymitanum
1597 659 1624 683 vt
1636 657 1889 691 ati-2⁴11iepiscopum
1903 658 2122 685 Messancusem
2138 659 2241 686 mittit.
2254 675 2285 678 *-

1280 702 1366 730 (ltno.
1385 702 1458 728 Picn.
1476 705 1494 729 l'.
1511 704 1543 729 16
1561 710 1598 735 w,
1617 710 1646 730 11⁰
1660 705 1716 735 81.)

1323 821 1334 834 «
1363 810 1590 840 Cardinalibus.
1613 811 1698 847 Quia
1722 813 1926 850 presentiam
1950 818 2095 843 vestram
2120 815 2285 845 credimus

1280 860 1459 898 plurimum
1476 868 1671 901 oportunam
1696 865 1735 894 ad
1755 866 1957 903 expedienda
1978 867 2110 904 negotia
2130 867 2233 898 multa
2256 875 2286 898 et

1281 914 1394 950 gravia
1411 924 1474 953 que
1491 916 1531 945 ad
1554 926 1689 954 presens
1712 917 1900 947 incumbunt
1919 918 2076 951 Ecclesie,
2096 929 2195 958 super
2213 921 2287 959 qui-

1281 966 1353 1002 hus,
1382 976 1455 997 cum
1482 968 1596 999 dilatio
1621 970 1663 999 sit
1687 979 1752 1000 non
1776 970 1942 1000 modicum
1969 971 2131 1007 nocitura,
2158 974 2287 1011 expedit

1281 1021 1484 1057 quamtotius
1511 1022 1699 1059 providere,
1731 1023 1917 1053 sinceritati
1947 1028 2054 1053 vestre
2082 1025 2287 1062 presentium

1281 1073 1476 1103 auctoritate
1494 1075 1689 1104 mandamus
1707 1075 1865 1114 quatinus
1882 1076 1921 1105 ad
1937 1076 2045 1105 locum
2062 1077 2218 1107 idoneum
2236 1087 2287 1108 ve-

1281 1125 1391 1161 niatis,
1414 1126 1447 1155 in
1466 1136 1529 1164 quo
1548 1136 1647 1164 super
1668 1128 1840 1166 premissis
1864 1128 1959 1158 illum
1987 1129 2157 1159 vobiscum
2180 1131 2288 1168 possi-

1280 1187 1354 1207 mus
1370 1178 1492 1209 habere
1512 1184 1696 1215 tractatum,
1715 1190 1773 1218 per
1789 1190 1887 1219 quem
1902 1181 2008 1211 honor
2024 1183 2084 1212 Dei
2097 1187 2127 1212 et
2141 1183 2287 1213 Ecclesie

1280 1235 1485 1268 procuretur.
1515 1232 1565 1261 Ad
1590 1232 1661 1267 hec,
1688 1233 1895 1264 venerabiles
1927 1235 2047 1265 fratres
2078 1240 2207 1266 nostros
2238 1238 2287 1274 [..]

1280 1283 1503 1320 patriarcham
1533 1285 1842 1315 Jerosolimitamim
1878 1290 1909 1316 et
1944 1310 1963 1315 ..
2001 1287 2287 1326 archiepiscopum

1282 1336 1530 1367 Messanensem
1547 1337 1587 1366 ad
1602 1346 1659 1367 vos
1676 1337 1828 1368 duximus
1844 1338 2069 1374 destinandos,
2088 1350 2170 1378 quos
2189 1350 2287 1379 super

1280 1388 1346 1417 hiis
1366 1397 1428 1426 que
1445 1389 1598 1419 duxerint
1619 1391 1841 1428 proponenda,
1866 1391 2043 1429 diligenter
2061 1393 2175 1423 audire
2191 1402 2286 1423 cure-

1282 1441 1333 1477 tis,
1352 1446 1388 1471 ut
1401 1442 1546 1472 salutare
1563 1452 1661 1481 super
1680 1443 1805 1474 eisdem
1822 1444 2000 1474 consilium
2014 1450 2207 1483 apponatur.
2225 1458 2238 1473 n

1352 1649 1378 1676 (3
1387 1649 1403 1675 Ι
1414 1650 1471 1677 82
1994 1651 2083 1686 [Aout
2100 1652 2214 1687 123—125‘]

1316 1711 1476 1744 Raynerio,
1492 1711 1618 1738 Sanctae
1635 1712 1749 1738 Mariae
1765 1712 1795 1738 in
1817 1712 1970 1740 Cosmidin
1990 1713 2112 1740 diacono
2128 1714 2285 1746 cardinali,

1279 1759 1383 1785 scribit
1397 1759 1431 1785 de
1446 1760 1585 1793 periculis
1599 1768 1672 1793 quae
1688 1760 1850 1787 imminent
1868 1761 2028 1793 Ecclesiae,
2043 1770 2168 1795 eumque
2187 1765 2287 1789 monet

1279 1812 1305 1834 et
1324 1808 1457 1834 hortatur
1473 1811 1627 1841 quatenus,
1641 1810 1801 1842 praeterita
1816 1810 1968 1843 colligens,
1981 1811 2147 1843 praesentia
2160 1819 2286 1844 pensans

1279 1861 1305 1883 et
1326 1866 1503 1890 praecavens
1520 1857 1549 1883 in
1571 1858 1714 1888 l'utiirum,
1737 1859 1815 1885 circa
1835 1867 1868 1885 ea
1888 1868 1960 1892 quac
1976 1860 2011 1885 ad
2028 1860 2164 1885 honorem
2183 1860 2237 1886 Dei
2258 1863 2286 1887 et

1278 1905 1428 1932 Ecclesiae
1453 1906 1637 1939 pertincant,
1663 1906 1712 1933 det
1737 1915 1872 1940 operam3
1897 1907 2151 1941 archiepiscopum
2177 1908 2287 1935 Messa-

1280 1963 1399 1980 nensem
1417 1963 1503 1988 super
1521 1955 1565 1980 liis
1579 1963 1652 1988 quae
1668 1955 1694 1981 ei
1715 1956 1908 1989 proposuerit,
1925 1956 2026 1983 audiat
2043 1959 2071 1982 et
2087 1957 2236 1984 exaudiat.
2254 1972 2288 1975 —

1280 2004 1366 2031 (lino.
1384 2004 1457 2030 PER.
1472 2005 1491 2030 f.
1508 2003 1540 2029 16
1557 2008 1596 2035 νῦ,
1617 2008 1645 2029 n⁰
1658 2004 1716 2035 82.)

1323 2124 1335 2137 «
1354 2112 1463 2140 Dilecto
1480 2111 1544 2147 filio
1562 2110 1747 2149 R[ayueri0]‚
1768 2111 1981 2140 Sancteitlarie
2000 2113 2030 2140 in
2046 2112 2202 2141 Cosmidin
2219 2113 2288 2141 (lia-

1281 2173 1354 2193 cono
1370 2164 1536 2192 cardinali.
1554 2164 1653 2197 Deus,
1669 2163 1860 2193 innocentie
1876 2163 2036 2200 cognitor,
2056 2164 2183 2193 occulta
2201 2173 2289 2193 scru-

1281 2221 1355 2246 tans
1374 2216 1521 2246 cordium
1537 2221 1567 2245 et
1580 2216 1679 2254 judex
1697 2217 1846 2245 omnium
1861 2221 2074 2249 secretorum.
2090 2217 2180 2246 novit
2196 2218 2290 2247 affec<

1283 2270 1405 2299 tionem
1422 2269 1524 2307 patris
1542 2269 1581 2298 ad
1603 2268 1719 2303 filium,
1744 2269 1812 2307 qui,
1832 2269 1860 2298 si
1878 2270 2016 2299 rationis
2032 2269 2147 2299 oculus
2164 2270 2290 2299 inordi-

1282 2322 1352 2351 nati
1370 2326 1478 2351 motus
1495 2321 1636 2358 caligine
1655 2330 1718 2350 non
1737 2321 1897 2355 turbetur,
1919 2322 2023 2351 nichil
2039 2323 2187 2351 inveniet
2204 2323 2290 2352 unde

1282 2375 1385 2413 patris
1414 2374 1561 2404 debitum
1589 2374 1762 2403 subtrahat
1782 2374 1969 2403 reverentia
1994 2374 2119 2403 filialis.
2147 2375 2290 2404 Mundus

1317 2507 1336 2532 l.
1356 2506 1393 2530 Le
1408 2506 1558 2529 manuscrit
1579 2512 1612 2528 ne
1633 2505 1724 2528 donne
1740 2512 1847 2528 aucune
1864 2505 1926 2528 date
1948 2512 2018 2535 pour
2034 2506 2058 2528 la
2076 2505 2202 2535 presente
2219 2506 2291 2529 bulle

1284 2558 1339 2574 non
1357 2552 1417 2581 plus
1438 2557 1491 2581 que
1508 2557 1577 2580 pour
1597 2550 1622 2572 la
1638 2550 1776 2573 suivante.
1801 2550 1886 2573 Notre
1906 2550 1983 2580 pil-ce
1999 2550 2055 2573 15181
2079 2550 2165 2580 parait
2183 2557 2212 2573 se
2234 2557 2291 2581 rap-

1285 2599 1376 2625 porter
1392 2602 1446 2618 aux
1463 2595 1562 2617 memes
1581 2593 1756 2617 evenements
1772 2600 1825 2624 que
1846 2598 1924 2616 notre
1942 2594 2017 2623 [illice
2033 2594 2102 2621 6183,
2123 2594 2147 2616 la
2165 2594 2291 2617 derniere

1284 2641 1321 2662 du
1341 2639 1491 2662 manuscrit
1513 2638 1546 2661 de
1564 2638 1693 2666 Perouse,
1714 2641 1739 2661 et
1758 2638 1817 2661 doit
1832 2638 1890 2661 etre
1914 2638 2017 2660 d'assez
2035 2645 2086 2667 peu
2104 2638 2259 2661 anterieure
2276 2638 2291 2661 a

1284 2684 1397 2711 celle-ci,
1421 2682 1467 2713 qui
1490 2684 1531 2705 est
1553 2681 1632 2704 datee
1651 2682 1686 2704 du
1707 2682 1734 2705 18
1751 2683 1817 2704 aout
1835 2682 1907 2710 1ῗ34ς
1928 2682 1967 2704 les
1983 2682 2134 2703 cardmaux
2151 2681 2165 2703 a
2181 2682 2227 2711 qui
2250 2686 2291 2705 est

1285 2728 1412 2752 adressee
1433 2729 1511 2750 notre
1529 2726 1605 2756 piece
1622 2726 1691 2755 6181,
1714 2728 1777 2749 sont
1793 2726 2078 2749 vraisemblablemcnt
2092 2726 2130 2748 les
2147 2727 2214 2748 trois
2230 2733 2290 2749 car-

1285 2773 1388 2795 dinaux
1398 2774 1483 2794 Rome
1495 2773 1712 2800 commorantes,
1726 2770 1848 2793 nomines
1859 2770 1926 2792 daus
1936 2770 2065 2792 l'adresse
2077 2770 2110 2792 dc
2121 2773 2192 2792 cette
2205 2769 2290 2793 meme

1288 2816 1363 2847 piene
1379 2815 1448 2839 6183.

1316 2861 1339 2884 2.
1358 2860 1397 2884 La
1413 2859 1474 2882 date
1492 2858 1525 2882 de
1544 2858 1571 2881 la
1588 2858 1715 2888 presente
1731 2858 1808 2888 piece
1824 2862 1864 2881 est
1880 2858 2166 2881 vraisemblablement
2182 2858 2289 2881 voisine

1287 2906 1320 2929 de
1335 2906 1361 2928 la
1374 2904 1436 2928 date
1453 2904 1486 2927 de
1499 2903 1525 2926 la
1534 2902 1610 2933 piece
1628 2902 1802 2933 precedente,
1815 2906 1841 2925 n⁰
1854 2904 1928 2930 &1512
1943 2909 1974 2925 or
1990 2908 2058 2925 nous
2069 2908 2173 2924 venons
2184 2901 2217 2924 de
2231 2903 2292 2925 voir

1287 2957 1339 2980 que
1355 2952 1426 2973 cette
1442 2948 1519 2979 piece
1530 2948 1587 2972 6181
1604 2948 1662 2971 doit
1673 2948 1730 2971 etre
1740 2947 1843 2971 d'assez
1858 2954 1909 2977 peu
1923 2946 2078 2969 anterieure
2092 2946 2107 2968 {a
2120 2949 2198 2969 notre
2214 2945 2293 2975 pieco

1287 2995 1357 3024 6183,
1374 2993 1452 3017 datee
1469 2993 1506 3016 du
1524 2993 1551 3016 18
1567 2992 1712 3016 aout1234.
