2553 3526
127 274 162 303 61
975 268 1211 306 TREIZIEME
1234 269 1392 306 ΑΝΝΕΕ.
2191 283 2228 311 ez

127 340 265 371 libertas
288 340 514 371 ecclesiastica
536 341 732 371 enormitate
750 341 927 380 multiplici
950 341 1138 375 ledebatur;

125 397 158 423 et
173 397 282 423 tamen
299 402 398 432 super
414 393 558 423 vitandis
575 397 606 423 et
623 393 859 432 compellendis
876 393 1141 424 excommunica-

128 445 181 480 tis,
197 454 234 475 ac
247 445 286 475 de
303 445 386 483 ipsis
398 445 438 475 ad
451 446 626 484 agendum,
645 446 890 476 testificandum
904 451 934 477 et
949 446 1032 476 alios
1048 450 1140 476 actus

127 498 294 536 legitimos
313 498 503 528 nullatenus
526 498 753 533 admittendis,
773 499 932 537 quamdiu
955 499 988 528 in
1011 508 1142 528 exrom-

127 549 354 580 municatione
380 550 572 588 perdurant,
601 554 631 579 et
654 549 866 580 libertatibus
892 550 1038 580 Ecclesie
1064 560 1142 579 1-00-

127 602 302 633 servandis
324 603 363 632 ab
384 603 456 640 ipso
477 603 607 633 comite.
628 607 693 632 tam
714 611 813 640 super
830 603 927 632 tertia
947 602 1065 641 judicii
1086 603 1142 632 110-

128 655 317 685 sunctorum
336 664 434 694 quam
456 655 594 685 decimis
613 660 644 685 et
665 655 783 693 legatis
805 660 869 684 tam
890 655 928 684 de
947 655 1043 684 terris
1061 664 1141 692 gen-

128 707 245 737 tilibus
277 717 376 747 quam
408 708 587 738 servilibus
621 708 796 741 faciendis,
835 708 1016 737 secundum
1055 713 1140 738 terre

127 761 404 792 consuetudinem
421 762 642 800 approbatam,
663 766 693 791 et
712 761 1014 791 ecclesiasticarum
1030 761 1140 792 defen-

129 814 281 845 sionibus
298 823 526 853 personarum,
545 824 605 844 nec
622 824 685 844 non
704 824 803 853 super
820 815 943 849 usuris,
961 814 1139 845 violatione

129 868 206 898 fidei
229 872 260 897 et
283 868 359 898 aliis
383 868 493 898 causis
516 869 549 898 in
575 869 644 898 foro
667 873 794 898 tantum
818 868 1043 898 ecclesiastico
1069 869 1140 906 agi-

129 921 250 954 tandis,
279 925 310 951 et
335 921 497 951 servanda
524 921 765 951 consuetudine
792 930 857 960 qua
881 922 915 950 in
939 921 1139 959 quibusdam

127 973 210 1004 locis
240 974 415 1004 comitatus
445 974 551 1013 ipsius
583 975 860 1004 excommunicati
893 974 1030 1012 cogendi
1063 979 1139 1003 sunt

127 1026 275 1057 Ecclesie
292 1036 406 1065 parere
427 1027 604 1061 mandatis,
624 1037 640 1056 a
664 1027 758 1057 nobis
778 1032 867 1057 certa
887 1027 1032 1065 provisio
1051 1036 1139 1056 ema-

127 1079 237 1115 navit;
255 1089 353 1118 quam
378 1079 500 1110 nobilis
518 1080 568 1109 vir
589 1080 798 1119 J[ohannes],
819 1089 928 1109 comes
952 1079 1138 1114 Britannie,

125 1133 184 1172 qui
201 1132 239 1162 de
256 1141 339 1162 novo
358 1133 550 1163 comitatum
567 1133 758 1172 hujusmodi
776 1138 825 1162 est
843 1133 991 1170 adeptus.
1010 1133 1089 1171 quia
1105 1132 1140 1161 in

125 1194 166 1216 ea
181 1185 220 1215 de
236 1185 486 1215 successoribus
504 1186 627 1216 mentio
645 1194 710 1215 non
735 1185 886 1219 habetur,
905 1185 1072 1223 expirasse
1089 1194 1141 1214 re-

126 1242 220 1277 putat
240 1242 271 1268 et
289 1238 401 1268 renuit
423 1238 612 1268 observare.
631 1239 740 1275 Quare
763 1238 858 1268 nobis
882 1247 919 1268 ex
940 1243 1031 1276 parte
1053 1238 1141 1275 ipso-

126 1300 200 1321 rum
224 1291 288 1321 fuit
310 1291 485 1321 humiliter
508 1291 730 1330 supplicatum
750 1296 786 1320 ut
804 1291 929 1321 eisdem
954 1300 1052 1329 super
1075 1290 1141 1319 hiis

125 1353 320 1375 curaremus
344 1345 383 1375 de
403 1344 611 1382 benignitate
636 1344 730 1374 Sedis
750 1343 938 1382 Apostolice
958 1344 1141 1382 providere.

126 1397 211 1428 Cum
232 1397 336 1436 igitur
358 1397 558 1428 intentionis
584 1401 695 1427 nostre
718 1397 819 1427 suerit
843 1397 929 1435 quod
950 1396 1141 1435 hujusmodi

127 1451 273 1490 provisio
290 1451 390 1480 robur
406 1451 575 1480 firmitatis
593 1454 749 1489 perpetue
766 1450 942 1485 obtineret,
963 1459 999 1479 ac
1014 1451 1142 1488 Justum

128 1503 173 1534 sit
187 1507 224 1533 ut
239 1503 387 1538 eandem,
408 1503 543 1542 provide
562 1503 682 1532 saetam
703 1507 734 1532 et
751 1512 768 1532 a
784 1502 933 1540 partibus
957 1507 1072 1540 sponte
1091 1511 1142 1532 re-

128 1561 268 1596 ceptam,
297 1557 445 1595 prefatus
472 1557 615 1596 P[etrus]
641 1566 678 1586 ac
707 1557 793 1586 idem
820 1565 928 1586 comes
954 1556 1141 1590 observent,

128 1610 255 1640 cumin
271 1619 371 1640 onere
391 1610 591 1640 successerit
611 1614 642 1640 et
664 1610 799 1645 honore,
819 1609 1012 1638 discretioni
1035 1614 1142 1639 vestre

128 1672 187 1702 per
214 1662 394 1701 apostolica
421 1663 543 1701 scripta
572 1662 768 1691 mandamus
797 1666 961 1700 quatenus
990 1662 1078 1700 ipsos
1104 1662 1142 1691 ad

127 1715 221 1746 illius
240 1715 497 1751 observantiam,
520 1715 626 1754 quoad
649 1715 813 1753 predictos
831 1715 988 1744 articulos
1008 1715 1144 1745 univer-

127 1778 182 1800 sos
200 1774 232 1799 et
252 1768 414 1807 singulos,
437 1768 614 1798 efficaciter
635 1768 811 1804 inducatis,
835 1777 889 1797 eos
912 1768 951 1797 ad
975 1768 1018 1803 id,
1037 1769 1065 1797 si
1085 1777 1143 1797 ne-

127 1831 220 1853 cesse
238 1823 350 1858 fuerit,
365 1831 422 1860 per
439 1831 615 1852 censuram
633 1822 906 1852 ecclesiasticam.
922 1822 1142 1860 appellatione

128 1876 322 1914 postposita,
356 1875 595 1914 compellendo.
629 1875 796 1910 Ceterum,
830 1884 904 1904 cum
941 1874 1143 1905 venerabilis

128 1928 232 1959 frater
249 1933 361 1958 noster
378 1951 397 1957 ..
417 1928 592 1966 episcopus
609 1928 846 1963 Nannetensis,
867 1928 953 1957 sicut
970 1928 1056 1957 idem
1074 1937 1143 1966 pro-

128 1981 240 2020 posuit
260 1990 371 2011 coram
394 1981 500 2016 nobis,
526 1981 559 2010 in
585 1981 759 2020 premissis
782 1980 932 2010 articulis
954 1980 994 2010 ab
1019 1980 1142 2010 eisdem

127 2034 307 2065 comitibus
326 2039 552 2073 pregravetur‚
570 2038 601 2064 et
617 2038 749 2072 propter
765 2033 827 2063 1100
850 2033 915 2063 sibi
931 2033 1018 2063 dicta
1034 2033 1144 2071 provi-

128 2087 190 2122 sio,
220 2087 414 2117 canonicam
436 2087 611 2117 continens
635 2086 815 2125 equitatem
840 2096 938 2125 quam
962 2095 1019 2124 pro
1042 2086 1144 2116 liber-

129 2144 196 2170 tate
213 2140 430 2170 ecclesiarum
450 2140 626 2169 Britannie
649 2140 802 2174 fecimus,
822 2140 908 2169 sicut
932 2144 962 2169 et
986 2139 1143 2177 predictis

130 2192 268 2232 prelatis
296 2192 395 2230 digne
428 2192 545 2222 debeat
575 2193 765 2230 suffragari,
796 2193 901 2230 ipsam
932 2192 971 2221 ad
1002 2192 1143 2221 eundem

129 2245 323 2284 episcopum
352 2245 483 2275 extendi
509 2245 661 2274 volumus
692 2250 722 2274 et
750 2245 958 2274 mandamus.
988 2245 1063 2274 Non
1086 2245 1144 2274 ob-

130 2303 239 2329 stante
260 2298 497 2328 constitutione
515 2297 553 2327 de
575 2298 703 2327 duabus
727 2297 826 2327 dietis
846 2298 933 2327 edita
951 2298 984 2326 in
1003 2297 1143 2327 concilio

130 2351 289 2390 generali,
310 2351 379 2380 sive
397 2350 424 2380 si
442 2360 459 2380 a
476 2350 571 2379 nobis
589 2351 713 2380 eisdem
731 2350 900 2380 nobilibus
916 2351 959 2380 sit
977 2350 1143 2379 indultum

132 2413 173 2434 ne
197 2404 271 2443 quis
300 2403 654 2433 excommunicationis
678 2403 712 2431 in
742 2412 900 2441 personas
924 2408 953 2433 et
980 2403 1013 2431 in
1039 2407 1143 2432 terras

130 2465 245 2487 eorum
278 2456 447 2486 interdicti
483 2457 570 2493 1010..
608 2460 642 2485 111
676 2465 790 2494 supra,
828 2456 861 2484 in
889 2456 1143 2494 precedentibus

129 2509 262 2544 litteris,
283 2509 343 2539 sub
365 2518 503 2539 numero
522 2509 597 2538 4877
616 2509 751 2544 notatis,
770 2518 874 2547 usque
893 2508 912 2548 :]
934 2518 997 2538 non
1017 2509 1143 2547 possint

130 2571 189 2601 per
209 2561 338 2592 litteras
360 2562 558 2600 apostolicas
580 2562 764 2591 conveniri.
791 2562 884 2598 Quod
906 2562 934 2591 si
961 2571 1025 2591 non
1049 2561 1143 2591 ambo

130 2619 193 2645 etc.
217 2615 291 2644 Dat.
321 2614 493 2649 Laterani,
521 2615 549 2643 V
571 2614 730 2643 kalendas
755 2614 850 2645 maii,
880 2622 967 2643 anno
988 2614 1144 2643 tertiode-

130 2676 229 2697 cimo.
251 2679 264 2694 »

203 2833 321 2862 4829

168 2894 289 2922 Eisdem
320 2895 444 2922 mandat
472 2898 617 2929 quatenus
645 2895 787 2929 quaedam
816 2897 928 2921 statuta
954 2903 970 2921 a
999 2895 1143 2927 Johanne,

133 2942 244 2970 comite
266 2942 452 2975 Britanniae,
480 2945 581 2970 contra
605 2942 773 2969 libertatem
796 2942 1026 2969 ecclesiasticam
1055 2942 1144 2973 edita,

715 2833 836 2865 Latran,
852 2832 886 2859 27
900 2833 977 2859 avril
992 2832 1072 2859 1239.

1224 342 1380 376 praecipue
1401 343 1436 369 de
1457 344 1545 370 tertia
1567 346 1648 378 parte
1671 344 1811 371 bonorum
1835 346 2039 373 decedentium
2066 348 2227 381 parochiali

1224 391 1394 425 presbytero
1409 401 1465 418 000
1479 393 1608 426 amplius
1622 394 1778 425 eroganda,
1797 394 1880 421 irrita¹
1895 395 2044 427 nuntient,
2059 399 2086 422 et
2103 397 2226 423 cundem

1224 439 1361 466 comitem
1384 441 1565 474 compellant
1586 444 1617 468 ut
1635 443 1905 469 excommunicatos
1926 444 1962 470 ad
1982 446 2064 470 actus
2083 445 2229 478 legitimos

1224 495 1281 514 non
1298 488 1449 515 admittat.
1472 503 1503 507 —
1525 490 1611 521 (nm.
1631 490 1674 522 19,
1700 491 1719 517 f.
1738 491 1788 517 119
1807 489 1879 525 [113]
1894 494 1933 523 r‘’;
1950 500 2020 518 ann.
2035 492 2117 525 XIII,
2137 502 2162 519 0.
2176 494 2228 523 77:

1224 550 1255 554 —
1274 536 1406 564 Mommu
1421 537 1500 570 1192,
1516 539 1535 564 s.
1553 538 1627 569 323.)

1265 649 1278 663 «
1302 638 1432 666 Eisdem.
1456 639 1674 669 Venerabiles
1694 640 1812 669 fratres
1833 641 1938 670 nostri
1961 664 1980 669 ..
2005 642 2230 671 Nannetensis

1223 693 1253 718 et
1276 712 1295 718 ..
1322 690 1554 720 Maeloviensis
1579 692 1735 730 episcopi,
1763 701 1821 730 pro
1847 701 1882 722 50
1907 702 1943 722 ac
1968 693 2043 723 aliis
2067 694 2230 732 episcopis

1224 742 1408 778 Britannie,
1423 766 1444 773 ..
1459 744 1698 783 Corisopitensi
1714 750 1856 783 excepto,
1874 752 2115 784 proposuerunt
2126 747 2231 776 humi-

1222 795 1298 825 liter
1320 804 1428 825 coram
1448 797 1542 826 nobis
1560 798 1657 836 quod,
1681 807 1754 827 cum
1774 798 1807 827 in
1825 799 2033 829 Nannetensi
2055 804 2085 829 et
2108 799 2230 829 Maelo-

1222 848 1330 878 viensi
1347 858 1383 878 ac
1399 849 1475 879 aliis
1494 850 1683 880 diocesibus
1702 851 1875 881 Britannie
1892 851 1930 881 de
1948 852 2045 881 tertia
2065 856 2155 889 parte
2172 852 2229 881 bo-

1222 910 1339 931 norum
1372 901 1544 931 mobilium
1575 903 1764 933 decedentis
1797 904 1893 933 tertia
1926 913 2000 942 pars
2030 904 2229 942 parrochiali

1222 954 1405 992 presbitero
1424 963 1481 992 per
1504 959 1694 985 executores
1718 957 1906 986 testamenti
1926 957 2135 987 consueverit
2157 966 2229 987 ero-

1222 1007 1304 1044 gari,
1323 1011 1364 1041 et,
1383 1007 1411 1036 si
1428 1008 1511 1037 forte
1532 1008 1694 1037 decedens
1717 1017 1780 1037 non
1803 1008 1922 1038 habeat
1944 1009 2066 1039 liberos
2084 1010 2134 1039 vel
2152 1019 2230 1040 uxo-

1222 1068 1302 1094 rem,
1321 1059 1359 1089 de
1376 1060 1530 1089 omnibus
1548 1060 1644 1089 bonis
1661 1060 1731 1090 suis
1751 1061 1929 1091 mobilibus
1952 1071 2009 1099 pro
2031 1062 2102 1100 ejus
2121 1063 2232 1091 anima

1223 1112 1398 1149 erogandis
1414 1112 1502 1141 idem
1519 1112 1682 1150 presbiter
1700 1118 1825 1151 partem
1844 1114 1972 1143 tertiam
1992 1119 2230 1153 consequatur:

1224 1164 1347 1194 nobilis
1372 1165 1423 1193 vir
1446 1164 1630 1199 Johannes,
1657 1174 1765 1195 comes
1794 1166 1980 1201 Britannie,
2004 1167 2060 1205 qui
2086 1167 2124 1197 de
2150 1176 2233 1197 novo

1224 1217 1417 1246 comitatum
1440 1217 1631 1256 hujusmodi
1656 1222 1704 1247 est
1728 1218 1877 1256 adeptus,
1903 1219 2008 1253 novis,
2038 1223 2073 1249 ut
2099 1220 2232 1253 dicitur,

1225 1279 1324 1308 super
1340 1270 1407 1299 hiis
1426 1270 1559 1300 statutis
1579 1270 1677 1300 editis
1693 1271 1733 1300 ah
1751 1271 1823 1309 ipso
1847 1276 1960 1301 contra
1976 1271 2235 1302 ecclesiasticam

1225 1323 1423 1358 libertatem,
1450 1327 1481 1353 et
1505 1323 1640 1362 quidam
1666 1324 1736 1362 ejus
1761 1324 1901 1354 barones
1920 1324 2054 1353 banniri
2073 1325 2233 1357 fecerunt,

1225 1376 1312 1414 quod
1330 1375 1442 1405 nullus
1458 1375 1677 1414 parrochialis
1694 1376 1847 1406 sacerdos
1865 1376 1992 1415 aliquid
2012 1377 2050 1406 de
2067 1377 2163 1407 bonis
2179 1378 2235 1408 de-

1227 1429 1333 1458 functi
1355 1429 1526 1467 percipiat,
1554 1429 1619 1458 nisi
1646 1429 1872 1459 tantummodo
1895 1430 1981 1468 quod
2004 1430 2069 1459 sibi
2091 1430 2235 1468 legatum

1228 1482 1328 1511 suerit
1346 1482 1385 1511 ab
1405 1482 1530 1516 eodem,
1549 1487 1590 1515 et,
1610 1482 1638 1511 si
1660 1482 1748 1511 ultra
1770 1483 1914 1520 petierit,
1932 1483 2090 1513 tredecim
2107 1483 2235 1513 denarii

1227 1540 1257 1565 et
1274 1535 1446 1565 duodecim
1469 1544 1526 1573 pro
1547 1535 1777 1565 benedictione
1800 1535 1996 1565 nubentium
2020 1536 2083 1565 sibi
2104 1536 2234 1566 dentur.

1228 1590 1382 1618 Preterea
1405 1588 1511 1618 dictus
1534 1597 1643 1618 comes
1665 1589 1975 1624 excommunicatos,
1996 1598 2077 1627 quos
2101 1589 2138 1618 de
2159 1590 2233 1627 jure

1227 1641 1367 1679 quilibet
1379 1641 1502 1670 evitare
1515 1645 1656 1675 tenetur,
1670 1641 1703 1669 in
1715 1641 1852 1679 judiciis
1865 1641 1955 1670 curie
1970 1650 2027 1671 5110
2040 1641 2079 1670 ab
2094 1642 2228 1679 agendo,

1226 1693 1434 1723 testificando
1464 1698 1494 1722 et
1524 1693 1599 1723 aliis
1631 1693 1790 1730 legitimis
1818 1693 1946 1722 actibus
1976 1702 2039 1723 000
2071 1694 2232 1729 excludit3

1227 1751 1359 1785 propter
1376 1746 1461 1785 quod
1478 1746 1512 1775 111
1530 1746 1679 1784 partibus
1701 1746 1768 1774 illis
1790 1751 1820 1775 01
1838 1746 1983 1776 Ecclesie
2006 1746 2135 1776 vilescit
2158 1756 2236 1776 auc-

1228 1800 1342 1828 toritas
1370 1804 1401 1828 et
1428 1799 1552 1828 eisdem
1581 1799 1684 1838 major
1715 1799 1810 1827 datur
1840 1799 1978 1828 audacia
2008 1799 2234 1837 delinquendi.

1227 1852 1308 1883 Cum
1336 1852 1447 1890 itaque
1472 1851 1563 1881 nulla
1589 1852 1785 1889 disponendi
1813 1852 1851 1881 de
1876 1852 1974 1881 rebus
2000 1852 2235 1882 ecclesiasticis

1228 1906 1270 1934 sit
1286 1905 1380 1935 laicis
1396 1905 1554 1934 attributa
1571 1909 1726 1942 potestas.
1745 1914 1802 1934 nec
1818 1905 1929 1934 deceat
1944 1905 2066 1934 dictum
2083 1905 2235 1935 comitem

1227 1958 1494 1996 delinquentium
1519 1957 1657 1987 malitiis
1685 1962 1830 1995 prestare
1860 1958 2016 1993 favorem,
2042 1958 2235 1987 discretioni

1226 2015 1334 2041 vestre
1354 2020 1410 2049 per
1427 2010 1605 2049 apostolica
1623 2010 1745 2048 scripta
1768 2010 1965 2039 mandamus
1989 2015 2163 2048 quatenus,
2183 2010 2236 2039 in-

1227 2064 1351 2102 quisita
1368 2072 1467 2101 super
1483 2063 1550 2092 hiis
1564 2063 1602 2093 de
1619 2063 1716 2101 plano
1732 2067 1762 2092 et
1779 2063 1851 2092 sine
1869 2062 2007 2101 strepitu
2019 2063 2137 2102 judicii
2154 2064 2235 2093 veri-

1227 2122 1303 2151 tate,
1331 2117 1359 2146 si
1385 2116 1570 2146 constiterit
1596 2116 1642 2145 ita
1667 2125 1750 2148 esse,
1779 2120 1902 2145 statuta
1927 2115 2117 2154 hujusmodi
2140 2116 2235 2145 irrita

1227 2170 1401 2204 nuntietis,
1432 2178 1468 2199 ac
1498 2170 1642 2208 prefatos
1670 2169 1823 2198 comitem
1855 2173 1885 2198 et
1912 2168 2053 2198 barones
2084 2173 2119 2198 ut
2149 2169 2234 2198 dicta

1226 2223 1336 2252 banna
1359 2222 1534 2252 debanniri
1560 2222 1695 2257 saciant,
1722 2230 1781 2251 nec
1807 2230 1871 2250 000
1900 2221 1986 2259 quod
2013 2221 2099 2251 idem
2126 2230 2233 2251 comes

1226 2276 1526 2306 excommunicatos
1542 2275 1581 2304 ad
1600 2275 1728 2313 aliquos
1746 2279 1838 2303 actus
1855 2274 2020 2311 legitimos
2039 2284 2102 2303 1100
2120 2275 2234 2303 admit-

1226 2334 1271 2359 tat
1297 2347 1345 2364 —,
1372 2328 1588 2366 compellatis.
1614 2328 1686 2357 Non
1710 2327 1860 2356 obstante
1884 2327 2119 2357 constitutione
2144 2327 2229 2366 [2:1c.,

1225 2387 1261 2412 ut
1282 2392 1391 2420 supra,
1416 2382 1450 2410 in
1468 2381 1589 2410 litteris
1609 2380 1669 2409 sul)
1692 2389 1828 2409 numero
1847 2381 1921 2409 4877
1940 2380 2070 2410 notatis.
2094 2379 2229 2418 usquez]

1226 2435 1385 2473 generali,
1397 2435 1465 2464 sive
1483 2434 1599 2472 quoda
1616 2433 1710 2462 nohis
1720 2433 1826 2462 0111001
1844 2437 1892 2461 est
1908 2432 2084 2467 indultum,
2104 2437 2137 2461 ut
2153 2432 2230 2461 11101-

1227 2493 1289 2522 tur,
1309 2487 1440 2526 nequis
1459 2487 1544 2526 [etc.,
1563 2492 1595 2515 ut
1612 2495 1724 2523 supra.
1744 2486 1776 2513 iu
1795 2485 1918 2514 eisdem
1938 2485 2069 2515 litteris.
2087 2493 2190 2522 1151100
2209 2485 2230 2521 ;]

1226 2541 1408 2571 conveniri.
1429 2540 1521 2576 Quod
1539 2539 1565 2568 si
1584 2548 1647 2568 11011
1663 2538 1758 2567 ambo
1779 2542 1839 2567 etc.
1859 2538 1930 2566 Dat.
1948 2542 1981 2567 ut
1998 2547 2108 2575 supra.
2128 2549 2139 2563 »

1297 2733 1415 2761 4880

1264 2796 1415 2829 Stephano
1442 2797 1470 2821 et
1502 2793 1646 2825 Hem-100,
1674 2791 1892 2819 archidiaconis
1926 2791 2169 2822 carnotensibus,
2205 2794 2232 2817 et

1229 2845 1368 2878 magistro
1383 2840 1631 2877 Barth[olomaeu]
1654 2842 1688 2867 110
1708 2841 1869 2872 Moutiacm
1887 2840 2027 2866 canonico
2046 2839 2230 2869 (sarnum-nsi,

1815 2730 1935 2761 Latran,
1953 2730 1983 2755 11
2001 2729 2065 2762 juin
2082 2729 2160 2755 1239.

1228 2893 1351 2919 mandat
1367 2895 1510 2926 quatenus
1527 2890 1689 2917 sententia<
1703 2888 2021 2916 excommunicationis
2036 2891 2063 2914 et
2080 2887 2229 2913 interdicti

1228 2942 1264 2968 ab
1280 2939 1656 2974 111011101115001101100101151
1682 2938 1709 2963 111
1736 2938 1814 2964 cives
1841 2938 1998 2963 Remcnses
2019 2936 2141 2961 rebelles
2166 2944 2231 2969 pro-
