2553 3526
301 291 354 320 491
1027 282 1265 315 nsseisrnsss
1288 280 1342 309 DE
1365 272 1587 310 GREGoinE
1611 282 1669 311 IX.
2341 284 2399 314 492

303 366 378 395 pert„¹
410 356 546 384 minime
580 354 787 392 permittebat
805 377 810 387 ,
843 353 941 382 iidem
976 350 1244 388 archiepiscopus
1279 351 1310 376 et

304 410 404 438 abbas
422 409 453 437 in
472 405 914 437 cumcxc-01uinunicationis
934 404 1145 436 senteutiam,
1160 401 1309 437 exigente

300 462 442 501 justitia,
463 460 726 498 pronitus-*aruum
750 468 814 497 qua
834 458 1012 496 jamdictus
1031 456 1142 486 alil‘nas,
1162 457 1309 492 pretextu

304 515 473 553 cujusdam
492 513 721 551 appellationis
739 511 947 541 frustratorie
962 510 1001 539 ad
1019 518 1077 538 nos
1091 508 1222 540 emisse,
1237 514 1309 535 con-

306 573 440 605 tempta.
471 566 582 594 ulix‘iua
606 565 784 594 celebrare.
810 564 920 592 immo.
941 566 1101 600 quantuni
1128 560 1161 588 in
1185 567 1222 588 eo
1248 561 1307 591 est,

305 621 412 658 potius
431 618 635 656 prophanare
657 617 762 646 officia
789 625 853 645 non
873 620 1004 645 veretur
1023 631 1070 642 —.
1093 613 1174 643 Cum
1200 615 1310 640 autem

304 678 414 711 postea
432 671 550 700 dilecto
565 670 632 699 tilio
651 693 668 698 ..
687 669 920 698 archidiacono
937 665 1165 704 Magalonensi
1181 664 1310 693 direxe-

304 726 407 754 rimus
427 728 554 753 nostras
573 723 711 757 litteras,
729 722 937 751 continentes
954 725 1000 755 ut,
1020 720 1047 749 si
1067 728 1119 748 res
1144 717 1254 747 taliter
1275 724 1310 745 se

304 777 450 806 baberet.
468 780 710 813 procur.*itorem
725 774 804 803 dicti
820 773 972 810 NJicolai]
989 773 1023 801 in
1044 771 1190 810 ejusdem
1206 768 1311 799 eccle-

305 831 351 860 sie
371 829 627 868 possessionem.
650 832 756 857 amoto
778 827 817 856 ab
844 836 881 856 ea
898 826 1046 865 quolibet
1064 824 1182 854 illicito
1199 823 1311 852 deten-

306 888 382 912 tore.
402 882 557 911 reducere
575 890 609 910 ac
627 879 803 910 defendere
821 882 1011 917 procuraret
1028 877 1258 909 inductu1u—,
1275 882 1312 903 ac

305 936 444 966 eundem
476 934 637 969 abbatem,
667 942 723 971 pro
749 942 785 962 eo
813 931 897 971 quod
925 931 972 961 sic
995 931 1117 968 ligatus
1140 928 1311 958 dicebatur

304 989 488 1019 celebrasse
506 988 629 1021 divina,
650 996 734 1025 pena
747 986 907 1016 canonica
921 985 1098 1022 castigaret
1112 1001 1150 1004 —
1168 993 1174 1011 z
1193 989 1312 1020 preno-

305 1043 429 1071 minato
444 1041 687 1075 archidiacono,
699 1044 790 1078 parte
808 1039 947 1068 adversa
962 1037 1072 1071 citata,
1086 1033 1310 1073 ve[nerabili]¹

304 1093 424 1129 1¹[ratri]
437 1091 570 1127 nlostro]
582 1093 763 1131 ..episcopo
776 1091 961 1122 Biterrensi
974 1090 1200 1120 committente
1213 1096 1312 1125 super

304 1148 365 1177 hoc
383 1146 527 1177 totaliter
542 1146 629 1175 vices
648 1154 736 1177 suaS,
755 1154 790 1173 ac
809 1144 879 1182 ipso
897 1143 1049 1181 episcopo
1066 1140 1311 1177 subdelegatio-

306 1210 379 1230 nem
402 1199 465 1229 sibi
489 1200 607 1228 factam
630 1198 798 1235 suscipere
817 1206 879 1225 non
898 1200 1046 1225 curante.
1066 1194 1151 1233 quod
1174 1192 1312 1222 manda-

306 1253 425 1283 vimus,
444 1260 508 1280 non
525 1251 632 1280 extitit
646 1249 879 1287 adimpletum:
898 1249 1012 1286 sicque
1027 1248 1113 1277 idem
1128 1244 1311 1285 N[icolaus]

307 1305 451 1335 nonduin
469 1305 506 1333 tle
525 1308 636 1333 nostra
655 1303 759 1340 gratia
780 1302 845 1331 nisi
866 1301 996 1331 labores
1013 1305 1043 1330 et
1063 1308 1222 1338 expensas
1241 1303 1311 1328 tan-

307 1358 473 1388 tummodo
485 1356 673 1395 reportavit.
686 1355 844 1385 Nolentes
855 1355 957 1392 igitur
969 1353 1194 1392 supradictum
1204 1352 1313 1392 N[ico-

306 1408 406 1444 laum]
418 1411 524 1439 fructu
539 1414 649 1439 nostre
664 1408 769 1445 gratie
779 1406 981 1441 defraudari,
992 1416 1028 1435 ac
1039 1406 1147 1444 ipsum
1161 1405 1313 1435 abbatem

307 1465 344 1494 de
355 1473 413 1493 sua
424 1461 788 1501 nequitiacommodum
800 1466 977 1498 reportare,
990 1459 1185 1488 mandamus
1198 1463 1314 1497 quate-

307 1526 369 1547 nus
386 1515 586 1546 antedictum
604 1514 755 1544 abbatem
772 1514 909 1552 ejusque
925 1516 1123 1542 conventum
1143 1516 1178 1541 ut
1193 1511 1244 1541 vel
1263 1511 1314 1549 ip-

307 1579 378 1599 sum
397 1569 592 1598 canonicum
618 1571 671 1596 aut
692 1570 936 1605 procuratorem
953 1574 1061 1599 suum,
1080 1565 1150 1603 ejus
1168 1564 1312 1598 nomine,

307 1627 485 1661 proventus
507 1620 699 1659 permittant
716 1619 884 1657 percipere
903 1622 1110 1653 memoratos,
1133 1621 1163 1647 et
1180 1617 1314 1647 satisfa-

307 1675 394 1704 ciant
412 1675 441 1704 ei
462 1673 700 1703 nichilominus
726 1681 743 1700 a
764 1672 848 1701 facte
874 1671 939 1700 sibi
965 1670 1151 1700 collationis
1172 1674 1315 1708 tempore

307 1728 345 1757 de
369 1727 542 1765 perceptis,
568 1730 623 1754 aut
645 1725 825 1763 predictam
853 1724 883 1753 ei
910 1723 1104 1761 pensionem
1130 1723 1312 1760 assignent,

306 1780 358 1810 vel
386 1780 474 1809 infra
503 1783 741 1816 competentem
773 1777 950 1807 terminum
982 1786 998 1806 a
1028 1781 1056 1806 te
1087 1775 1314 1814 prefigendum

307 1834 442 1865 eisdem,
461 1833 530 1870 ipse
551 1832 651 1861 abbas
670 1830 889 1869 personaliter
910 1834 940 1859 et
960 1833 1141 1859 conventus
1164 1838 1221 1867 per
1240 1838 1315 1866 pro-

306 1892 490 1916 curatorem
508 1886 662 1915 idoneum
681 1890 792 1914 nostro
809 1893 842 1913 se
863 1883 1053 1921 conspectui
1073 1886 1311 1920 representent,

305 1940 472 1970 ostensuri
489 1948 589 1978 quare
607 1939 639 1968 id
660 1938 731 1969 fieri
748 1947 812 1967 non
830 1937 945 1967 debeat
962 1936 1012 1966 vel
1029 1945 1093 1965 non
1111 1936 1223 1974 possit,
1245 1945 1315 1965 mo-

306 2003 385 2024 neas
405 1993 563 2023 attentius
587 1996 618 2021 ct
642 1992 819 2021 efficaciter
840 1990 997 2019 inducere
1020 1998 1084 2019 non
1108 1989 1241 2019 omittas
1266 2007 1312 2017 —.

306 2048 379 2076 Non
400 2046 549 2075 obstante
575 2044 812 2074 constitutione
837 2043 875 2073 de
898 2043 1026 2072 duabus
1053 2042 1152 2072 dietis
1173 2042 1261 2072 edita
1279 2042 1313 2071 in

306 2098 446 2128 concilio
463 2097 621 2134 generali.
640 2097 815 2126 dummodo
835 2096 920 2125 ultra
945 2095 1075 2125 tertiam
1095 2095 1146 2124 vel
1163 2099 1314 2133 quartam

306 2161 381 2190 pars
414 2151 517 2180 altera
548 2154 639 2179 extra
668 2158 762 2179 suam
792 2149 950 2179 diocesim
983 2148 1023 2177 ad
1051 2148 1215 2187 judicium
1249 2157 1313 2178 non

305 2204 467 2234 trahatur.
495 2204 567 2232 Dat.
597 2203 761 2237 Laterani,
787 2203 815 2231 V
838 2210 942 2231 nonas
962 2201 1053 2235 maii,
1073 2210 1159 2230 anno
1180 2201 1314 2239 quinto-

305 2257 443 2287 decimo.
466 2268 479 2282 ι,

375 2427 494 2456 5999

338 2491 568 2525 Arcliiepiseopo
608 2489 798 2516 Brundusino
833 2497 967 2515 excessus
1007 2497 1073 2515 suos
1108 2497 1175 2521 erga
1209 2489 1313 2514 fratres

304 2540 524 2567 Praedicatorcs
560 2538 722 2565 Brundusii
756 2538 949 2563 veliementer
978 2537 1099 2563 crimini
1130 2537 1196 2569 dat,
1229 2536 1313 2569 eique

304 2589 426 2615 mandat
443 2590 586 2622 quatenus
603 2587 716 2613 cosdem
740 2587 844 2613 fratres
859 2594 1017 2619 eorumque
1034 2585 1233 2612 benefactores
1248 2593 1314 2611 mo-

304 2640 419 2665 lestare,
435 2640 466 2664 ut
488 2637 609 2667 solebat,
628 2637 656 2662 in
675 2638 822 2670 posterum
841 2638 933 2662 cesset
963 2650 994 2653 —
1011 2636 1098 2667 (REO.
1119 2635 1163 2667 20,
1184 2636 1203 2661 f.
1223 2635 1256 2661 73
1271 2637 1311 2667 r⁰;

302 2695 372 2713 ann.
388 2685 451 2717 XV,
469 2694 493 2711 c.
511 2686 558 2715 412
577 2700 607 2702 —
625 2685 757 2711 MonEAU
774 2684 853 2717 1193,
868 2686 886 2710 1'.
904 2683 970 2715 286;
990 2698 1020 2701 —
1038 2685 1075 2710 cf.
1088 2691 1182 2716 supra,
1198 2692 1214 2709 n
1243 2683 1312 2710 5996

301 2738 331 2762 et
346 2734 438 2765 5997.)

917 2426 1038 2457 Latran,
1056 2426 1070 2452 4
1089 2425 1147 2452 mai
1163 2425 1241 2452 1241.

345 2848 356 2860 ι(
378 2857 397 2862 ..
417 2835 640 2871 archiepiscopo
661 2833 870 2862 Brundusino.
886 2832 973 2868 Quid
993 2832 1148 2870 gloriaris
1161 2832 1196 2861 in
1213 2831 1310 2861 mali-

334 2954 356 2977 1.
374 2956 423 2976 Ms.
439 2962 445 2976 :
462 2956 488 2976 et
504 2959 545 2976 ve.

1395 345 1467 380 tia1,
1479 346 1535 384 qui
1552 350 1580 376 te
1597 356 1717 384 genere
1733 347 1889 378 nobilem.
1909 348 2049 378 scientia
2068 348 2229 386 preditum
2249 354 2279 379 et
2296 350 2400 379 mori·

1392 397 1453 427 bus
1466 399 1589 429 asseris
1602 400 1824 438 insignitum?
1840 401 1906 431 Cur
1918 401 2142 431 ministerium
2154 402 2340 439 pontificale
2351 402 2399 432 vi—

1394 454 1536 488 tuperas,
1551 452 1607 490 qui
1623 457 1722 482 totam
1742 453 1884 482 Bibliam
1904 457 1933 483 te
1949 454 2045 483 corde
2062 454 2146 484 scire
2162 455 2372 485 commendas
2384 454 2402 484 Ῡ

1394 502 1488 532 Unde
1506 503 1566 532 tibi
1587 508 1678 534 tanta
1700 505 1838 535 audacia
1861 506 2039 544 spernendi
2059 507 2230 537 ministros
2251 508 2399 543 Domini,

1393 560 1541 585 sanctam
1563 557 1734 587 studentes
1750 558 1932 588 Ecclesiam
1950 559 2059 589 verbis
2076 563 2106 589 et
2125 559 2280 597 operibus
2299 569 2400 590 vene-

1392 608 1483 637 rari?
1507 610 1604 644 Sane,
1629 611 1714 640 sicut
1738 620 1753 640 a
1774 615 1828 640 tue
1847 611 1988 641 consciis
2011 611 2212 642 conditionis
2232 613 2396 649 innuitur,

1392 660 1425 689 id
1441 669 1476 690 ex
1495 662 1612 699 capitis
1629 662 1846 701 dispositione
1866 663 2028 701 provenit,
2050 664 2137 702 quod
2154 673 2268 702 expers
2288 665 2402 696 manie

1394 722 1457 742 non
1475 714 1597 749 existit,
1616 720 1711 752 prout
1726 725 1762 745 ex
1777 725 1814 745 eo
1828 716 2041 754 presumitur,
2058 717 2143 755 quod
2158 717 2294 747 dilectos
2313 718 2402 748 filios

1394 766 1512 796 fratres
1528 767 1655 797 ordinis
1674 769 1920 799 Predicatorum
1944 769 2126 799 Brundusii
2145 775 2399 806 commorantes,

1394 819 1422 848 si
1445 821 1646 857 presentiam
1671 826 1759 850 tuam
1784 822 1917 857 adeunt,
1938 831 2014 860 sepe
2038 822 2174 852 lacessis
2197 823 2345 862 injuriis,
2369 828 2404 854 et.

1393 872 1491 910 ipsos,
1525 877 1554 903 te
1579 873 1613 902 in
1640 874 1737 904 vinea
1761 875 1895 904 Domini
1923 875 2000 905 otiis
2027 875 2236 910 immorante,
2264 876 2401 906 verbum

1393 925 1459 955 vite
1477 926 1510 954 in
1528 926 1668 955 ecclesia
1684 927 1801 966 majori
1824 937 2006 966 proponere
2028 937 2091 957 non
2114 928 2186 958 sine
2209 928 2404 959 difficultate

1394 979 1570 1016 permittis,
1594 979 1708 1009 multis
1731 980 1764 1008 in
1789 981 1966 1010 commisso
1993 980 2052 1009 tibi
2078 990 2176 1018 grege
2202 981 2274 1011 sine
2303 982 2404 1019 spiri—

1396 1031 1475 1060 tuali
1497 1032 1644 1069 profectu
1663 1033 1889 1070 manentibus,
1909 1033 1984 1062 dum
2004 1042 2063 1063 nec
2079 1033 2128 1062 illi
2148 1043 2204 1072 per
2222 1038 2251 1064 te
2270 1034 2405 1065 celestis

1394 1084 1531 1114 dulcedo
1548 1094 1667 1115 manne
1685 1086 1848 1123 gustanda
1862 1086 2030 1120 tribuitur,
2052 1095 2111 1116 nec
2127 1087 2233 1125 ipsam
2253 1096 2310 1125 per
2330 1097 2405 1118 eos-

1394 1138 1466 1167 dem
1483 1138 1601 1168 fratres
1615 1139 1771 1176 congruis
1782 1139 1968 1177 dispensari
1982 1140 2184 1178 temporibus
2198 1140 2404 1178 indulgetur,

1394 1191 1444 1220 Ad
1460 1191 1595 1230 majoris
1612 1192 1711 1221 etiam
1728 1192 1996 1222 inconvenientie
2014 1192 2158 1230 signum,
2176 1202 2233 1231 per
2250 1194 2403 1223 Brundu-

1395 1244 1511 1282 sin[as]
1532 1244 1689 1274 ecclesias
1706 1245 1985 1275 excommunicari
2007 1245 2134 1275 faciens
2155 1246 2329 1276 universos
2346 1247 2406 1285 qui

1396 1297 1481 1335 apud
1500 1297 1603 1326 dictos
1624 1297 1744 1327 fratres
1769 1297 1972 1336 sepulturam
1998 1298 2168 1335 eligerent,
2190 1298 2240 1328 vel
2256 1298 2405 1337 ipsorum

1396 1350 1486 1380 adire
1505 1350 1636 1379 domum
1659 1359 1716 1388 pro
1737 1350 1924 1379 animarum
1945 1350 2085 1380 consilio
2107 1355 2350 1389 attemptarent,
2369 1361 2407 1382 os

1396 1407 1500 1437 tuum,
1512 1403 1745 1433 maledictione
1755 1403 1918 1442 plenum‘,
1937 1403 1975 1433 ad
1992 1403 2086 1433 illum
2099 1403 2246 1433 dilatasti
2261 1405 2407 1442 procaci-

1397 1456 1473 1485 tatis
1486 1465 1668 1493 excessum,
1682 1461 1729 1490 ut,
1747 1456 1936 1486 eorumdem
1949 1461 2097 1494 pretextu
2114 1457 2266 1490 fratrum,
2282 1457 2407 1496 quihus

1397 1509 1483 1548 quod
1506 1509 1673 1539 nullorum
1694 1510 1922 1540 consessiones
1946 1510 2094 1545 audiant,
2119 1510 2308 1546 interdicis,
2330 1520 2408 1549 pro-

1398 1563 1483 1592 ferre
1516 1563 1775 1601 presumpseris,
1809 1564 1916 1593 sactus
1944 1563 2158 1593 audientibus
2188 1564 2222 1593 in
2252 1564 2406 1600 dirisum,

1397 1617 1483 1654 quod
1514 1616 1705 1655 hujusmodi
1735 1616 1906 1646 audientia
1937 1625 1995 1646 nec
2026 1626 2043 1645 a
2072 1618 2220 1647 Romano
2248 1618 2409 1648 Pontifice

1399 1679 1458 1699 nec
1479 1669 1586 1707 legato
1612 1670 1646 1698 in
1671 1674 1727 1699 tua
1753 1669 1928 1707 parrochia
1953 1674 2064 1707 posset
2090 1669 2173 1704 fieri,
2198 1670 2322 1709 absque
2351 1675 2409 1701 tua

1397 1723 1533 1753 licentia
1550 1722 1698 1761 speciali.
1718 1722 1805 1758 Quid
1821 1722 1935 1760 plura?
1959 1722 2129 1752 Dictorum
2146 1723 2286 1753 fratrum
2303 1723 2409 1754 eccle-

1399 1776 1493 1810 siam,
1519 1785 1537 1805 a
1565 1776 1672 1814 prima
1696 1775 1892 1806 fundatione
1915 1775 1967 1805 sui
1995 1784 2013 1805 a
2040 1775 2219 1815 cujuslibet
2241 1776 2409 1807 solutione

1398 1838 1518 1859 census
1541 1829 1735 1863 immunem,
1761 1828 1901 1858 moliens
1923 1828 1962 1858 de
1988 1838 2071 1859 novo
2094 1829 2154 1858 tibi
2176 1830 2313 1860 reddere
2334 1839 2407 1860 cen-

1398 1882 1536 1917 sualem,
1556 1881 1594 1911 de
1611 1881 1678 1911 hiis
1697 1890 1760 1920 que
1781 1881 1815 1910 in
1839 1881 2057 1919 ornamentis,
2079 1881 2128 1912 vel
2147 1891 2203 1920 pro
2220 1883 2268 1913 eis
2284 1892 2343 1913 seu
2360 1884 2408 1913 fa-

1397 1935 1489 1965 brica
1510 1939 1582 1970 etc.y
1607 1939 1642 1964 ut
1665 1943 1782 1972 supra,
1805 1934 1839 1963 in
1865 1934 2112 1964 XXXV11111³1³
2133 1935 2254 1970 littera,
2277 1945 2407 1975 usque:

1398 1988 1514 2018 debeat
1527 1987 1729 2023 defraudari,
1749 1992 1780 2017 tu
1800 1987 2045 2022 tamen,dicens
2057 1988 2155 2026 quod,
2169 1989 2409 2027 qualitercum-

1398 2050 1461 2080 que
1482 2041 1579 2071 dictis
1601 2040 1762 2070 fratribus
1777 2040 1907 2078 legatur
1923 2041 2062 2079 aliquid,
2089 2045 2145 2071 tua
2165 2042 2337 2072 fraudatur
2353 2051 2408 2073 ec-

1398 2094 1511 2131 clesia,
1530 2094 1595 2124 nisi
1613 2098 1731 2133 quarta
1747 2093 1807 2123 tibi
1824 2094 1862 2123 de
1885 2093 2040 2124 omnibus
2062 2094 2237 2129 tribuatur,
2258 2095 2407 2125 decreta-

1397 2147 1462 2178 lem
1478 2147 1669 2186 hujusmodi
1690 2146 1813 2176 nullam
1837 2156 1909 2177 esse
1929 2147 2139 2184 impudenter
2155 2148 2290 2179 asseris.
2309 2149 2406 2187 quasi

1397 2200 1546 2238 privatus
1562 2201 1692 2230 interne
1715 2201 1761 2230 sis
1782 2200 1918 2230 omnino
1937 2199 2063 2230 lumine
2083 2201 2240 2236 rationis;
2265 2202 2359 2241 cujus
2376 2203 2405 2231 si

1398 2253 1457 2282 tibi
1478 2262 1553 2291 pars
1569 2253 1681 2291 aliqua
1698 2253 1923 2289 remansisset,
1948 2253 2052 2283 scires
2076 2254 2190 2292 utique
2215 2254 2312 2293 quod,
2330 2264 2404 2284 cum

1398 2306 1492 2336 Sedis
1509 2306 1696 2344 Apostolice
1711 2306 1892 2336 decretales
1905 2311 1936 2336 et
1947 2306 2202 2337 constitutiones
2217 2312 2408 2338 reverenter

1397 2359 1577 2398 suscipere,
1600 2359 1716 2389 docere
1736 2368 1772 2388 ac
1791 2368 1923 2389 servare
1948 2359 2175 2397 spoponderis,
2199 2369 2236 2390 ex
2257 2360 2406 2399 ipsarum

1397 2416 1585 2450 contemptu
1603 2411 1807 2450 dampnabili
1822 2412 1928 2441 excidi
1946 2421 1964 2441 a
1980 2412 2067 2442 beati
2086 2413 2174 2442 Petri
2189 2421 2323 2451 corpore
2338 2418 2408 2443 tan—

1396 2474 1495 2504 quam
1512 2464 1696 2494 membrum
1712 2464 1833 2494 inutile
1848 2464 2058 2502 promereris.
2078 2466 2228 2503 Insuper,
2248 2466 2408 2504 predictis

1396 2522 1427 2548 et
1445 2517 1678 2548 consimilibus
1695 2517 1886 2547 excessibus
1910 2526 1974 2547 non
1994 2522 2179 2553 contentus,
2199 2518 2234 2547 in
2250 2518 2407 2548 benefac·

1396 2576 1482 2601 tores
1499 2571 1661 2600 dictorum
1679 2571 1831 2605 fratrum,
1851 2570 1937 2600 sicut
1960 2570 2021 2599 tibi
2042 2571 2209 2600 ministrat
2225 2571 2408 2601 voluntatis

1395 2625 1550 2662 impetus,
1562 2633 1598 2653 ac
1608 2624 1727 2653 fratres
1742 2623 1885 2658 eosdem,
1900 2623 1928 2653 si
1942 2623 2170 2654 benefactores
2183 2624 2284 2662 ipsos,
2297 2629 2405 2654 tecum

1396 2678 1521 2717 aliquid
1541 2677 1727 2716 questionis
1749 2677 1922 2712 habentes,
1948 2677 2145 2716 quandoque
2167 2677 2406 2716 hospitalitatis

1394 2731 1531 2761 obtentu
1561 2731 1594 2760 in
1622 2740 1683 2760 sua
1710 2730 1804 2760 domo
1834 2730 2015 2768 recipiunt,
2051 2731 2407 2761 excommunicationis

1427 2862 1447 2887 1.
1467 2862 1508 2886 Cf.
1526 2862 1632 2892 Ps.L1‚
1648 2863 1670 2888 3.

1423 2906 1446 2930 2.
1466 2906 1507 2931 Cf.
1525 2907 1571 2931 Ps.
1588 2907 1635 2937 IX,
1649 2907 1686 2931 28.

1424 2951 1447 2974 3.
1466 2953 1622 2974 XXXVIII!
1638 2951 1741 2975 resulta
1757 2951 1838 2974 d'une
1852 2951 2016 2974 correction.
