2553 3526
148 306 197 335 101
991 290 1226 329 ΤΒΕῐΖιΕΜΕ
1250 288 1408 323 ΑΝΝΕΕ.
2191 292 2240 319 me

145 372 245 402 etiam
279 371 432 401 aliorum.
469 371 513 400 Ex
546 373 637 408 parte
667 373 776 398 antem
807 372 916 397 vestra
948 364 1153 403 repperimus

145 426 250 456 fuisse
277 433 472 462 responsum
500 422 587 462 qnod
612 421 902 451 archidiaconatus
930 418 1061 457 probari
1089 426 1152 446 non

146 482 283 516 poterat,
304 486 380 507 cuin
400 485 519 506 nomen
542 475 628 514 juris
648 475 777 508 existat,
805 478 835 503 et
864 482 927 511 qne
954 476 1031 500 sunt
1056 470 1152 509 juris.

146 531 234 561 visui
251 539 316 560 non
333 529 528 562 subsistant,
552 528 618 557 nisi
636 528 759 557 factum
779 527 895 556 suisset
917 529 1097 557 ostensum,
1118 532 1153 552 ex

147 584 278 622 quojus
295 583 423 621 posset¹
437 580 628 620 hujusmodi
645 579 865 618 processisse:
887 577 944 607 sed
961 586 1019 606 nec
1037 585 1073 605 ex
1092 575 1157 613 pri-

148 636 268 673 vilegio
293 645 352 665 seu
381 634 561 673 prescripta
592 632 832 662 consuetudine
866 630 1156 660 archidiaconatus

149 689 268 724 extitit,
289 697 363 718 cum
384 688 423 717 de
443 688 517 726 jure
540 685 708 716 communi
735 694 798 714 non
823 688 908 713 esset
936 688 991 712 ant
1019 682 1156 712 ecclesie

150 741 373 772 institutione.
401 740 575 778 probatus:
599 748 663 777 quo
681 747 744 767 non
772 742 913 767 ostenso.
947 745 1004 765 nec
1032 739 1155 773 poterat

150 793 282 833 probari
300 801 479 826 connexus,
498 792 576 831 quia
603 800 666 820 non
685 790 839 819 existenti
861 788 1069 819 substantivo
1093 795 1156 816 non

151 847 236 877 valet
252 846 390 876 attribui
407 845 621 884 adjectivum:
645 844 730 873 unde
748 848 848 873 testes
872 842 911 871 ad
927 841 1009 871 illud
1032 841 1157 870 inducti

150 900 248 930 Iidem
271 899 408 928 minime
428 898 604 931 faciebant,
623 906 755 927 causam
773 906 830 926 sne
848 896 986 925 scientie
1005 904 1066 924 non
1085 894 1158 923 red-

150 953 278 987 dentes,
295 952 372 982 licet
388 951 492 981 solam
509 960 622 981 eorum
639 950 894 980 attestationem.
915 958 988 977 cum
1005 949 1043 977 de
1061 956 1160 977 causa

150 1005 346 1043 interrogati
363 1014 427 1034 non
449 1004 583 1039 suerint,
611 1012 686 1042 pars
712 1003 815 1032 altera
838 1002 957 1031 dixerit
975 1000 1158 1030 suffecisse.

151 1059 330 1090 Debuisset
356 1058 454 1088 etiam
479 1058 623 1087 decanus
646 1056 820 1086 ostendere
841 1055 1158 1086 archidiaconatum.

151 1118 250 1152 quem
266 1121 301 1142 se
320 1111 441 1141 habere
465 1110 604 1144 dicebat,
625 1119 660 1139 ex
686 1109 860 1147 privilegio
879 1108 930 1138 vel
953 1098 1161 1144 indulgentia

152 1166 247 1197 Sedis
263 1164 451 1204 Apostolice
478 1164 633 1194 retinere.
652 1172 726 1192 cum
751 1170 961 1200 nequaqnam
987 1161 1018 1189 id
1039 1160 1103 1189 sibi
1123 1160 1161 1189 de

147 1219 223 1258 jure
249 1218 372 1253 liceret,
398 1217 539 1247 maxime
565 1226 650 1249 cum,
683 1216 808 1246 ratione
835 1215 1026 1243 decanatus.
1056 1213 1162 1242 solum

151 1280 263 1302 curam
282 1280 316 1301 se
339 1270 527 1300 animarum
551 1269 787 1299 canonicorum
813 1267 946 1300 habere.
968 1276 1014 1295 ac.
1036 1266 1162 1295 ratione

151 1325 453 1358 archidiaconatus„
473 1323 648 1353 hominum
664 1322 753 1351 infra
772 1320 1020 1360 balleug[uam]‚
1048 1320 1082 1348 in
1109 1320 1163 1358 jn-

125 1370 128 1374 *
152 1379 238 1408 dicio
256 1378 434 1412 fateretur;
463 1381 494 1406 et
517 1376 591 1406 ideo
606 1376 639 1404 in
659 1375 893 1413 prescribendo
913 1374 1164 1403 archidiacona-

155 1436 224 1462 tum
242 1430 365 1461 habere
382 1439 447 1459 non
470 1429 576 1467 potnit
599 1429 716 1458 bonam
746 1428 860 1461 fidem;
889 1427 946 1456 sed
970 1430 1165 1465 personatus

155 1485 244 1523 ipsos
261 1492 327 1513 non
348 1488 504 1521 tanquam
519 1482 600 1511 duos
615 1490 649 1511 se
668 1481 789 1511 hahere
801 1480 941 1511 dicebat,
956 1480 1021 1511 sed,
1039 1479 1166 1508 ratione

155 1536 388 1571 connexitatis,
405 1541 441 1565 ut
458 1544 572 1565 unum.
595 1534 687 1570 Quod
705 1538 814 1563 autem
833 1534 977 1563 decanus
995 1538 1025 1562 et
1047 1532 1168 1562 subde-

155 1599 258 1620 canus
283 1593 395 1620 essent
414 1588 650 1623 archidiaconi,
672 1587 843 1625 probatum
866 1596 929 1615 non
957 1586 1075 1616 extitit.
1094 1594 1167 1614 cum

158 1649 258 1674 testes
274 1643 531 1673 insufficientem
549 1650 683 1671 causam
701 1641 904 1671 reddiderint
924 1640 1090 1678 requisiti.
1113 1640 1169 1668 de-

157 1700 317 1735 ponentes
335 1704 390 1726 eos
407 1704 479 1725 esse
492 1694 755 1729 archidiaconos,
775 1694 853 1732 quia
871 1693 1028 1722 citabant.
1047 1701 1169 1730 cogno-

158 1749 294 1780 scebant
304 1749 343 1778 de
355 1748 477 1783 causis,
490 1747 647 1777 tollebant
658 1747 825 1777 emendas.
841 1745 1169 1776 excommunicalmnt

158 1807 190 1833 et
208 1801 424 1832 absolvebant
442 1801 595 1830 homines
612 1800 758 1829 civitatis
782 1804 809 1829 et
834 1799 1045 1838 balleug[ue]‚
1064 1807 1100 1828 ac
1118 1798 1170 1826 in-

160 1855 363 1886 terdicebant
386 1854 555 1889 eeclesias,
576 1862 635 1883 nec
653 1862 717 1883 non
736 1853 916 1882 visitabant
934 1852 1076 1882 easdem.
1099 1860 1171 1880 cor-

158 1908 297 1947 rigendo
313 1907 348 1937 in
364 1907 447 1946 ipsis
467 1916 504 1936 ea
521 1916 584 1945 que
599 1906 795 1944 corrigenda
811 1906 985 1939 videba1it3
1002 1905 1035 1933 in
1049 1904 1170 1943 quibus

159 1961 315 1992 omnibus
340 1960 469 1990 obediri
491 1960 645 1990 dicebant
666 1960 803 1990 eisdem.
824 1960 886 1989 Per
906 1958 1100 1988 exercitium
1127 1958 1172 1986 si-

160 2014 295 2054 quidem
316 2014 434 2044 horum
453 2017 484 2043 et
510 2013 768 2047 observantiam,
794 2011 1072 2042 archidiaconalis
1086 2011 1173 2049 juris

160 2067 344 2106 proprietas
374 2066 425 2096 vel
455 2066 551 2105 quasi
586 2066 724 2095 minime
755 2065 966 2103 probabatur.
999 2064 1174 2102 presertim

161 2130 236 2151 cum
252 2129 317 2151 non
333 2120 454 2150 fuisset
473 2124 645 2150 ostensum
662 2129 716 2150 eos
740 2119 801 2149 hoc
821 2120 896 2158 jure
919 2123 1008 2148 tanto
1030 2123 1174 2155 ternpore

161 2183 240 2204 usos
261 2182 346 2211 esse,
368 2173 456 2212 quod
479 2173 520 2203 ad
544 2173 818 2211 prescriptionem
849 2172 1032 2209 legitimam
1061 2180 1175 2209 perve-

163 2227 279 2262 nisset,
299 2226 451 2265 quamvis
473 2235 560 2255 unns
585 2226 730 2257 testium,
754 2225 1007 2263 sexagenarium
1027 2234 1061 2254 se
1085 2233 1174 2253 asse—

163 2289 251 2315 rens,
279 2279 326 2309 sic
353 2279 442 2317 ipsos
469 2279 516 2308 uti
547 2289 565 2308 a
597 2284 739 2317 tempore
771 2288 835 2317 quo
867 2278 956 2307 istud
989 2277 1175 2314 intelligere

163 2333 280 2371 potuit,
305 2332 388 2362 alter
415 2341 471 2370 per
493 2332 714 2370 quadraginta
739 2340 843 2361 annos
868 2336 897 2361 et
925 2331 1076 2369 amplius.
1099 2330 1177 2360 reli-

165 2395 250 2425 quus
268 2394 354 2421 vero,
376 2386 469 2424 juxta
494 2385 724 2415 credulitatem
749 2394 854 2414 suam.
881 2394 938 2422 per
958 2384 1177 2422 quadraginta

165 2438 309 2468 dixerint
325 2447 360 2468 se
378 2438 514 2468 vidisse.
529 2447 603 2467 cum
621 2438 748 2476 primus
760 2442 940 2467 contestem
956 2437 1008 2466 sui
1022 2436 1177 2474 temporis

166 2501 231 2522 non
251 2492 389 2522 haberet
411 2496 442 2521 et
463 2491 546 2521 alias
563 2491 819 2520 indeterminate
837 2490 1025 2528 deponeret,
1051 2499 1086 2519 ac
1108 2494 1178 2527 post

166 2550 318 2583 tempora
335 2544 519 2583 pubertatis
548 2544 604 2573 diu
629 2544 733 2582 aliqui
758 2543 959 2573 discretione
985 2552 1043 2573 seu
1067 2543 1179 2572 indul-

167 2599 279 2637 gentia
295 2598 494 2628 caruissent.
513 2602 543 2628 et
560 2597 726 2627 secundus
744 2602 774 2626 et
792 2597 921 2633 tertius,
939 2605 1080 2635 quorum
1097 2595 1179 2625 alter

167 2652 206 2682 de
229 2651 424 2682 credulitate
442 2651 647 2681 solummodo
671 2650 877 2688 deposuerat,
903 2649 1064 2679 subducto
1081 2649 1180 2687 quin-

168 2705 315 2743 quennio
332 2704 418 2743 quod
429 2704 497 2743 jam
512 2704 691 2737 effluxerat,
706 2712 779 2732 cnm
795 2707 893 2731 testes
908 2702 1030 2740 recepti
1046 2702 1180 2731 suerunt

168 2767 187 2788 a
206 2763 351 2796 tempore
370 2757 439 2787 litis
457 2762 552 2792 mote,
573 2756 850 2794 prescriptionem
867 2755 1178 2794 quadragenariam.

168 2811 264 2850 cujus
281 2811 381 2841 etiam
398 2819 464 2840 non
484 2810 546 2839 fuit
568 2814 722 2839 ostensus
742 2808 870 2841 titulus,
890 2817 954 2838 non
972 2808 1179 2846 probarant².

204 2937 224 2960 1.
244 2936 286 2960 Ou
303 2944 316 2958 α
331 2937 416 2967 possit
432 2943 459 2964 υς
477 2936 494 2959 il
509 2943 528 2966 y
545 2943 559 2958 a
576 2935 643 2958 dans
657 2942 687 2958 ce
705 2938 759 2957 mot
772 2941 824 2957 une
841 2934 1000 2963 surcharge.

203 2981 225 3005 2.
242 2983 296 3010 Sic,
313 2981 453 3011 peut-etro
471 2987 541 3010 pour
555 2981 717 3008 probarent.

1235 359 1311 388 licet
1332 359 1364 387 in
1378 368 1432 387 reo
1450 357 1594 397 [solcatq
1613 357 1860 393 solnnitcmpus
1876 356 2063 394 hujusnnuli
2082 357 2242 385 deducen-

1236 412 1324 441 dum.
1344 411 1458 440 nonin
1479 415 1606 439 actore:
1633 410 1687 439 seul
1712 410 1741 438 ei
1766 409 1918 446 prodesse
1946 409 2051 446 potins
2076 409 2243 446 proposuit

1237 474 1312 502 pars
1329 465 1476 493 adversa.
1491 468 1532 493 ct.
1552 462 1782 501 quinquennio
1797 462 1894 491 etiam
1910 462 2053 498 predicto
2068 467 2240 489 snnnnotn.

1238 517 1489 552 nichilominus,
1528 516 1709 545 secundnm
1748 524 1860 544 eornm
1894 514 2044 543 alterurn.
2077 514 2132 551 qui
2164 514 2241 541 dixit

1236 567 1317 609 (sest)
1335 570 1553 608 quznlraginta
1575 569 1672 598 annis
1690 573 1720 597 et
1741 568 1882 605 amplius
1903 576 1936 596 se
1962 567 2094 595 vidisse.
2118 571 2244 603 tvlltptls

1239 624 1407 653 sufficiens
1426 627 1620 653 romanor-21,
1647 631 1710 650 non
1737 621 1886 650 obstante
1910 620 1995 658 quod
2023 620 2080 648 hec
2107 619 2246 657 adjectio

1240 677 1344 715 pluris
1374 676 1412 705 ad
1444 676 1606 704 modicum
1636 674 1814 704 ferebatur.
1843 683 1915 702 cum
1948 677 2030 701 essct
2065 672 2245 701 secundum

1240 729 1448 767 ljn--rcetlentia
1476 729 1580 765 ipsius
1605 727 1832 765 interpretatio
1853 726 2019 759 facienda;
2044 730 2071 754 ct
2100 725 2171 753 idon
2191 724 2246 753 de-

1243 785 1336 813 bebat
1365 784 1417 812 hi<-
1440 783 1708 821 qniuquennium
1736 787 1863 819 tempus
1894 781 2057 809 modicum
2087 780 2244 818 reputari.

1241 842 1390 875 respectu
1410 836 1564 873 temporis
1591 835 1807 873 precedentis.
1831 834 1897 863 Nec
1921 834 1982 862 suit
2004 833 2154 862 abbatem
2181 842 2248 861 mo-

1243 889 1379 919 nasterii
1409 889 1509 917 vestri
1538 893 1590 917 ant
1619 888 1723 925 ipsius
1749 887 1927 915 monachos
1953 886 2068 915 «lvi-ani
2093 885 2141 914 vcl
2170 885 2248 913 sub-

1242 943 1358 972 decani
1377 942 1645 980 jurisdictionem
1672 940 1827 970 subiisse.
1851 940 2037 976 probatum:
2066 943 2106 967 ct.
2134 938 2160 966 si
2188 938 2249 966 ali-

1243 996 1373 1035 quando
1389 995 1580 1025 subiissent.
1603 998 1821 1022 monstratum
1846 1002 1908 1021 uon
1927 992 2031 1021 extitit
2058 1001 2111 1019 eos
2134 991 2191 1019 11111-
2212 991 2249 1018 sle

1244 1049 1372 1077 abbatis
1391 1048 1543 1076 mandato
1564 1047 1694 1076 fecisse.
1724 1047 1768 1074 De
1795 1045 1967 1082 parrochia
1990 1053 2118 1081 quoquc
2139 1044 2249 1071 Sancti

1245 1101 1388 1139 llylarii.
1407 1100 1493 1138 quod
1513 1104 1608 1128 esset.
1633 1103 1788 1136 tanquam
1813 1096 2083 1135 ai·cl‘1i‹l[ia(·ono].
2106 1096 2251 1133 subjecta

1245 1154 1379 1183 decano,
1398 1158 1428 1182 et
1454 1153 1486 1181 in
1509 1161 1573 1190 qua
1595 1151 1832 1180 monasterium
1857 1150 2009 1179 existeret
2037 1149 2252 1186 sepedictum.

1247 1216 1311 1236 non
1330 1207 1410 1235 Iuit³
1434 1205 1636 1234 sufficienter
1653 1208 1841 1233 ostensum:
1868 1211 1940 1231 cum
1965 1207 1992 1230 et
2015 1202 2043 1230 si
2067 1201 2196 1231 suisset.
2224 1206 2250 1229 vt

1247 1261 1284 1290 de
1302 1259 1573 1289 ureniana-onam
1590 1257 1700 1291 etiam,
1727 1256 1812 1295 quod
1830 1256 1910 1284 foret
1931 1255 1963 1283 in
1984 1254 2115 1283 civitate
2137 1258 2166 1282 et
2186 1253 2255 1281 bal-

1248 1312 1392 1351 leug[ua]
1422 1311 1570 1350 prefatis.
1608 1311 1641 1339 in
1673 1309 1763 1338 nullo
1792 1314 1901 1337 tamen
1934 1308 2102 1336 nominato
2133 1306 2255 1335 decano

1248 1370 1374 1404 poterat
1391 1363 1579 1401 suffragari.
1598 1372 1671 1391 cnm
1690 1371 1748 1391 nec
1767 1370 1799 1390 se
1817 1360 2088 1390 archidizwonnni
2106 1369 2177 1388 csse
2198 1368 2254 1387 nec

1245 1420 1299 1458 jus
1326 1416 1590 1448 archidizwonale
1622 1417 1654 1445 in
1689 1415 1861 1453 premissis
1894 1414 2014 1443 habere
2046 1413 2257 1451 aliquatenus

1249 1472 1466 1505 osteiidissc13
1485 1480 1520 1499 ac
1539 1470 1635 1499 etiam
1655 1478 1690 1498 ex
1706 1477 1743 1498 eo
1765 1477 1822 1497 nec
1841 1466 2144 1496 archidiaconatuni
2163 1466 2258 1493 deca-

1251 1526 1343 1555 natui
1369 1525 1473 1553 fnisse
1498 1531 1694 1552 connexum.
1720 1521 1835 1558 Neque
1857 1519 1991 1558 juvabat
2019 1528 2093 1548 enm
2122 1518 2258 1555 predicti

1252 1577 1478 1617 pronuntiatio
1516 1575 1731 1605 Albanensis.
1771 1574 1849 1611 quia
1886 1582 1950 1602 non
1987 1571 2255 1610 pronuntiaverat

1253 1631 1401 1662 absolute
1426 1630 1586 1659 decanum
1610 1633 1638 1657 ct
1665 1627 1889 1657 subdecanum
1916 1626 1985 1655 fore
2010 1624 2261 1653 archidiaconos

1253 1684 1397 1715 civitatis
1420 1688 1447 1713 et
1474 1681 1674 1719 ballengfiic]
1693 1677 1985 1717 Carnoten[sium].
2013 1678 2069 1707 sed
2086 1677 2261 1715 nti-iussplc

1253 1738 1367 1777 partis,
1394 1737 1427 1766 in
1450 1735 1605 1765 omnibus
1627 1743 1701 1772 que.
1727 1732 1908 1762 secundum
1931 1732 1997 1769 jus,
2022 1730 2143 1760 vollem,
2164 1739 2263 1767 snper

1254 1792 1313 1821 hoc
1332 1798 1524 1829 proponere.
1539 1789 1612 1827 jure
1630 1787 1739 1816 salvo:
1759 1790 1787 1815 et
1802 1786 1868 1823 jam
1886 1784 2033 1822 liquebat
2052 1783 2141 1812 istud
2157 1782 2261 1811 nulla-

1256 1850 1350 1874 tenus
1376 1853 1447 1873 esse
1475 1841 1660 1880 probatum.
1685 1840 1752 1869 Nec
1779 1839 1878 1868 etiam
1908 1847 1964 1865 sna
1992 1836 2194 1865 fundabatur
2216 1835 2261 1863 iu·

1256 1898 1358 1927 tentio
1384 1906 1440 1934 per
1460 1895 1587 1923 litteras
1612 1892 1810 1922 antedictas:
1841 1899 1905 1919 nou
1933 1890 2021 1919 enim
2051 1888 2261 1919 testimoniis,

1256 1951 1313 1980 sed
1338 1949 1477 1979 testibus
1506 1952 1553 1977 cst
1575 1945 1786 1976 credendum.
1810 1945 1876 1973 Nos
1899 1943 2011 1980 igitur,
2039 1942 2104 1970 hiis
2133 1947 2163 1970 et
2189 1941 2264 1970 aliis

1257 2003 1426 2033 hincinde
1445 2000 1621 2039 propositis
1638 1998 1816 2035 diligenter
1834 1996 2005 2034 inspectis.
2027 2004 2099 2024 cuni
2122 1994 2265 2023 decanus

1257 2055 1472 2087 Carnotensis
1489 2062 1553 2082 non
1574 2050 1763 2091 probasset⁴
1782 2050 1941 2079 decanum
1959 2048 2194 2078 Carnotensem
2212 2047 2266 2085 jus

1258 2107 1523 2140 archidiaconale
1541 2106 1661 2135 habere
1675 2105 1708 2133 in
1724 2104 1856 2133 civitate
1870 2107 1897 2132 et
1912 2101 2124 2138 ljalleugjua]
2139 2103 2268 2137 propter

1259 2162 1345 2202 quod
1370 2160 1516 2199 predicta
1544 2158 1684 2197 petebat,
1715 2161 1745 2186 et
1769 2156 1803 2185 in
1829 2154 2021 2193 probatione
2045 2152 2266 2191 predictorum

1260 2215 1391 2254 penitus
1415 2213 1602 2242 defecisset.
1626 2219 1700 2239 cum
1729 2218 1827 2246 super
1854 2207 1919 2236 hiis
1944 2206 2049 2235 solum
2078 2204 2267 2242 petitorium

1260 2271 1456 2299 intentasset
1477 2277 1482 2294 z
1508 2266 1546 2295 ab
1575 2263 1782 2302 impetitione
1802 2261 1917 2290 decani
1933 2258 2148 2289 Carnotensis
2170 2266 2268 2294 snper

1260 2321 1414 2353 omnibus
1443 2318 1642 2357 supradictis
1665 2316 1776 2354 petitis
1801 2324 1855 2343 vos
1878 2319 1908 2343 et
1933 2317 2077 2342 vestrum
2104 2314 2269 2339 monaste-

1262 2376 1359 2409 rium.
1380 2374 1417 2403 de
1438 2372 1577 2402 consilio
1600 2371 1739 2399 fratrum
1762 2372 1959 2397 nostrorum.
1981 2364 2193 2394 abscdviinns.
2214 2362 2269 2390 dc-

1261 2438 1341 2459 cano
1361 2425 1557 2457 Carnotensi
1576 2432 1674 2461 snper
1689 2422 1756 2451 illis
1774 2424 1967 2458 perpetuum
1983 2417 2153 2447 silentium
2171 2416 2267 2452 impo-

1262 2486 1389 2511 nentes.
1408 2481 1480 2509 Dat.
1500 2477 1661 2515 Anas-snio.
1679 2476 1758 2505 VIII
1779 2474 1854 2502 idus
1872 2470 2079 2509 septembris,
2098 2477 2184 2498 anno
2209 2473 2267 2496 ter-

1262 2534 1448 2565 tiodecimo.
1470 2546 1480 2557 n

1297 2663 1316 2685 l.
1336 2664 1385 2683 MS.
1404 2670 1409 2682 J

1294 2707 1317 2729 Q.
1337 2708 1386 2728 MS.
1402 2713 1408 2727 :

1264 2751 1363 2781 emploi
1379 2755 1444 2771 avec
1460 2748 1482 2769 le
1499 2754 1526 2769 se
1543 2745 1576 2768 de
1594 2751 1598 2767 :

1266 2801 1334 2825 pour
1350 2794 1373 2816 le
1390 2792 1496 2823 rythmo
1514 2794 1539 2813 et
1556 2789 1613 2812 doit
1630 2788 1687 2811 etre
1704 2784 1848 2809 conserve.

1297 2840 1318 2863 3.
1339 2841 1388 2861 Ms.
1406 2846 1411 2860 :
1429 2837 1537 2859 suisset.

1296 2885 1318 2907 4.
1339 2883 1388 2906 Les
1401 2880 1541 2904 dernit'aeros
1556 2879 1643 2907 lignes
1657 2876 1690 2898 de
1707 2879 1778 2898 cette
1796 2873 1880 2904 piece,
1901 2871 1998 2901 depuis
2015 2878 2019 2894 :
2038 2879 2047 2890 «1

1266 2929 1399 2952 decanum
1414 2926 1641 2949 Gai-notensem...
1658 2930 1681 2949 u,
1694 2919 1802 2950 Jusqu'a
1815 2919 1840 2940 la
1854 2917 1915 2939 «late
1930 2915 2154 2940 exclusit-outoni,
2171 2915 2217 2933 ont
2232 2911 2273 2933 cte

1427 2666 1453 2681 in
1472 2665 1516 2681 roo
1534 2657 1622 2679 solum
1639 2659 1754 2684 tompus.

1429 2704 1496 2725 dixu
1523 2709 1550 2724 se
1574 2699 1765 2730 quadraginta.
1789 2709 1817 2713 —-
1843 2695 1880 2719 Ce
1905 2694 2022 2724 premier
2047 2700 2074 2715 sc
2102 2692 2148 2714 fait
2172 2691 2272 2713 double

1617 2753 1627 2765 «
1643 2743 1760 2772 amplius
1771 2748 1798 2764 se
1810 2740 1913 2762 vidisse
1927 2747 1948 2767 υ,
1963 2737 2051 2767 lequel
2064 2740 2103 2759 est
2118 2735 2271 2758 nccessaire

2064 2876 2116 2891 non
2131 2868 2272 2898 probasset

1266 2973 1376 2996 refaites
1391 2970 1459 2992 dans
1476 2969 1499 2991 le
1516 2968 1649 2996 Reyistm.
