2553 3526
300 288 338 319 43
1031 278 1270 312 nnoisrnns
1294 277 1348 307 DE
1371 269 1593 307 GREGomE
1618 278 1677 307 1x.
2371 277 2408 306 44

303 364 371 385 sem
392 360 420 385 et
440 353 487 393 [..]
505 353 756 383 Narbonensem
776 351 1041 388 archiepiscopos
1059 358 1095 378 ac
1111 354 1224 377 eorum
1242 344 1313 374 suf·-

304 409 489 445 sraganeos„
514 415 572 435 nec
594 414 656 434 non
674 404 720 443 [..]
743 405 987 434 Lectorensem,
1006 424 1022 430 ..
1042 401 1310 431 Convennarum,

306 484 325 490 ..
345 459 660 497 Petragoricensem,
697 480 716 485 ..
750 458 995 493 Agminensem,
1025 477 1044 482 ..
1068 453 1311 482 §limatensem

306 537 323 543 ..
341 513 566 542 Aniciensem.
595 534 614 539 ..
640 509 890 540 Ruthenensem
909 509 929 537 ¹.
951 530 970 535 ..
990 505 1260 536 Lemovicensem
1283 506 1314 531 et

306 590 325 596 ..
341 567 577 597 Catili-censent
599 563 768 601 episcopos
789 566 860 591 octo
881 560 1013 589 milium
1028 558 1189 587 librarum
1210 556 1314 585 Turo-

304 619 459 649 1100511101
486 625 615 646 summa
641 615 814 652 contingit,
841 622 939 652 quam
965 611 1136 642 Leonardo
1162 608 1313 642 ‹Im-(lani,

304 670 537 709 Guastellon[i]
564 668 748 701 ι1011110015,
776 668 1011 696 Bonencuntro
1030 662 1207 702 Rogeri[i]‚
1233 661 1315 691 Gui-

304 723 407 763 don[i]
426 721 636 760 Sarracen[i].
662 720 820 750 Rainerio
840 719 946 753 Raoli,
965 717 1137 747 'Willelmo
1151 714 1315 745 Wittetmi

305 783 335 808 et
349 775 540 807 Deutesalvi
557 773 776 812 Gnadagnoli.
796 782 853 811 pro
870 781 904 802 se
922 776 951 802 et
969 780 1083 801 eorum
1099 769 1212 804 sociis,
1232 777 1315 798 mer-

305 829 472 860 catoribus
494 827 711 861 Senensilnus,
734 825 856 864 quibus
874 824 1013 854 ecclesia
1029 822 1209 853 Valentina
1229 826 1315 850 tene-

306 889 369 917 tur,
395 882 434 911 ab
461 881 542 919 ipsis
568 889 603 909 ac
630 879 669 909 ab
695 878 846 909 ecclesiis
873 885 1008 907 suarum
1037 876 1217 905 diocesum.
1249 878 1315 903 tam

305 934 465 973 exemptis
485 942 584 972 quam
606 941 670 962 non
691 931 862 970 exemptis,
885 928 1178 961 Cisterciensibus.
1199 926 1316 964 Hospi-

306 988 445 1021 talariis,
472 986 681 1024 Templariis,
712 983 987 1015 Cartusiensibus
1018 987 1046 1012 et
1078 981 1210 1011 abbatia
1237 979 1316 1010 Clu-

306 1041 457 1071 niacensi
485 1040 652 1069 dumtaxat
675 1038 831 1076 exceptis,
851 1037 1004 1066 volumus
1026 1036 1098 1065 sine
1124 1033 1316 1063 difficultate

305 1093 448 1134 persolvi
468 1103 473 1122 ι
492 1092 635 1130 singulis
652 1091 841 1121 eorumdem
859 1091 893 1119 in
915 1090 1035 1118 virtute
1057 1087 1245 1117 oljtedienlie
1267 1086 1317 1115 di-

306 1148 419 1178 stricte
438 1146 559 1176 11051115
581 1145 696 1174 damus
714 1144 835 1173 litteris
852 1144 885 1172 in
904 1142 1067 1181 preceptis
1085 1146 1130 1175 ut,
1153 1149 1317 1170 suminam

307 1201 475 1240 quejuxta
491 1199 612 1228 dictam
631 1198 830 1227 taxationem
848 1204 1119 1233 unumquemque
1141 1193 1316 1230 contingit,

306 1254 394 1283 inter
424 1262 458 1282 se
491 1261 526 1281 ac
557 1251 647 1289 ipsas
685 1249 856 1284 ecclesias,
887 1247 1107 1278 consideratis
1140 1246 1319 1283 diligenter

307 1315 422 1337 earum
452 1304 680 1335 facultatibus,
710 1303 852 1333 fideliter
879 1301 1077 1335 dividentes,
1107 1304 1138 1330 01-
1164 1300 1203 1329 ad
1229 1299 1319 1329 solu-

307 1360 431 1389 tionem
448 1367 504 1397 pro
522 1357 671 1395 portione
689 1365 751 1395 que
774 1355 864 1394 ipsas
885 1353 1059 1391 contingit,
1084 1352 1319 1391 compellentes

307 1412 450 1445 easdem,
465 1411 571 1449 ipsam
586 1410 715 1447 integre
733 1408 871 1447 prefatis
889 1406 1129 1437 mercatoribus
1142 1405 1192 1435 vel
1205 1414 1319 1435 eorum

307 1464 524 1504 procuratori,
553 1472 610 1501 per
630 1471 749 1492 manus
772 1466 899 1491 vestras
924 1460 975 1489 vel
998 1459 1136 1489 alterius
1160 1467 1257 1497 qnem
1279 1458 1320 1488 ad

307 1519 369 1548 1100
385 1517 539 1547 duxerint
555 1515 791 1554 deputandum²
807 1515 841 1543 in
861 1513 1002 1543 termino
1019 1517 1049 1542 et
1061 1512 1132 1542 1000
1148 1511 1317 1550 predictis,

307 1571 398 1601 omni
428 1569 659 1609 appellatione,
690 1567 912 1602 excusatione,
940 1566 1131 1604 exceptione
1157 1574 1193 1594 ac
1225 1573 1320 1594 occa-

307 1625 400 1654 sione
428 1632 564 1662 prorsus
597 1621 818 1655 cessantibus,
850 1620 922 1650 sine
948 1618 1096 1657 qualibet
1126 1616 1318 1647 difficultate

305 1677 515 1716 persolvant;
546 1684 610 1704 non
637 1674 848 1704 obstantibus
882 1672 1095 1702 concessione
1129 1671 1241 1709 aliqua
1269 1670 1320 1700 vel

307 1730 491 1769 privilegio,
516 1738 575 1758 sen
599 1727 807 1765 indulgentia
826 1726 875 1756 vel
897 1726 1017 1755 litteris
1037 1725 1077 1755 ad
1095 1724 1237 1755 eundem
1262 1724 1319 1753 ab·

306 1784 415 1813 batem
431 1782 688 1813 Cluniacensem
708 1785 737 1810 et
757 1779 924 1818 quoslibet
941 1779 1023 1808 alios
1041 1788 1057 1807 a
1077 1778 1159 1808 Sede
1179 1779 1318 1815 Aposto—

305 1837 369 1867 lica
386 1835 582 1874 impetratis.
603 1835 747 1872 Ideoque
765 1832 959 1863 discretioni
980 1836 1087 1861 vestre
1108 1840 1165 1870 per
1187 1835 1319 1869 aposto-

304 1890 367 1920 lica
387 1889 519 1927 scripta,
540 1889 574 1917 in
592 1887 713 1916 virtute
730 1885 919 1916 obedientie
937 1885 1087 1914 districte
1106 1883 1318 1922 precipiendo

306 1943 502 1973 mandamus
521 1946 698 1980 quatenus,
717 1940 744 1969 si
758 1939 909 1979 jamdicti
927 1938 1168 1976 archiepiscopi
1187 1942 1215 1967 et
1234 1937 1318 1976 epis-

305 1996 377 2034 copi
395 1995 446 2025 vel
462 2004 575 2025 eornm
596 1994 700 2032 aliqui
720 1993 913 2022 mandatnm
938 1996 1088 2021 nostrum
1110 1991 1317 2029 neglexerint

305 2049 495 2087 adimplere,
525 2057 580 2077 vos
602 2052 732 2077 extunc.
754 2046 936 2084 predictam
962 2044 1316 2075 excommunicationis

305 2102 505 2132 sententiam
539 2100 768 2138 sollempniter
794 2098 1014 2137 publicante&
1047 2106 1119 2127 eam
1145 2106 1251 2135 usque
1277 2096 1317 2126 ad

305 2155 436 2193 plenam
459 2154 660 2184 solutionem
679 2153 785 2191 ipsius
811 2160 939 2181 summe
964 2160 1027 2189 que
1044 2158 1316 2188 unumquemque

305 2207 478 2245 contingit,
498 2216 571 2236 cum
591 2206 743 2244 dampnis
765 2210 795 2235 et
821 2204 975 2243 expensis
992 2213 1066 2242 que,
1095 2203 1134 2233 ob
1151 2203 1317 2233 desectum

305 2260 492 2296 solutionis,
512 2260 616 2289 dictos
636 2263 835 2289 mercatores
858 2257 971 2287 subire
995 2256 1182 2295 contigerit,
1203 2255 1316 2285 usuris

303 2313 440 2343 omnino
456 2312 676 2345 cessantibus,
703 2311 847 2341 faciatis.
867 2309 1088 2348 appellatione
1109 2313 1245 2343 remota,
1263 2308 1317 2337 in-

305 2365 507 2396 violabiliter
538 2364 719 2395 observari.
747 2363 840 2400 Quod
871 2363 899 2392 si
929 2371 994 2392 non
1024 2362 1120 2391 ambo
1150 2366 1212 2392 010.
1240 2362 1315 2391 Dat.

306 2419 471 2454 Laterani,
489 2419 567 2448 XVI
583 2417 743 2448 kalendas
759 2416 858 2456 junii,
877 2424 964 2446 anno
982 2415 1219 2445 tertiodecimo.
1242 2427 1254 2441 »

373 2597 492 2625 4858
899 2595 1020 2625 Latran,
1038 2595 1071 2620 17
1088 2594 1147 2620 mai
1164 2593 1242 2620 1239.

338 2659 449 2687 Abbati
465 2660 592 2686 Sanctae
610 2658 779 2686 Genovefae
801 2657 981 2684 Parisiensis
1002 2656 1144 2683 similiter
1162 2655 1266 2683 scribit
1286 2664 1315 2682 se

302 2709 471 2737 Arelatensi
496 2707 717 2742 archiepiscopo
743 2707 864 2740 ejusque
887 2705 1082 2740 suffraganeis
1105 2705 1247 2732 mandare
1270 2707 1314 2737 ut,

302 2758 388 2792 juxta
401 2757 583 2784 taxationem
601 2763 688 2789 quam
706 2755 768 2789 ipse
782 2763 858 2789 papa
873 2755 936 2781 fieri
951 2755 1070 2787 fecerat,
1085 2761 1234 2780 summam
1249 2761 1316 2779 sex-

336 2872 356 2895 1.
379 2871 422 2895 On
444 2877 477 2893 ne
497 2870 555 2893 voit
576 2876 623 2900 pas
646 2869 748 2899 figuret·
766 2869 834 2892 dans
855 2871 926 2892 cette
947 2868 1020 2897 11510,
1039 2867 1120 2898 apres
1140 2867 1264 2897 l'eveque
1282 2867 1315 2890 de

302 2916 410 2945 Rodez,
431 2914 554 2944 l'eveque
570 2914 675 2942 d'Albi,
696 2920 801 2937 comme
817 2913 885 2937 dans
901 2913 926 2936 la
943 2912 1020 2943 piece
1036 2912 1112 2940 455&
1134 2912 1152 2935 il
1172 2912 1230 2935 faut
1250 2918 1314 2935 sans

301 2961 385 2984 doute
401 2959 564 2983 n'attribuer
579 2961 651 2982 cette
667 2957 800 2981 omission
814 2957 876 2987 qn'a
889 2957 1106 2981 l'inadvertance
1119 2956 1184 2979 d'un
1198 2955 1313 2986 copiste.

1394 346 1546 370 centarum
1565 344 1708 371 librarum
1725 343 1956 374 Turonensium,
1979 343 2009 369 in
2033 351 2090 377 qua
2105 343 2230 370 ecclesia
2244 343 2410 370 Valentina

1396 392 1572 425 quibusdam
1590 392 1706 419 civibus
1724 391 1868 418 Romanis
1886 391 2052 423 tenebatur,
2070 391 2180 418 eisdem
2197 391 2314 419 civibus
2330 392 2409 426 apud

1396 440 1584 467 Latiniacum
1598 441 1629 467 in
1642 440 1788 475 proximis
1800 439 1944 466 nundinis
1954 439 2104 466 Latiniaei
2116 440 2300 474 persolvant:
2313 440 2407 467 simili

1397 489 1537 515 mandato
1553 489 1694 523 adjuncto
1710 489 1746 515 de
1762 488 2070 515 excommunicatione
2091 490 2192 515 contra
2212 488 2336 515 rebelles
2354 497 2409 523 pu-

1397 537 1546 564 blicanda.
1562 552 1594 555 —
1611 538 1698 569 (Rae.
1714 537 1758 570 19,
1776 538 1796 564 f.
1812 537 1863 563 114
1880 534 1954 571 [108]
1969 539 2013 568 v⁰;
2030 545 2100 563 ann.
2117 537 2200 569 XIII,
2217 545 2242 563 0.
2259 537 2316 568 56.)

1439 650 1452 664 (ι
1477 662 1495 667 ..
1519 639 1619 667 abbati
1639 640 1747 668 Sancte
1769 639 1911 674 Genovefe
1930 638 2126 666 Parisz'ensz's.
2149 637 2248 672 Olim,
2271 637 2411 668 ecclesie

1396 690 1574 721 Valentine
1609 696 1680 727 010.,
1721 700 1825 730 usque
1854 701 1860 719 :
1899 690 2168 728 impendendum.
2205 690 2291 726 Quia
2334 699 2411 720 vero

1397 753 1454 782 per
1473 744 1673 774 taxationem
1703 744 1853 778 eandem,
1882 752 1982 782 quam
2007 743 2068 772 tibi
2094 743 2155 773 sub
2182 743 2273 772 bulla
2298 748 2412 774 nostra

1397 796 1551 827 duximus
1569 797 1894 831 transmittendam1,
1924 795 2148 826 venerabilem
2167 796 2304 826 fratrem
2333 805 2412 826 nos-

1398 853 1485 878 trum
1515 873 1534 878 ..
1564 849 1795 880 Arelatensem
1822 849 2110 887 archiepiscopum
2137 853 2167 879 et
2198 849 2269 888 ejus
2291 849 2412 879 suffra-

1398 910 1520 939 ganeos
1551 906 1780 932 sexcentarum
1811 901 1974 931 librarum
2004 901 2251 931 Turonensium
2283 910 2412 931 summa

1398 955 1576 992 contingit.
1604 964 1701 993 quam
1726 954 1849 985 ι1000110
1873 954 2052 992 Sagattarii
2070 954 2125 993 [01]
2144 955 2329 992 Bonagure,
2354 963 2413 992 pro

1398 1016 1433 1037 se
1452 1012 1482 1037 et
1503 1016 1615 1037 eorum
1635 1007 1751 1043 sociis,
1775 1007 1937 1038 Romanis
1959 1007 2104 1042 civibus,
2129 1007 2251 1046 quibus
2273 1007 2414 1037 ecclesia

1398 1059 1578 1090 Valentina
1602 1064 1745 1095 tenetur,
1775 1060 1815 1090 ab
1841 1060 1924 1098 ipsis
1952 1069 1989 1089 ac
2017 1060 2057 1089 ab
2085 1060 2236 1090 ecclesiis
2265 1060 2413 1099 [suarum

1399 1113 1568 1143 diocesum
1579 1113 1615 1152 2],
1635 1117 1700 1142 tam
1718 1114 1879 1152 exemptis
1897 1122 1996 1152 quam
2013 1122 2078 1142 non
2097 1113 2266 1151 exemptis,
2287 1113 2414 1144 Cister-

1399 1167 1579 1202 ciensibns.
1604 1166 1851 1204 Hospitalariis,
1871 1166 2070 1205 Templariis
2090 1171 2121 1196 et
2139 1166 2413 1197 Cartnsiensibus

1399 1219 1568 1249 dumtaxat
1586 1220 1730 1258 exceptis
1747 1224 1822 1255 010.,
1840 1207 1946 1258 usque
1966 1230 1971 1248 ε
1990 1220 2206 1258 procuratori,
2222 1229 2279 1258 per
2294 1229 2414 1250 manus

1400 1277 1473 1302 tuas
1487 1272 1522 1301 in
1540 1273 1681 1302 termino
1698 1277 1729 1302 et
1745 1272 1816 1302 1000
1832 1272 1991 1311 predictis
2017 1277 2091 1308 etc.,
2119 1281 2225 1311 usque
2247 1282 2253 1301 :
2276 1273 2413 1302 manda-

1400 1334 1473 1354 mus
1495 1329 1671 1363 quatenus,
1696 1325 1725 1355 si
1748 1325 1827 1354 dicti
1849 1325 2120 1363 archiepiscopus
2144 1330 2175 1355 et
2198 1325 2269 1364 ejus
2293 1325 2414 1356 suffra-

1401 1378 1498 1415 gassei
1519 1377 1571 1407 vel
1592 1377 1741 1416 ipsorum
1763 1377 1868 1417 aliqui
1888 1382 1961 1412 etc.,
1985 1387 2091 1416 usque
2111 1388 2117 1407 :
2137 1378 2319 1408 observari.
2337 1379 2412 1408 Dat.

1400 1434 1436 1460 ut
1452 1440 1562 1468 supra.
1583 1443 1596 1457 n

1471 1622 1589 1650 4859

1436 1684 1546 1712 Abbati
1573 1684 1676 1711 Sancti
1703 1684 1779 1719 Lupi
1805 1685 1960 1711 Trecensis
1984 1687 2011 1711 et
2036 1685 2176 1719 magistro
2201 1685 2353 1719 Stephano
2377 1685 2416 1712 de

1402 1734 1538 1763 senonis,
1567 1734 1709 1760 canonico
1737 1734 1891 1766 Trecensi,
1918 1734 2099 1760 transmittit
2122 1734 2304 1761 taxationem
2328 1734 2416 1768 juxta

1401 1791 1489 1816 quam
1504 1784 1569 1809 vult
1586 1785 1618 1810 ut
1632 1791 1683 1817 per·
1702 1783 1930 1816 Lugdunensem
1955 1786 1983 1810 et
2002 1782 2227 1810 Narbonensem
2249 1783 2415 1818 archiepis-

1401 1840 1496 1866 copos,
1513 1840 1565 1858 nee
1584 1840 1641 1858 1100
1668 1834 1695 1858 et
1716 1840 1767 1866 per
1790 1831 1940 1866 episcopos
1961 1840 2120 1866 eorumque
2140 1832 2273 1859 subditos
2294 1832 2416 1866 Lugdu-

1401 1881 1501 1907 nensis
1517 1885 1545 1907 et
1561 1880 1764 1907 Narbonensis
1780 1881 2017 1915 provinciarum,
2039 1889 2093 1907 nec
2113 1889 2171 1907 non
2192 1889 2244 1915 per
2263 1881 2414 1916 episcopos

2003 1623 2125 1656 Latran,
2140 1623 2173 1650 25
2189 1623 2248 1650 mai
2262 1623 2341 1650 1239.

1401 1930 1619 1962 Leetorensem,
1642 1930 1862 1962 Convenarum,
1885 1930 2170 1964 Petragoricensem,
2192 1931 2413 1964 Agennensem,

1400 1979 1612 2005 Mimatensem
1623 2000 1629 2011 ,
1657 1978 1866 2011 Αο1010050111,
1904 1979 2141 2011 Ruthenensem,
2177 1979 2350 2006 Albiensem
2386 1982 2414 2006 et:

1400 2028 1611 2055 Caturcensem
1629 2028 1779 2062 episcopos
1794 2031 1820 2054 et
1835 2036 1886 2062 per
1899 2028 2026 2054 electum
2042 2028 2285 2055 Lemovicensem
2300 2037 2415 2056 eorum-

1400 2085 1455 2110 que
1464 2076 1792 2105 51111111105ᾸΠ11011111100
1801 2076 1953 2108 eeclesiae,
1964 2085 2015 2111 pro
2024 2077 2233 2103 exoneratione
2244 2077 2412 2104 debitorum

1400 2125 1506 2159 quibus
1519 2125 1674 2152 tenebatur
1686 2125 1862 2159 quibusdam
1877 2119 2089 2152 mercatoribus
2102 2125 2293 2158 Senensibus,
2309 2125 2413 2161 [usque

1399 2174 1435 2201 ad
1455 2183 1602 2201 summam
1624 2176 1687 2201 octo
1708 2174 1827 2200 milium
1846 2174 1988 2201 librarum
2005 2173 2235 2209 Turonensium]
2252 2175 2413 2202 subvenia-

1399 2225 1457 2249 tur.
1475 2238 1508 2240 —
1524 2224 1611 2253 (tim.
1628 2223 1670 2255 19,
1689 2224 1708 2249 f.
1724 2223 1775 2249 114
1790 2221 1864 2258 [108]
1877 2226 1924 2255 v⁰;
1939 2231 2008 2250 ann.
2024 2223 2106 2255 XIII,
2122 2231 2147 2250 c.
2161 2223 2211 2255 57;
2229 2238 2261 2241 —-
2278 2223 2412 2251 MOREAU

1400 2271 1480 2303 1192,
1499 2272 1518 2297 t.
1534 2271 1603 2303 339;
1622 2286 1653 2290 —
1671 2273 1708 2298 ct'.
1726 2278 1823 2304 supra,
1841 2274 1870 2297 n⁰
1885 2271 1979 2303 4857.)

1441 2385 1454 2399 «
1476 2395 1495 2401 ..
1513 2374 1613 2402 abbati
1630 2374 1736 2402 Sancti
1749 2374 1827 2411 Lupi
1842 2379 1868 2402 ec
1887 2375 2033 2412 mayistro
2055 2374 2207 2411 Stephano
2224 2374 2257 2403 de
2272 2374 2411 2410 Senonis,

1400 2427 1546 2455 canonico
1558 2425 1788 2465 Trece12[sibzzs].
1800 2425 1958 2456 Volentes
1972 2426 2108 2456 omnino
2117 2435 2175 2464 per
2189 2426 2415 2465 archiepisco-

1399 2488 1457 2517 pos
1470 2483 1500 2509 et
1515 2479 1686 2517 episcopos
1704 2479 1909 2517 subscriptos
1921 2479 2064 2509 inferius
2079 2483 2236 2509 eteorum
2249 2479 2412 2515 subditos,

1395 2532 1489 2570 Juxta
1503 2532 1703 2562 taxationem
1717 2541 1815 2571 quam
1830 2532 1903 2562 fieri
1915 2532 2068 2567 fecimus,
2080 2532 2118 2562 de
2131 2532 2272 2562 fratrum
2288 2536 2415 2563 nostro-

1399 2594 1472 2615 rnm
1485 2585 1636 2620 consilio,
1647 2585 1826 2616 Valentine
1839 2585 1988 2620 ecclesie,
2006 2594 2064 2624 pro
2078 2585 2312 2616 exoneratione
2324 2586 2413 2616 debi-

1400 2643 1506 2668 torum
1530 2638 1652 2677 quibus
1673 2643 1803 2668 tenetur
1816 2638 1988 2669 Leonardo
2008 2638 2158 2674 Jordani,
2177 2638 2411 2678 Guastellon[i]

1398 2691 1575 2726 Johannis,
1596 2691 1832 2721 Bonencuntro
1858 2691 2003 2729 Rogerii,
2025 2691 2171 2722 Gnidoni
2196 2691 2409 2731 Sarracenffl,

1399 2743 1558 2774 Rainerio
1592 2744 1698 2778 Raoli,
1733 2744 1903 2774 W'illelmo
1933 2743 2098 2774 willelmi
2128 2743 2183 2783 [et]
2218 2743 2411 2774 Deutesalvi

1431 2867 1452 2890 1.
1470 2867 1504 2891 N⁰
1523 2867 1592 2892 4361.

1428 2911 1451 2935 2.
1468 2911 1521 2935 Les
1538 2912 1610 2935 deux
1628 2916 1698 2936 mots
1715 2920 1720 2936 :
1739 2922 1751 2934 <c
1768 2920 1880 2936 suarum
1897 2913 2038 2936 diocesum
2056 2920 2083 2941 »‚
2101 2916 2163 2936 sont
2181 2912 2292 2935 retablis
2309 2912 2343 2936 ici
2361 2919 2411 2943 par

1398 2957 1567 2986 conjecture,
1584 2956 1691 2987 d'apres
1707 2958 1731 2981 le
1748 2961 1822 2981 texte
1839 2957 1872 2980 de
1888 2957 1913 2980 ta
1929 2957 2007 2987 piece
2022 2957 2092 2981 4857.
