<?xml version="1.0" encoding="UTF-8"?>
<!DOCTYPE html PUBLIC "-//W3C//DTD XHTML 1.0 Transitional//EN"
    "http://www.w3.org/TR/xhtml1/DTD/xhtml1-transitional.dtd">
<html xmlns="http://www.w3.org/1999/xhtml" xml:lang="en" lang="en">
 <head>
  <title>
</title>
<meta http-equiv="Content-Type" content="text/html;charset=utf-8" />
  <meta name='ocr-system' content='tesseract 3.04.00' />
  <meta name='ocr-capabilities' content='ocr_page ocr_carea ocr_par ocr_line ocrx_word'/>
</head>
<body>
  <div class='ocr_page' id='page_1' title='image "./lesregistresdegr03cathuoft_0249.png"; bbox 0 0 2553 3526; ppageno 0'>
   <div class='ocr_carea' id='block_1_1' title="bbox 155 295 2257 345">
    <p class='ocr_par' dir='ltr' id='par_1_1' title="bbox 155 295 2257 345">
     <span class='ocr_line' id='line_1_1' title="bbox 155 295 2257 345; baseline -0 -13"><span class='ocrx_word' id='word_1_1' title='bbox 155 303 213 332; x_wconf 81' lang='lat'>477</span> <span class='ocrx_word' id='word_1_2' title='bbox 994 295 1238 339; x_wconf 72' lang='lat' dir='ltr'>QmNZIEME</span> <span class='ocrx_word' id='word_1_3' title='bbox 1261 296 1419 333; x_wconf 72' lang='lat' dir='ltr'>ANNEE.</span> <span class='ocrx_word' id='word_1_4' title='bbox 2201 317 2257 345; x_wconf 65' lang='lat'>473</span> 
     </span>
    </p>
   </div>
   <div class='ocr_carea' id='block_1_2' title="bbox 148 366 1166 2577">
    <p class='ocr_par' dir='ltr' id='par_1_2' title="bbox 148 366 1166 2577">
     <span class='ocr_line' id='line_1_2' title="bbox 154 366 1164 407; baseline 0 -10"><span class='ocrx_word' id='word_1_5' title='bbox 154 368 246 397; x_wconf 87' lang='lat' dir='ltr'>filius</span> <span class='ocrx_word' id='word_1_6' title='bbox 274 366 499 407; x_wconf 87' lang='lat' dir='ltr'>B[enedictus]</span> <span class='ocrx_word' id='word_1_7' title='bbox 527 367 565 396; x_wconf 90' lang='lat' dir='ltr'>de</span> <span class='ocrx_word' id='word_1_8' title='bbox 591 367 848 404; x_wconf 81' lang='lat' dir='ltr'>Roccabertina,</span> <span class='ocrx_word' id='word_1_9' title='bbox 880 369 1061 399; x_wconf 90' lang='lat' dir='ltr'>canonicus</span> <span class='ocrx_word' id='word_1_10' title='bbox 1085 369 1164 398; x_wconf 88' lang='lat' dir='ltr'>Ter-</span> 
     </span>
     <span class='ocr_line' id='line_1_3' title="bbox 154 420 1165 459; baseline -0.001 -9"><span class='ocrx_word' id='word_1_11' title='bbox 154 420 368 452; x_wconf 81' lang='lat' dir='ltr'>raconensis.</span> <span class='ocrx_word' id='word_1_12' title='bbox 400 420 435 449; x_wconf 92' lang='lat' dir='ltr'>in</span> <span class='ocrx_word' id='word_1_13' title='bbox 465 424 577 449; x_wconf 87' lang='lat' dir='ltr'>nostra</span> <span class='ocrx_word' id='word_1_14' title='bbox 606 421 775 458; x_wconf 77' lang='lat' dir='ltr'>proposuit</span> <span class='ocrx_word' id='word_1_15' title='bbox 805 421 973 459; x_wconf 78' lang='lat' dir='ltr'>presentia</span> <span class='ocrx_word' id='word_1_16' title='bbox 1003 421 1165 450; x_wconf 89' lang='lat' dir='ltr'>constitu-</span> 
     </span>
     <span class='ocr_line' id='line_1_4' title="bbox 156 473 1164 512; baseline -0.001 -9"><span class='ocrx_word' id='word_1_17' title='bbox 156 478 210 504; x_wconf 88' lang='lat' dir='ltr'>tus</span> <span class='ocrx_word' id='word_1_18' title='bbox 235 473 339 512; x_wconf 81' lang='lat' dir='ltr'>quod,</span> <span class='ocrx_word' id='word_1_19' title='bbox 368 482 443 503; x_wconf 85' lang='lat' dir='ltr'>cum</span> <span class='ocrx_word' id='word_1_20' title='bbox 469 473 548 503; x_wconf 90' lang='lat' dir='ltr'>olim</span> <span class='ocrx_word' id='word_1_21' title='bbox 578 473 665 503; x_wconf 90' lang='lat' dir='ltr'>inter</span> <span class='ocrx_word' id='word_1_22' title='bbox 692 474 802 511; x_wconf 90' lang='lat' dir='ltr'>ipsum</span> <span class='ocrx_word' id='word_1_23' title='bbox 829 479 859 503; x_wconf 85' lang='lat' dir='ltr'>et.</span> <span class='ocrx_word' id='word_1_24' title='bbox 885 474 1028 504; x_wconf 91' lang='lat' dir='ltr'>nobilem</span> <span class='ocrx_word' id='word_1_25' title='bbox 1056 474 1164 503; x_wconf 87' lang='lat' dir='ltr'>virum</span> 
     </span>
     <span class='ocr_line' id='line_1_5' title="bbox 156 525 1166 564; baseline -0.002 -8"><span class='ocrx_word' id='word_1_26' title='bbox 156 526 362 556; x_wconf 89' lang='lat' dir='ltr'>Bernardum</span> <span class='ocrx_word' id='word_1_27' title='bbox 387 526 425 556; x_wconf 92' lang='lat' dir='ltr'>de</span> <span class='ocrx_word' id='word_1_28' title='bbox 449 525 578 556; x_wconf 85' lang='lat' dir='ltr'>Belloc.</span> <span class='ocrx_word' id='word_1_29' title='bbox 601 527 860 556; x_wconf 77' lang='lat' dir='ltr'>Tem-aconensis</span> <span class='ocrx_word' id='word_1_30' title='bbox 883 527 1040 556; x_wconf 85' lang='lat' dir='ltr'>diocesis.</span> <span class='ocrx_word' id='word_1_31' title='bbox 1066 535 1166 564; x_wconf 85' lang='lat' dir='ltr'>super</span> 
     </span>
     <span class='ocr_line' id='line_1_6' title="bbox 154 579 1165 618; baseline -0.001 -9"><span class='ocrx_word' id='word_1_32' title='bbox 154 588 193 609; x_wconf 91' lang='lat' dir='ltr'>eo</span> <span class='ocrx_word' id='word_1_33' title='bbox 215 579 302 618; x_wconf 87' lang='lat' dir='ltr'>quod</span> <span class='ocrx_word' id='word_1_34' title='bbox 322 579 526 609; x_wconf 86' lang='lat' dir='ltr'>camerarius</span> <span class='ocrx_word' id='word_1_35' title='bbox 545 579 635 617; x_wconf 91' lang='lat' dir='ltr'>ipse¹</span> <span class='ocrx_word' id='word_1_36' title='bbox 655 579 783 609; x_wconf 87' lang='lat' dir='ltr'>dicebat</span> <span class='ocrx_word' id='word_1_37' title='bbox 803 579 1047 617; x_wconf 86' lang='lat' dir='ltr'>possessionem</span> <span class='ocrx_word' id='word_1_38' title='bbox 1065 579 1165 608; x_wconf 83' lang='lat' dir='ltr'>castri</span> 
     </span>
     <span class='ocr_line' id='line_1_7' title="bbox 155 631 1164 670; baseline 0 -9"><span class='ocrx_word' id='word_1_39' title='bbox 155 632 195 662; x_wconf 93' lang='lat' dir='ltr'>de</span> <span class='ocrx_word' id='word_1_40' title='bbox 222 631 341 666; x_wconf 80' lang='lat' dir='ltr'>Redis.</span> <span class='ocrx_word' id='word_1_41' title='bbox 372 631 458 670; x_wconf 84' lang='lat' dir='ltr'>quod</span> <span class='ocrx_word' id='word_1_42' title='bbox 486 631 542 661; x_wconf 93' lang='lat' dir='ltr'>ille</span> <span class='ocrx_word' id='word_1_43' title='bbox 571 641 590 661; x_wconf 88' lang='lat' dir='ltr'>a</span> <span class='ocrx_word' id='word_1_44' title='bbox 616 632 799 661; x_wconf 86' lang='lat' dir='ltr'>cameraria</span> <span class='ocrx_word' id='word_1_45' title='bbox 827 641 887 661; x_wconf 86' lang='lat' dir='ltr'>sua</span> <span class='ocrx_word' id='word_1_46' title='bbox 914 636 1001 661; x_wconf 88' lang='lat' dir='ltr'>tenet</span> <span class='ocrx_word' id='word_1_47' title='bbox 1030 632 1063 660; x_wconf 92' lang='lat' dir='ltr'>in</span> <span class='ocrx_word' id='word_1_48' title='bbox 1091 632 1164 661; x_wconf 83' lang='lat' dir='ltr'>feu-</span> 
     </span>
     <span class='ocr_line' id='line_1_8' title="bbox 153 685 1164 724; baseline -0.001 -9"><span class='ocrx_word' id='word_1_49' title='bbox 153 685 245 720; x_wconf 87' lang='lat' dir='ltr'>dum,</span> <span class='ocrx_word' id='word_1_50' title='bbox 263 685 417 723; x_wconf 89' lang='lat' dir='ltr'>quotiens</span> <span class='ocrx_word' id='word_1_51' title='bbox 433 685 539 723; x_wconf 83' lang='lat' dir='ltr'>ipsam</span> <span class='ocrx_word' id='word_1_52' title='bbox 557 689 692 723; x_wconf 88' lang='lat' dir='ltr'>peteret,</span> <span class='ocrx_word' id='word_1_53' title='bbox 712 685 777 715; x_wconf 92' lang='lat' dir='ltr'>sibi</span> <span class='ocrx_word' id='word_1_54' title='bbox 795 685 865 714; x_wconf 90' lang='lat' dir='ltr'>dari</span> <span class='ocrx_word' id='word_1_55' title='bbox 883 685 1013 715; x_wconf 90' lang='lat' dir='ltr'>debere.</span> <span class='ocrx_word' id='word_1_56' title='bbox 1032 689 1061 715; x_wconf 88' lang='lat' dir='ltr'>et</span> <span class='ocrx_word' id='word_1_57' title='bbox 1079 685 1164 724; x_wconf 85' lang='grc'><strong>1111011</strong></span> 
     </span>
     <span class='ocr_line' id='line_1_9' title="bbox 153 737 1164 775; baseline 0 -8"><span class='ocrx_word' id='word_1_58' title='bbox 153 738 242 768; x_wconf 90' lang='lat' dir='ltr'>idem</span> <span class='ocrx_word' id='word_1_59' title='bbox 262 737 384 767; x_wconf 88' lang='lat' dir='ltr'>nobilis</span> <span class='ocrx_word' id='word_1_60' title='bbox 403 738 576 767; x_wconf 87' lang='lat' dir='ltr'>tenebatur</span> <span class='ocrx_word' id='word_1_61' title='bbox 593 737 681 767; x_wconf 78' lang='lat' dir='ltr'>exire</span> <span class='ocrx_word' id='word_1_62' title='bbox 698 737 736 767; x_wconf 90' lang='lat' dir='ltr'>de</span> <span class='ocrx_word' id='word_1_63' title='bbox 753 738 824 775; x_wconf 89' lang='lat' dir='ltr'>ipso</span> <span class='ocrx_word' id='word_1_64' title='bbox 841 742 947 767; x_wconf 88' lang='lat' dir='ltr'>castro</span> <span class='ocrx_word' id='word_1_65' title='bbox 964 742 993 767; x_wconf 89' lang='lat' dir='ltr'>ct</span> <span class='ocrx_word' id='word_1_66' title='bbox 1012 738 1164 767; x_wconf 87' lang='lat' dir='ltr'>terminis</span> 
     </span>
     <span class='ocr_line' id='line_1_10' title="bbox 153 790 1164 830; baseline -0.001 -9"><span class='ocrx_word' id='word_1_67' title='bbox 153 791 227 830; x_wconf 86' lang='lat' dir='ltr'>ejus</span> <span class='ocrx_word' id='word_1_68' title='bbox 243 799 316 820; x_wconf 92' lang='lat' dir='ltr'>cum</span> <span class='ocrx_word' id='word_1_69' title='bbox 335 790 464 821; x_wconf 80' lang='lat' dir='ltr'>familia</span> <span class='ocrx_word' id='word_1_70' title='bbox 483 800 542 820; x_wconf 90' lang='lat' dir='ltr'>sua</span> <span class='ocrx_word' id='word_1_71' title='bbox 559 795 637 824; x_wconf 84' lang='lat' dir='ltr'>tota,</span> <span class='ocrx_word' id='word_1_72' title='bbox 658 799 694 820; x_wconf 91' lang='lat' dir='ltr'>ac</span> <span class='ocrx_word' id='word_1_73' title='bbox 712 790 783 828; x_wconf 90' lang='lat' dir='ltr'>ipse</span> <span class='ocrx_word' id='word_1_74' title='bbox 801 792 1005 821; x_wconf 88' lang='lat' dir='ltr'>camerarius</span> <span class='ocrx_word' id='word_1_75' title='bbox 1021 791 1106 821; x_wconf 89' lang='lat' dir='ltr'>bona</span> <span class='ocrx_word' id='word_1_76' title='bbox 1123 791 1164 820; x_wconf 93' lang='lat' dir='ltr'>il-</span> 
     </span>
     <span class='ocr_line' id='line_1_11' title="bbox 153 843 1164 882; baseline 0 -9"><span class='ocrx_word' id='word_1_77' title='bbox 153 843 220 873; x_wconf 90' lang='lat' dir='ltr'>lius</span> <span class='ocrx_word' id='word_1_78' title='bbox 237 852 300 882; x_wconf 88' lang='lat' dir='ltr'>que</span> <span class='ocrx_word' id='word_1_79' title='bbox 321 843 394 873; x_wconf 92' lang='lat' dir='ltr'>sine</span> <span class='ocrx_word' id='word_1_80' title='bbox 411 843 659 873; x_wconf 76' lang='lat' dir='ltr'>assecuratione</span> <span class='ocrx_word' id='word_1_81' title='bbox 683 852 742 872; x_wconf 88' lang='lat' dir='ltr'>sua</span> <span class='ocrx_word' id='word_1_82' title='bbox 767 848 843 872; x_wconf 88' lang='grc'><strong>111110</strong></span> <span class='ocrx_word' id='word_1_83' title='bbox 866 848 1076 873; x_wconf 75' lang='lat' dir='ltr'>remanerent</span> <span class='ocrx_word' id='word_1_84' title='bbox 1099 844 1164 874; x_wconf 87' lang='lat' dir='ltr'>ibi-</span> 
     </span>
     <span class='ocr_line' id='line_1_12' title="bbox 153 896 1164 935; baseline -0.001 -9"><span class='ocrx_word' id='word_1_85' title='bbox 153 897 240 932; x_wconf 79' lang='lat' dir='ltr'>dem,</span> <span class='ocrx_word' id='word_1_86' title='bbox 258 897 407 935; x_wconf 87' lang='lat' dir='ltr'>accipere</span> <span class='ocrx_word' id='word_1_87' title='bbox 425 901 570 934; x_wconf 74' lang='lat' dir='ltr'>poterat,</span> <span class='ocrx_word' id='word_1_88' title='bbox 589 900 685 934; x_wconf 90' lang='lat' dir='ltr'>prout</span> <span class='ocrx_word' id='word_1_89' title='bbox 708 896 740 925; x_wconf 92' lang='lat' dir='ltr'>in</span> <span class='ocrx_word' id='word_1_90' title='bbox 765 896 833 926; x_wconf 86' lang='lat' dir='ltr'>illis</span> <span class='ocrx_word' id='word_1_91' title='bbox 852 897 1001 934; x_wconf 88' lang='lat' dir='ltr'>partibus</span> <span class='ocrx_word' id='word_1_92' title='bbox 1027 897 1059 926; x_wconf 92' lang='lat' dir='ltr'>in</span> <span class='ocrx_word' id='word_1_93' title='bbox 1085 906 1164 926; x_wconf 85' lang='lat' dir='ltr'>casn</span> 
     </span>
     <span class='ocr_line' id='line_1_13' title="bbox 152 949 1164 983; baseline -0.001 -3"><span class='ocrx_word' id='word_1_94' title='bbox 152 949 323 980; x_wconf 85' lang='lat' dir='ltr'>consimili</span> <span class='ocrx_word' id='word_1_95' title='bbox 344 949 417 979; x_wconf 86' lang='lat' dir='ltr'>fieri</span> <span class='ocrx_word' id='word_1_96' title='bbox 436 949 620 983; x_wconf 82' lang='lat' dir='ltr'>consuevit,</span> <span class='ocrx_word' id='word_1_97' title='bbox 639 953 669 979; x_wconf 89' lang='lat' dir='ltr'>et</span> <span class='ocrx_word' id='word_1_98' title='bbox 686 949 784 979; x_wconf 86' lang='lat' dir='ltr'>rebus</span> <span class='ocrx_word' id='word_1_99' title='bbox 801 949 877 979; x_wconf 87' lang='lat' dir='ltr'>aliis</span> <span class='ocrx_word' id='word_1_100' title='bbox 896 950 1031 979; x_wconf 86' lang='lat' dir='ltr'>suborta</span> <span class='ocrx_word' id='word_1_101' title='bbox 1048 949 1164 979; x_wconf 82' lang='lat' dir='ltr'>suisset</span> 
     </span>
     <span class='ocr_line' id='line_1_14' title="bbox 153 1001 1161 1041; baseline -0.002 -9"><span class='ocrx_word' id='word_1_102' title='bbox 153 1002 293 1032; x_wconf 86' lang='lat' dir='ltr'>materia</span> <span class='ocrx_word' id='word_1_103' title='bbox 309 1002 496 1041; x_wconf 73' lang='lat' dir='ltr'>questionis</span> <span class='ocrx_word' id='word_1_104' title='bbox 512 1012 518 1030; x_wconf 73' lang='grc' dir='ltr'>ε</span> <span class='ocrx_word' id='word_1_105' title='bbox 538 1001 669 1032; x_wconf 88' lang='lat' dir='ltr'>tandem</span> <span class='ocrx_word' id='word_1_106' title='bbox 686 1002 888 1032; x_wconf 86' lang='lat' dir='ltr'>venerabilis</span> <span class='ocrx_word' id='word_1_107' title='bbox 901 1003 1003 1031; x_wconf 83' lang='lat' dir='ltr'>frater</span> <span class='ocrx_word' id='word_1_108' title='bbox 1017 1007 1127 1032; x_wconf 82' lang='lat' dir='ltr'>noster</span> <span class='ocrx_word' id='word_1_109' title='bbox 1141 1025 1161 1031; x_wconf 87' lang='lat'>..</span> 
     </span>
     <span class='ocr_line' id='line_1_15' title="bbox 151 1054 1162 1093; baseline -0.001 -8"><span class='ocrx_word' id='word_1_110' title='bbox 151 1055 412 1086; x_wconf 86' lang='lat' dir='ltr'>Terraconensis</span> <span class='ocrx_word' id='word_1_111' title='bbox 433 1054 714 1093; x_wconf 77' lang='lat' dir='ltr'>archiepiscopus,</span> <span class='ocrx_word' id='word_1_112' title='bbox 735 1055 860 1085; x_wconf 90' lang='lat' dir='ltr'>arbiter</span> <span class='ocrx_word' id='word_1_113' title='bbox 885 1055 946 1084; x_wconf 91' lang='lat' dir='ltr'>sub</span> <span class='ocrx_word' id='word_1_114' title='bbox 967 1060 1056 1084; x_wconf 68' lang='lat' dir='ltr'>certa</span> <span class='ocrx_word' id='word_1_115' title='bbox 1079 1064 1162 1093; x_wconf 87' lang='lat' dir='ltr'>pena</span> 
     </span>
     <span class='ocr_line' id='line_1_16' title="bbox 151 1107 1163 1142; baseline -0.001 -4"><span class='ocrx_word' id='word_1_116' title='bbox 151 1108 278 1139; x_wconf 85' lang='lat' dir='ltr'>electus</span> <span class='ocrx_word' id='word_1_117' title='bbox 298 1107 378 1137; x_wconf 88' lang='lat' dir='ltr'>hinc</span> <span class='ocrx_word' id='word_1_118' title='bbox 394 1107 483 1139; x_wconf 80' lang='lat' dir='ltr'>inde,</span> <span class='ocrx_word' id='word_1_119' title='bbox 501 1107 692 1137; x_wconf 88' lang='lat' dir='ltr'>arbitrando</span> <span class='ocrx_word' id='word_1_120' title='bbox 711 1108 879 1137; x_wconf 85' lang='lat' dir='ltr'>mandavit</span> <span class='ocrx_word' id='word_1_121' title='bbox 899 1113 944 1142; x_wconf 80' lang='lat' dir='ltr'>ut,</span> <span class='ocrx_word' id='word_1_122' title='bbox 968 1108 996 1137; x_wconf 84' lang='lat' dir='ltr'>si</span> <span class='ocrx_word' id='word_1_123' title='bbox 1015 1116 1163 1137; x_wconf 86' lang='lat' dir='ltr'>camera-</span> 
     </span>
     <span class='ocr_line' id='line_1_17' title="bbox 152 1160 1160 1199; baseline 0.001 -9"><span class='ocrx_word' id='word_1_124' title='bbox 152 1161 236 1195; x_wconf 85' lang='lat' dir='ltr'>rius,</span> <span class='ocrx_word' id='word_1_125' title='bbox 253 1169 354 1190; x_wconf 84' lang='lat' dir='ltr'>causa</span> <span class='ocrx_word' id='word_1_126' title='bbox 374 1160 594 1198; x_wconf 80' lang='lat' dir='ltr'>cognoscendi</span> <span class='ocrx_word' id='word_1_127' title='bbox 617 1160 756 1190; x_wconf 89' lang='lat' dir='ltr'>dominii</span> <span class='ocrx_word' id='word_1_128' title='bbox 781 1160 830 1191; x_wconf 87' lang='lat' dir='ltr'>vel</span> <span class='ocrx_word' id='word_1_129' title='bbox 853 1160 918 1190; x_wconf 86' lang='lat' dir='ltr'>alia</span> <span class='ocrx_word' id='word_1_130' title='bbox 941 1170 1160 1199; x_wconf 78' lang='lat' dir='ltr'>quacumque,</span> 
     </span>
     <span class='ocr_line' id='line_1_18' title="bbox 151 1212 1162 1252; baseline -0.002 -9"><span class='ocrx_word' id='word_1_131' title='bbox 151 1213 398 1252; x_wconf 87' lang='lat' dir='ltr'>possessionem</span> <span class='ocrx_word' id='word_1_132' title='bbox 421 1217 547 1251; x_wconf 89' lang='lat' dir='ltr'>peteret</span> <span class='ocrx_word' id='word_1_133' title='bbox 571 1213 651 1243; x_wconf 87' lang='lat' dir='ltr'>dicti</span> <span class='ocrx_word' id='word_1_134' title='bbox 673 1213 786 1247; x_wconf 82' lang='lat' dir='ltr'>castri,</span> <span class='ocrx_word' id='word_1_135' title='bbox 804 1213 952 1251; x_wconf 85' lang='lat' dir='ltr'>prefatus</span> <span class='ocrx_word' id='word_1_136' title='bbox 972 1212 1162 1250; x_wconf 79' lang='grc'><strong>0011111511)-</strong></span> 
     </span>
     <span class='ocr_line' id='line_1_19' title="bbox 150 1266 1162 1304; baseline -0.003 -7"><span class='ocrx_word' id='word_1_137' title='bbox 150 1275 225 1297; x_wconf 88' lang='lat' dir='ltr'>sum</span> <span class='ocrx_word' id='word_1_138' title='bbox 242 1266 332 1296; x_wconf 85' lang='lat' dir='ltr'>infra</span> <span class='ocrx_word' id='word_1_139' title='bbox 347 1270 474 1296; x_wconf 88' lang='lat' dir='ltr'>certum</span> <span class='ocrx_word' id='word_1_140' title='bbox 494 1270 623 1304; x_wconf 88' lang='lat' dir='ltr'>tempus</span> <span class='ocrx_word' id='word_1_141' title='bbox 640 1266 669 1296; x_wconf 90' lang='lat' dir='ltr'>ei</span> <span class='ocrx_word' id='word_1_142' title='bbox 688 1266 815 1296; x_wconf 83' lang='lat' dir='ltr'>tradere</span> <span class='ocrx_word' id='word_1_143' title='bbox 833 1270 1013 1301; x_wconf 85' lang='lat' dir='ltr'>teneretur,</span> <span class='ocrx_word' id='word_1_144' title='bbox 1030 1270 1059 1295; x_wconf 88' lang='lat' dir='ltr'>et</span> <span class='ocrx_word' id='word_1_145' title='bbox 1073 1266 1162 1295; x_wconf 77' lang='lat' dir='ltr'>exire</span> 
     </span>
     <span class='ocr_line' id='line_1_20' title="bbox 150 1318 1159 1358; baseline 0 -8"><span class='ocrx_word' id='word_1_146' title='bbox 150 1320 191 1350; x_wconf 85' lang='lat' dir='ltr'>de</span> <span class='ocrx_word' id='word_1_147' title='bbox 213 1324 322 1350; x_wconf 83' lang='lat' dir='ltr'>castro</span> <span class='ocrx_word' id='word_1_148' title='bbox 347 1319 418 1358; x_wconf 89' lang='lat' dir='ltr'>ipso</span> <span class='ocrx_word' id='word_1_149' title='bbox 439 1323 471 1349; x_wconf 87' lang='lat' dir='ltr'>et</span> <span class='ocrx_word' id='word_1_150' title='bbox 492 1319 645 1349; x_wconf 91' lang='lat' dir='ltr'>terminis</span> <span class='ocrx_word' id='word_1_151' title='bbox 669 1319 740 1357; x_wconf 86' lang='lat' dir='ltr'>ejus</span> <span class='ocrx_word' id='word_1_152' title='bbox 764 1327 838 1348; x_wconf 89' lang='lat' dir='ltr'>cum</span> <span class='ocrx_word' id='word_1_153' title='bbox 859 1318 986 1348; x_wconf 85' lang='lat' dir='ltr'>familia</span> <span class='ocrx_word' id='word_1_154' title='bbox 1003 1328 1063 1348; x_wconf 86' lang='lat' dir='ltr'>sua</span> <span class='ocrx_word' id='word_1_155' title='bbox 1083 1323 1159 1350; x_wconf 78' lang='lat' dir='ltr'>tota.</span> 
     </span>
     <span class='ocr_line' id='line_1_21' title="bbox 153 1371 1159 1410; baseline -0.003 -7"><span class='ocrx_word' id='word_1_156' title='bbox 153 1373 219 1403; x_wconf 88' lang='lat' dir='ltr'>nisi</span> <span class='ocrx_word' id='word_1_157' title='bbox 230 1372 434 1403; x_wconf 87' lang='lat' dir='ltr'>camerarius</span> <span class='ocrx_word' id='word_1_158' title='bbox 448 1381 549 1410; x_wconf 90' lang='lat' dir='ltr'>super</span> <span class='ocrx_word' id='word_1_159' title='bbox 560 1371 621 1401; x_wconf 88' lang='lat' dir='ltr'>hoc</span> <span class='ocrx_word' id='word_1_160' title='bbox 633 1372 663 1401; x_wconf 93' lang='lat' dir='ltr'>ei</span> <span class='ocrx_word' id='word_1_161' title='bbox 680 1372 821 1409; x_wconf 79' lang='lat' dir='ltr'>gratiam</span> <span class='ocrx_word' id='word_1_162' title='bbox 833 1372 956 1401; x_wconf 83' lang='lat' dir='ltr'>faceret</span> <span class='ocrx_word' id='word_1_163' title='bbox 970 1371 1159 1409; x_wconf 78' lang='lat' dir='ltr'>specialem,</span> 
     </span>
     <span class='ocr_line' id='line_1_22' title="bbox 148 1425 1161 1464; baseline -0.002 -7"><span class='ocrx_word' id='word_1_164' title='bbox 148 1431 194 1462; x_wconf 79' lang='lat' dir='ltr'>et,</span> <span class='ocrx_word' id='word_1_165' title='bbox 212 1426 320 1464; x_wconf 88' lang='lat' dir='ltr'>sique</span> <span class='ocrx_word' id='word_1_166' title='bbox 343 1434 396 1456; x_wconf 87' lang='lat' dir='ltr'>res</span> <span class='ocrx_word' id='word_1_167' title='bbox 416 1425 523 1463; x_wconf 89' lang='lat' dir='ltr'>ipsius</span> <span class='ocrx_word' id='word_1_168' title='bbox 547 1425 620 1455; x_wconf 88' lang='lat' dir='ltr'>sine</span> <span class='ocrx_word' id='word_1_169' title='bbox 643 1425 891 1455; x_wconf 78' lang='lat' dir='ltr'>assecuratione</span> <span class='ocrx_word' id='word_1_170' title='bbox 915 1425 1091 1454; x_wconf 88' lang='lat' dir='ltr'>camerarii</span> <span class='ocrx_word' id='word_1_171' title='bbox 1109 1434 1161 1455; x_wconf 86' lang='lat' dir='ltr'>re-</span> 
     </span>
     <span class='ocr_line' id='line_1_23' title="bbox 150 1478 1160 1517; baseline -0.002 -8"><span class='ocrx_word' id='word_1_172' title='bbox 150 1483 324 1509; x_wconf 84' lang='lat' dir='ltr'>manerent</span> <span class='ocrx_word' id='word_1_173' title='bbox 353 1478 493 1513; x_wconf 71' lang='lat' dir='ltr'>ibidem,</span> <span class='ocrx_word' id='word_1_174' title='bbox 525 1487 580 1508; x_wconf 87' lang='lat' dir='ltr'>eas</span> <span class='ocrx_word' id='word_1_175' title='bbox 613 1478 709 1517; x_wconf 88' lang='lat' dir='ltr'>quasi</span> <span class='ocrx_word' id='word_1_176' title='bbox 742 1487 799 1516; x_wconf 89' lang='lat' dir='ltr'>pro</span> <span class='ocrx_word' id='word_1_177' title='bbox 829 1478 998 1508; x_wconf 86' lang='lat' dir='ltr'>derelictis</span> <span class='ocrx_word' id='word_1_178' title='bbox 1029 1478 1160 1508; x_wconf 86' lang='lat' dir='ltr'>habitas</span> 
     </span>
     <span class='ocr_line' id='line_1_24' title="bbox 150 1531 1162 1571; baseline -0.001 -9"><span class='ocrx_word' id='word_1_179' title='bbox 150 1536 262 1571; x_wconf 87' lang='lat' dir='ltr'>posset</span> <span class='ocrx_word' id='word_1_180' title='bbox 283 1531 371 1562; x_wconf 90' lang='lat' dir='ltr'>idem</span> <span class='ocrx_word' id='word_1_181' title='bbox 392 1531 597 1561; x_wconf 85' lang='lat' dir='ltr'>camerarius</span> <span class='ocrx_word' id='word_1_182' title='bbox 620 1540 792 1569; x_wconf 88' lang='lat' dir='ltr'>occupare.</span> <span class='ocrx_word' id='word_1_183' title='bbox 812 1531 962 1570; x_wconf 81' lang='lat' dir='ltr'>Cumque</span> <span class='ocrx_word' id='word_1_184' title='bbox 984 1532 1091 1561; x_wconf 86' lang='lat' dir='ltr'>dictus</span> <span class='ocrx_word' id='word_1_185' title='bbox 1107 1540 1162 1561; x_wconf 86' lang='lat' dir='ltr'>ca-</span> 
     </span>
     <span class='ocr_line' id='line_1_25' title="bbox 150 1584 1161 1624; baseline -0.001 -9"><span class='ocrx_word' id='word_1_186' title='bbox 150 1584 327 1620; x_wconf 80' lang='lat' dir='ltr'>merarius,</span> <span class='ocrx_word' id='word_1_187' title='bbox 353 1584 447 1624; x_wconf 87' lang='lat' dir='ltr'>juxta</span> <span class='ocrx_word' id='word_1_188' title='bbox 479 1588 625 1614; x_wconf 89' lang='lat' dir='ltr'>tenorem</span> <span class='ocrx_word' id='word_1_189' title='bbox 656 1584 732 1614; x_wconf 89' lang='lat' dir='ltr'>talis</span> <span class='ocrx_word' id='word_1_190' title='bbox 764 1584 895 1613; x_wconf 88' lang='lat' dir='ltr'>arbitrii</span> <span class='ocrx_word' id='word_1_191' title='bbox 925 1584 1031 1622; x_wconf 84' lang='lat' dir='ltr'>ipsius</span> <span class='ocrx_word' id='word_1_192' title='bbox 1061 1585 1161 1614; x_wconf 88' lang='lat' dir='ltr'>castri</span> 
     </span>
     <span class='ocr_line' id='line_1_26' title="bbox 149 1636 1161 1679; baseline -0.001 -11"><span class='ocrx_word' id='word_1_193' title='bbox 149 1638 362 1679; x_wconf 80' lang='lat' dir='ltr'>possessione</span> <span class='ocrx_word' id='word_1_194' title='bbox 378 1642 518 1675; x_wconf 77' lang='lat' dir='ltr'>recepta,</span> <span class='ocrx_word' id='word_1_195' title='bbox 538 1637 704 1676; x_wconf 88' lang='lat' dir='ltr'>quandam</span> <span class='ocrx_word' id='word_1_196' title='bbox 721 1636 810 1666; x_wconf 89' lang='lat' dir='ltr'>bladi</span> <span class='ocrx_word' id='word_1_197' title='bbox 826 1638 1045 1676; x_wconf 79' lang='lat' dir='ltr'>quantitatem</span> <span class='ocrx_word' id='word_1_198' title='bbox 1063 1643 1092 1667; x_wconf 91' lang='lat' dir='ltr'>et</span> <span class='ocrx_word' id='word_1_199' title='bbox 1109 1647 1161 1667; x_wconf 87' lang='lat' dir='ltr'>res</span> 
     </span>
     <span class='ocr_line' id='line_1_27' title="bbox 148 1688 1161 1730; baseline -0.001 -9"><span class='ocrx_word' id='word_1_200' title='bbox 148 1688 234 1721; x_wconf 87' lang='lat' dir='ltr'>alias</span> <span class='ocrx_word' id='word_1_201' title='bbox 261 1690 402 1729; x_wconf 82' lang='lat' dir='ltr'>predicti</span> <span class='ocrx_word' id='word_1_202' title='bbox 430 1690 563 1727; x_wconf 85' lang='lat' dir='ltr'>nobilis,</span> <span class='ocrx_word' id='word_1_203' title='bbox 589 1700 653 1729; x_wconf 91' lang='lat' dir='ltr'>que</span> <span class='ocrx_word' id='word_1_204' title='bbox 675 1691 753 1730; x_wconf 82' lang='lat' dir='ltr'>sine</span> <span class='ocrx_word' id='word_1_205' title='bbox 781 1691 1029 1721; x_wconf 79' lang='lat' dir='ltr'>assecuratione</span> <span class='ocrx_word' id='word_1_206' title='bbox 1054 1691 1161 1729; x_wconf 89' lang='lat' dir='ltr'>ipsius</span> 
     </span>
     <span class='ocr_line' id='line_1_28' title="bbox 149 1744 1162 1782; baseline 0 -8"><span class='ocrx_word' id='word_1_207' title='bbox 149 1744 276 1774; x_wconf 85' lang='lat' dir='ltr'>ibidem</span> <span class='ocrx_word' id='word_1_208' title='bbox 293 1749 536 1778; x_wconf 81' lang='lat' dir='ltr'>remanserant,</span> <span class='ocrx_word' id='word_1_209' title='bbox 558 1744 740 1782; x_wconf 74' lang='lat' dir='ltr'>accepisset</span> <span class='ocrx_word' id='word_1_210' title='bbox 759 1753 764 1772; x_wconf 93' lang='lat'>:</span> <span class='ocrx_word' id='word_1_211' title='bbox 784 1744 937 1774; x_wconf 82' lang='lat' dir='ltr'>veniente</span> <span class='ocrx_word' id='word_1_212' title='bbox 958 1744 1029 1782; x_wconf 92' lang='lat' dir='ltr'>ipso</span> <span class='ocrx_word' id='word_1_213' title='bbox 1052 1745 1162 1774; x_wconf 89' lang='lat' dir='ltr'>archi-</span> 
     </span>
     <span class='ocr_line' id='line_1_29' title="bbox 148 1790 1162 1836; baseline -0.001 -8"><span class='ocrx_word' id='word_1_214' title='bbox 148 1798 304 1836; x_wconf 84' lang='lat' dir='ltr'>episcopo</span> <span class='ocrx_word' id='word_1_215' title='bbox 320 1801 435 1827; x_wconf 86' lang='lat' dir='ltr'>contra</span> <span class='ocrx_word' id='word_1_216' title='bbox 454 1790 539 1826; x_wconf 85' lang='lat' dir='ltr'>illud</span> <span class='ocrx_word' id='word_1_217' title='bbox 559 1802 591 1827; x_wconf 89' lang='lat' dir='ltr'>et</span> <span class='ocrx_word' id='word_1_218' title='bbox 612 1797 789 1827; x_wconf 82' lang='lat' dir='ltr'>mandante</span> <span class='ocrx_word' id='word_1_219' title='bbox 809 1798 895 1835; x_wconf 87' lang='lat' dir='ltr'>parti</span> <span class='ocrx_word' id='word_1_220' title='bbox 915 1797 1011 1827; x_wconf 85' lang='lat' dir='ltr'>alteri</span> <span class='ocrx_word' id='word_1_221' title='bbox 1030 1798 1162 1828; x_wconf 89' lang='lat' dir='ltr'>restitui</span> 
     </span>
     <span class='ocr_line' id='line_1_30' title="bbox 148 1850 1162 1889; baseline 0 -9"><span class='ocrx_word' id='word_1_222' title='bbox 148 1850 198 1880; x_wconf 83' lang='lat' dir='ltr'>sic</span> <span class='ocrx_word' id='word_1_223' title='bbox 215 1854 358 1889; x_wconf 72' lang='lat' dir='ltr'>accepta,</span> <span class='ocrx_word' id='word_1_224' title='bbox 379 1850 468 1880; x_wconf 91' lang='lat' dir='ltr'>idem</span> <span class='ocrx_word' id='word_1_225' title='bbox 484 1850 687 1880; x_wconf 86' lang='lat' dir='ltr'>camerarius</span> <span class='ocrx_word' id='word_1_226' title='bbox 709 1850 879 1888; x_wconf 85' lang='lat' dir='ltr'>proposuit</span> <span class='ocrx_word' id='word_1_227' title='bbox 893 1859 1002 1880; x_wconf 87' lang='lat' dir='ltr'>coram</span> <span class='ocrx_word' id='word_1_228' title='bbox 1022 1859 1059 1880; x_wconf 85' lang='lat' dir='ltr'>eo</span> <span class='ocrx_word' id='word_1_229' title='bbox 1075 1851 1162 1889; x_wconf 84' lang='lat' dir='ltr'>quod</span> 
     </span>
     <span class='ocr_line' id='line_1_31' title="bbox 148 1903 1161 1941; baseline -0.002 -7"><span class='ocrx_word' id='word_1_230' title='bbox 148 1903 192 1934; x_wconf 82' lang='lat' dir='ltr'>ad</span> <span class='ocrx_word' id='word_1_231' title='bbox 221 1903 370 1941; x_wconf 87' lang='lat' dir='ltr'>ipsorum</span> <span class='ocrx_word' id='word_1_232' title='bbox 399 1903 662 1936; x_wconf 75' lang='lat' dir='ltr'>restitutionem,</span> <span class='ocrx_word' id='word_1_233' title='bbox 694 1912 769 1941; x_wconf 89' lang='lat' dir='ltr'>que.</span> <span class='ocrx_word' id='word_1_234' title='bbox 800 1903 983 1933; x_wconf 90' lang='lat' dir='ltr'>secundum</span> <span class='ocrx_word' id='word_1_235' title='bbox 1014 1908 1161 1933; x_wconf 89' lang='lat' dir='ltr'>tenorem</span> 
     </span>
     <span class='ocr_line' id='line_1_32' title="bbox 148 1955 1159 1994; baseline 0 -8"><span class='ocrx_word' id='word_1_236' title='bbox 148 1956 231 1986; x_wconf 85' lang='lat' dir='ltr'>dicti</span> <span class='ocrx_word' id='word_1_237' title='bbox 246 1955 389 1991; x_wconf 87' lang='lat' dir='ltr'>arbitrii,</span> <span class='ocrx_word' id='word_1_238' title='bbox 404 1955 495 1986; x_wconf 86' lang='lat' dir='ltr'>licite</span> <span class='ocrx_word' id='word_1_239' title='bbox 514 1955 788 1994; x_wconf 75' lang='lat' dir='ltr'>apprehenderat,</span> <span class='ocrx_word' id='word_1_240' title='bbox 814 1956 952 1985; x_wconf 88' lang='lat' dir='ltr'>minime</span> <span class='ocrx_word' id='word_1_241' title='bbox 975 1956 1159 1986; x_wconf 87' lang='lat' dir='ltr'>tenebatur.</span> 
     </span>
     <span class='ocr_line' id='line_1_33' title="bbox 150 2009 1161 2047; baseline 0 -8"><span class='ocrx_word' id='word_1_242' title='bbox 150 2010 190 2040; x_wconf 89' lang='lat' dir='ltr'>Et</span> <span class='ocrx_word' id='word_1_243' title='bbox 211 2018 286 2039; x_wconf 86' lang='lat' dir='ltr'>cum</span> <span class='ocrx_word' id='word_1_244' title='bbox 310 2009 528 2047; x_wconf 85' lang='lat' dir='ltr'>postmodum,</span> <span class='ocrx_word' id='word_1_245' title='bbox 551 2009 591 2039; x_wconf 88' lang='lat' dir='ltr'>ad</span> <span class='ocrx_word' id='word_1_246' title='bbox 610 2018 723 2047; x_wconf 83' lang='lat' dir='ltr'>preces</span> <span class='ocrx_word' id='word_1_247' title='bbox 742 2009 879 2047; x_wconf 84' lang='lat' dir='ltr'>capituli</span> <span class='ocrx_word' id='word_1_248' title='bbox 903 2010 1161 2040; x_wconf 76' lang='lat' dir='ltr'>Tem-aconensis</span> 
     </span>
     <span class='ocr_line' id='line_1_34' title="bbox 149 2062 1162 2101; baseline 0 -8"><span class='ocrx_word' id='word_1_249' title='bbox 149 2067 182 2093; x_wconf 87' lang='lat' dir='ltr'>et</span> <span class='ocrx_word' id='word_1_250' title='bbox 207 2085 226 2092; x_wconf 93' lang='lat'>..</span> <span class='ocrx_word' id='word_1_251' title='bbox 254 2062 406 2095; x_wconf 88' lang='lat' dir='ltr'>officialis</span> <span class='ocrx_word' id='word_1_252' title='bbox 435 2062 582 2101; x_wconf 88' lang='lat' dir='ltr'>ejusdem</span> <span class='ocrx_word' id='word_1_253' title='bbox 609 2062 860 2101; x_wconf 78' lang='lat' dir='ltr'>archiepiscopi,</span> <span class='ocrx_word' id='word_1_254' title='bbox 887 2072 944 2100; x_wconf 87' lang='lat' dir='ltr'>pro</span> <span class='ocrx_word' id='word_1_255' title='bbox 966 2063 1051 2092; x_wconf 90' lang='lat' dir='ltr'>bono</span> <span class='ocrx_word' id='word_1_256' title='bbox 1072 2063 1162 2101; x_wconf 86' lang='lat' dir='ltr'>pacis</span> 
     </span>
     <span class='ocr_line' id='line_1_35' title="bbox 150 2115 1162 2153; baseline 0 -8"><span class='ocrx_word' id='word_1_257' title='bbox 150 2115 316 2146; x_wconf 84' lang='lat' dir='ltr'>restitutis</span> <span class='ocrx_word' id='word_1_258' title='bbox 341 2115 528 2145; x_wconf 86' lang='lat' dir='ltr'>estantibus</span> <span class='ocrx_word' id='word_1_259' title='bbox 550 2115 588 2145; x_wconf 90' lang='lat' dir='ltr'>de</span> <span class='ocrx_word' id='word_1_260' title='bbox 614 2115 781 2153; x_wconf 76' lang='lat' dir='ltr'>predictis,</span> <span class='ocrx_word' id='word_1_261' title='bbox 812 2115 964 2145; x_wconf 85' lang='lat' dir='ltr'>officialis</span> <span class='ocrx_word' id='word_1_262' title='bbox 989 2115 1059 2153; x_wconf 85' lang='lat' dir='ltr'>ipse</span> <span class='ocrx_word' id='word_1_263' title='bbox 1088 2124 1162 2153; x_wconf 88' lang='lat' dir='ltr'>pre-</span> 
     </span>
     <span class='ocr_line' id='line_1_36' title="bbox 149 2167 1161 2206; baseline 0 -9"><span class='ocrx_word' id='word_1_264' title='bbox 149 2172 315 2198; x_wconf 81' lang='lat' dir='ltr'>sentasset</span> <span class='ocrx_word' id='word_1_265' title='bbox 331 2167 361 2198; x_wconf 88' lang='lat' dir='ltr'>ei</span> <span class='ocrx_word' id='word_1_266' title='bbox 380 2167 509 2198; x_wconf 85' lang='lat' dir='ltr'>litteras</span> <span class='ocrx_word' id='word_1_267' title='bbox 532 2168 651 2206; x_wconf 86' lang='lat' dir='ltr'>prefati</span> <span class='ocrx_word' id='word_1_268' title='bbox 676 2167 930 2206; x_wconf 84' lang='lat' dir='ltr'>archiepiscopi,</span> <span class='ocrx_word' id='word_1_269' title='bbox 951 2168 1161 2198; x_wconf 87' lang='lat' dir='ltr'>continentes</span> 
     </span>
     <span class='ocr_line' id='line_1_37' title="bbox 151 2220 1162 2259; baseline -0.001 -8"><span class='ocrx_word' id='word_1_270' title='bbox 151 2225 197 2257; x_wconf 89' lang='lat' dir='ltr'>ut,</span> <span class='ocrx_word' id='word_1_271' title='bbox 217 2220 284 2250; x_wconf 89' lang='lat' dir='ltr'>nisi</span> <span class='ocrx_word' id='word_1_272' title='bbox 299 2220 389 2250; x_wconf 77' lang='lat' dir='ltr'>infra</span> <span class='ocrx_word' id='word_1_273' title='bbox 406 2225 533 2251; x_wconf 89' lang='lat' dir='ltr'>certum</span> <span class='ocrx_word' id='word_1_274' title='bbox 551 2221 731 2250; x_wconf 88' lang='lat' dir='ltr'>terminum</span> <span class='ocrx_word' id='word_1_275' title='bbox 755 2221 945 2251; x_wconf 88' lang='lat' dir='ltr'>restitueret</span> <span class='ocrx_word' id='word_1_276' title='bbox 966 2230 1016 2251; x_wconf 86' lang='lat' dir='ltr'>res</span> <span class='ocrx_word' id='word_1_277' title='bbox 1034 2221 1162 2259; x_wconf 84' lang='lat' dir='ltr'>predic-</span> 
     </span>
     <span class='ocr_line' id='line_1_38' title="bbox 151 2273 1160 2312; baseline 0.001 -9"><span class='ocrx_word' id='word_1_278' title='bbox 151 2278 214 2309; x_wconf 83' lang='lat' dir='ltr'>tas,</span> <span class='ocrx_word' id='word_1_279' title='bbox 232 2277 298 2303; x_wconf 86' lang='lat' dir='ltr'>tarn</span> <span class='ocrx_word' id='word_1_280' title='bbox 313 2278 459 2303; x_wconf 83' lang='lat' dir='ltr'>estantes</span> <span class='ocrx_word' id='word_1_281' title='bbox 477 2282 576 2312; x_wconf 89' lang='lat' dir='ltr'>quam</span> <span class='ocrx_word' id='word_1_282' title='bbox 597 2278 820 2312; x_wconf 84' lang='lat' dir='ltr'>consumptas,</span> <span class='ocrx_word' id='word_1_283' title='bbox 840 2273 943 2303; x_wconf 85' lang='lat' dir='ltr'>nobili</span> <span class='ocrx_word' id='word_1_284' title='bbox 960 2274 1160 2312; x_wconf 76' lang='lat' dir='ltr'>supradicto.</span> 
     </span>
     <span class='ocr_line' id='line_1_39' title="bbox 151 2326 1163 2365; baseline 0 -9"><span class='ocrx_word' id='word_1_285' title='bbox 151 2331 273 2357; x_wconf 86' lang='lat' dir='ltr'>extunc</span> <span class='ocrx_word' id='word_1_286' title='bbox 294 2335 329 2356; x_wconf 88' lang='lat' dir='ltr'>se</span> <span class='ocrx_word' id='word_1_287' title='bbox 357 2326 458 2356; x_wconf 88' lang='lat' dir='ltr'>sciret</span> <span class='ocrx_word' id='word_1_288' title='bbox 482 2326 836 2356; x_wconf 79' lang='lat' dir='ltr'>excommunicationis</span> <span class='ocrx_word' id='word_1_289' title='bbox 863 2328 1026 2357; x_wconf 84' lang='lat' dir='ltr'>sententie</span> <span class='ocrx_word' id='word_1_290' title='bbox 1050 2327 1163 2365; x_wconf 87' lang='lat' dir='ltr'>subja-</span> 
     </span>
     <span class='ocr_line' id='line_1_40' title="bbox 151 2379 1163 2417; baseline 0.001 -7"><span class='ocrx_word' id='word_1_291' title='bbox 151 2388 227 2410; x_wconf 88' lang='lat' dir='ltr'>cere</span> <span class='ocrx_word' id='word_1_292' title='bbox 251 2389 258 2408; x_wconf 89' lang='lat'>:</span> <span class='ocrx_word' id='word_1_293' title='bbox 286 2379 491 2409; x_wconf 85' lang='lat' dir='ltr'>camerarius</span> <span class='ocrx_word' id='word_1_294' title='bbox 518 2379 600 2417; x_wconf 79' lang='lat' dir='ltr'>ipse,</span> <span class='ocrx_word' id='word_1_295' title='bbox 628 2379 778 2409; x_wconf 87' lang='lat' dir='ltr'>sentiens</span> <span class='ocrx_word' id='word_1_296' title='bbox 807 2388 844 2409; x_wconf 83' lang='lat' dir='ltr'>ex</span> <span class='ocrx_word' id='word_1_297' title='bbox 872 2379 933 2409; x_wconf 87' lang='lat' dir='ltr'>hoc</span> <span class='ocrx_word' id='word_1_298' title='bbox 958 2380 1104 2410; x_wconf 88' lang='lat' dir='ltr'>indebite</span> <span class='ocrx_word' id='word_1_299' title='bbox 1128 2389 1163 2411; x_wconf 86' lang='lat' dir='ltr'>se</span> 
     </span>
     <span class='ocr_line' id='line_1_41' title="bbox 151 2431 1163 2470; baseline 0 -8"><span class='ocrx_word' id='word_1_300' title='bbox 151 2432 296 2470; x_wconf 84' lang='lat' dir='ltr'>gravari,</span> <span class='ocrx_word' id='word_1_301' title='bbox 322 2431 431 2462; x_wconf 86' lang='lat' dir='ltr'>medio</span> <span class='ocrx_word' id='word_1_302' title='bbox 457 2436 602 2470; x_wconf 83' lang='lat' dir='ltr'>tempore</span> <span class='ocrx_word' id='word_1_303' title='bbox 630 2441 739 2461; x_wconf 90' lang='lat' dir='ltr'>coram</span> <span class='ocrx_word' id='word_1_304' title='bbox 765 2432 877 2461; x_wconf 90' lang='lat' dir='ltr'>eodem</span> <span class='ocrx_word' id='word_1_305' title='bbox 906 2432 1062 2470; x_wconf 86' lang='lat' dir='ltr'>capitulo.</span> <span class='ocrx_word' id='word_1_306' title='bbox 1089 2442 1163 2463; x_wconf 88' lang='lat' dir='ltr'>cum</span> 
     </span>
     <span class='ocr_line' id='line_1_42' title="bbox 151 2484 1163 2523; baseline 0 -8"><span class='ocrx_word' id='word_1_307' title='bbox 151 2484 260 2523; x_wconf 85' lang='lat' dir='ltr'>ipsius</span> <span class='ocrx_word' id='word_1_308' title='bbox 276 2484 518 2523; x_wconf 87' lang='lat' dir='ltr'>archiepiscopi</span> <span class='ocrx_word' id='word_1_309' title='bbox 537 2484 664 2523; x_wconf 88' lang='lat' dir='ltr'>copiam</span> <span class='ocrx_word' id='word_1_310' title='bbox 687 2484 809 2514; x_wconf 88' lang='lat' dir='ltr'>habere</span> <span class='ocrx_word' id='word_1_311' title='bbox 830 2494 894 2514; x_wconf 91' lang='lat' dir='ltr'>non</span> <span class='ocrx_word' id='word_1_312' title='bbox 911 2490 1032 2523; x_wconf 77' lang='lat' dir='ltr'>posset,</span> <span class='ocrx_word' id='word_1_313' title='bbox 1051 2495 1163 2516; x_wconf 85' lang='lat' dir='ltr'>vocem</span> 
     </span>
     <span class='ocr_line' id='line_1_43' title="bbox 151 2537 1161 2577; baseline 0 -9"><span class='ocrx_word' id='word_1_314' title='bbox 151 2538 194 2568; x_wconf 83' lang='lat' dir='ltr'>ad</span> <span class='ocrx_word' id='word_1_315' title='bbox 209 2546 268 2568; x_wconf 88' lang='lat' dir='ltr'>nos</span> <span class='ocrx_word' id='word_1_316' title='bbox 285 2537 518 2576; x_wconf 86' lang='lat' dir='ltr'>appellationis</span> <span class='ocrx_word' id='word_1_317' title='bbox 533 2537 656 2568; x_wconf 84' lang='lat' dir='ltr'>emisit.</span> <span class='ocrx_word' id='word_1_318' title='bbox 675 2537 739 2567; x_wconf 82' lang='lat' dir='ltr'>Sed</span> <span class='ocrx_word' id='word_1_319' title='bbox 755 2537 863 2567; x_wconf 86' lang='lat' dir='ltr'>dictus</span> <span class='ocrx_word' id='word_1_320' title='bbox 880 2537 1161 2577; x_wconf 77' lang='lat' dir='ltr'>archiepiscopus,</span> 
     </span>
    </p>
   </div>
   <div class='ocr_carea' id='block_1_3' title="bbox 152 2662 1168 2996">
    <p class='ocr_par' dir='ltr' id='par_1_3' title="bbox 152 2662 1168 2996">
     <span class='ocr_line' id='line_1_44' title="bbox 185 2662 1164 2695; baseline 0 -7"><span class='ocrx_word' id='word_1_321' title='bbox 185 2663 206 2688; x_wconf 87' lang='lat'>1.</span> <span class='ocrx_word' id='word_1_322' title='bbox 224 2662 395 2688; x_wconf 73' lang='lat' dir='ltr'>C&#39;est-a-dire</span> <span class='ocrx_word' id='word_1_323' title='bbox 406 2664 577 2686; x_wconf 81' lang='lat' dir='ltr'>Benedictus</span> <span class='ocrx_word' id='word_1_324' title='bbox 590 2664 623 2686; x_wconf 76' lang='lat' dir='ltr'>de</span> <span class='ocrx_word' id='word_1_325' title='bbox 635 2664 846 2693; x_wconf 77' lang='lat' dir='ltr'>Roccaberlina,</span> <span class='ocrx_word' id='word_1_326' title='bbox 860 2663 917 2693; x_wconf 83' lang='lat' dir='ltr'>qui,</span> <span class='ocrx_word' id='word_1_327' title='bbox 929 2664 1062 2694; x_wconf 83' lang='lat' dir='ltr'>quelques</span> <span class='ocrx_word' id='word_1_328' title='bbox 1077 2665 1164 2695; x_wconf 84' lang='lat' dir='ltr'>lignes</span> 
     </span>
     <span class='ocr_line' id='line_1_45' title="bbox 153 2707 1166 2739; baseline 0.001 -8"><span class='ocrx_word' id='word_1_329' title='bbox 153 2708 215 2739; x_wconf 85' lang='lat' dir='ltr'>plus</span> <span class='ocrx_word' id='word_1_330' title='bbox 229 2707 305 2736; x_wconf 85' lang='lat' dir='ltr'>baut.</span> <span class='ocrx_word' id='word_1_331' title='bbox 319 2707 365 2730; x_wconf 82' lang='lat' dir='ltr'>n&#39;a</span> <span class='ocrx_word' id='word_1_332' title='bbox 380 2707 423 2730; x_wconf 75' lang='lat' dir='ltr'>ete</span> <span class='ocrx_word' id='word_1_333' title='bbox 439 2707 554 2737; x_wconf 75' lang='lat' dir='ltr'>designe</span> <span class='ocrx_word' id='word_1_334' title='bbox 575 2714 629 2737; x_wconf 87' lang='lat' dir='ltr'>que</span> <span class='ocrx_word' id='word_1_335' title='bbox 650 2714 698 2737; x_wconf 87' lang='lat' dir='ltr'>par</span> <span class='ocrx_word' id='word_1_336' title='bbox 721 2714 771 2730; x_wconf 89' lang='lat' dir='ltr'>son</span> <span class='ocrx_word' id='word_1_337' title='bbox 788 2708 846 2731; x_wconf 87' lang='lat' dir='ltr'>seul</span> <span class='ocrx_word' id='word_1_338' title='bbox 871 2708 934 2731; x_wconf 86' lang='lat' dir='ltr'>titre</span> <span class='ocrx_word' id='word_1_339' title='bbox 954 2708 988 2731; x_wconf 89' lang='lat' dir='ltr'>de</span> <span class='ocrx_word' id='word_1_340' title='bbox 1008 2711 1166 2732; x_wconf 77' lang='lat' dir='ltr'>canonicus</span> 
     </span>
     <span class='ocr_line' id='line_1_46' title="bbox 155 2751 1165 2782; baseline 0 -6"><span class='ocrx_word' id='word_1_341' title='bbox 155 2753 386 2781; x_wconf 74' lang='lat' dir='ltr'>Terraconensis,</span> <span class='ocrx_word' id='word_1_342' title='bbox 400 2758 464 2775; x_wconf 83' lang='lat' dir='ltr'>sans</span> <span class='ocrx_word' id='word_1_343' title='bbox 484 2751 568 2775; x_wconf 84' lang='lat' dir='ltr'>doute</span> <span class='ocrx_word' id='word_1_344' title='bbox 590 2759 671 2781; x_wconf 84' lang='lat' dir='ltr'>parce</span> <span class='ocrx_word' id='word_1_345' title='bbox 692 2759 756 2782; x_wconf 82' lang='lat' dir='ltr'>que,</span> <span class='ocrx_word' id='word_1_346' title='bbox 772 2759 877 2776; x_wconf 87' lang='lat' dir='ltr'>comme</span> <span class='ocrx_word' id='word_1_347' title='bbox 897 2759 934 2776; x_wconf 89' lang='lat' dir='ltr'>on</span> <span class='ocrx_word' id='word_1_348' title='bbox 954 2753 978 2776; x_wconf 86' lang='lat' dir='ltr'>le</span> <span class='ocrx_word' id='word_1_349' title='bbox 998 2760 1078 2776; x_wconf 84' lang='lat' dir='ltr'>verra</span> <span class='ocrx_word' id='word_1_350' title='bbox 1098 2753 1165 2777; x_wconf 86' lang='lat' dir='ltr'>dans</span> 
     </span>
     <span class='ocr_line' id='line_1_47' title="bbox 152 2795 1168 2827; baseline 0.001 -7"><span class='ocrx_word' id='word_1_351' title='bbox 152 2798 226 2820; x_wconf 80' lang='lat' dir='ltr'>cette</span> <span class='ocrx_word' id='word_1_352' title='bbox 241 2796 328 2819; x_wconf 72' lang='lat' dir='ltr'>meme</span> <span class='ocrx_word' id='word_1_353' title='bbox 344 2796 434 2824; x_wconf 84' lang='lat' dir='ltr'>lettre,</span> <span class='ocrx_word' id='word_1_354' title='bbox 450 2795 468 2818; x_wconf 93' lang='lat' dir='ltr'>il</span> <span class='ocrx_word' id='word_1_355' title='bbox 485 2796 558 2819; x_wconf 81' lang='lat' dir='ltr'>avait</span> <span class='ocrx_word' id='word_1_356' title='bbox 576 2795 619 2819; x_wconf 78' lang='lat' dir='ltr'>ete</span> <span class='ocrx_word' id='word_1_357' title='bbox 636 2796 756 2819; x_wconf 80' lang='lat' dir='ltr'>destituc</span> <span class='ocrx_word' id='word_1_358' title='bbox 777 2803 825 2827; x_wconf 81' lang='lat' dir='ltr'>par</span> <span class='ocrx_word' id='word_1_359' title='bbox 842 2796 1032 2827; x_wconf 70' lang='lat' dir='ltr'>l&#39;archcchue</span> <span class='ocrx_word' id='word_1_360' title='bbox 1051 2797 1084 2821; x_wconf 86' lang='lat' dir='ltr'>de</span> <span class='ocrx_word' id='word_1_361' title='bbox 1101 2797 1168 2821; x_wconf 75' lang='lat' dir='ltr'>Tar-</span> 
     </span>
     <span class='ocr_line' id='line_1_48' title="bbox 154 2840 1167 2872; baseline 0.001 -8"><span class='ocrx_word' id='word_1_362' title='bbox 154 2847 257 2871; x_wconf 77' lang='lat' dir='ltr'>ragone</span> <span class='ocrx_word' id='word_1_363' title='bbox 271 2840 305 2863; x_wconf 84' lang='lat' dir='ltr'>de</span> <span class='ocrx_word' id='word_1_364' title='bbox 321 2847 350 2863; x_wconf 88' lang='lat' dir='ltr'>sa</span> <span class='ocrx_word' id='word_1_365' title='bbox 366 2840 465 2870; x_wconf 79' lang='lat' dir='ltr'>charge</span> <span class='ocrx_word' id='word_1_366' title='bbox 486 2840 520 2863; x_wconf 82' lang='lat' dir='ltr'>de</span> <span class='ocrx_word' id='word_1_367' title='bbox 536 2840 678 2864; x_wconf 70' lang='lat' dir='ltr'>camel-ier.</span> <span class='ocrx_word' id='word_1_368' title='bbox 693 2853 724 2857; x_wconf 92' lang='lat'>—</span> <span class='ocrx_word' id='word_1_369' title='bbox 744 2840 817 2864; x_wconf 87' lang='lat' dir='ltr'>C&#39;est</span> <span class='ocrx_word' id='word_1_370' title='bbox 835 2847 866 2864; x_wconf 86' lang='lat' dir='ltr'>cc</span> <span class='ocrx_word' id='word_1_371' title='bbox 887 2841 972 2864; x_wconf 81' lang='lat' dir='ltr'>meme</span> <span class='ocrx_word' id='word_1_372' title='bbox 995 2848 1167 2872; x_wconf 82' lang='lat' dir='ltr'>personnage</span> 
     </span>
     <span class='ocr_line' id='line_1_49' title="bbox 154 2883 1166 2915; baseline 0.001 -8"><span class='ocrx_word' id='word_1_373' title='bbox 154 2884 202 2915; x_wconf 89' lang='lat' dir='ltr'>qui</span> <span class='ocrx_word' id='word_1_374' title='bbox 217 2884 305 2914; x_wconf 84' lang='lat' dir='ltr'>figure</span> <span class='ocrx_word' id='word_1_375' title='bbox 322 2883 390 2907; x_wconf 81' lang='lat' dir='ltr'>dans</span> <span class='ocrx_word' id='word_1_376' title='bbox 406 2884 431 2907; x_wconf 81' lang='lat' dir='ltr'>la</span> <span class='ocrx_word' id='word_1_377' title='bbox 446 2883 524 2914; x_wconf 68' lang='lat' dir='ltr'>picco</span> <span class='ocrx_word' id='word_1_378' title='bbox 538 2884 585 2908; x_wconf 89' lang='grc'>869</span> <span class='ocrx_word' id='word_1_379' title='bbox 600 2891 665 2908; x_wconf 85' lang='lat' dir='ltr'>avec</span> <span class='ocrx_word' id='word_1_380' title='bbox 686 2884 710 2907; x_wconf 91' lang='lat' dir='ltr'>le</span> <span class='ocrx_word' id='word_1_381' title='bbox 730 2885 793 2907; x_wconf 86' lang='lat' dir='ltr'>titre</span> <span class='ocrx_word' id='word_1_382' title='bbox 810 2884 843 2908; x_wconf 90' lang='lat' dir='ltr'>de</span> <span class='ocrx_word' id='word_1_383' title='bbox 859 2887 1016 2908; x_wconf 81' lang='lat' dir='ltr'>canonicus</span> <span class='ocrx_word' id='word_1_384' title='bbox 1035 2887 1166 2909; x_wconf 76' lang='lat' dir='ltr'>Terraco-</span> 
     </span>
     <span class='ocr_line' id='line_1_50' title="bbox 156 2927 1167 2958; baseline 0.001 -6"><span class='ocrx_word' id='word_1_385' title='bbox 156 2929 256 2952; x_wconf 78' lang='lat' dir='ltr'>nensis</span> <span class='ocrx_word' id='word_1_386' title='bbox 266 2929 392 2957; x_wconf 84' lang='lat' dir='ltr'>ecclesie,</span> <span class='ocrx_word' id='word_1_387' title='bbox 405 2930 431 2951; x_wconf 83' lang='lat' dir='ltr'>et</span> <span class='ocrx_word' id='word_1_388' title='bbox 448 2927 515 2951; x_wconf 81' lang='lat' dir='ltr'>dans</span> <span class='ocrx_word' id='word_1_389' title='bbox 532 2928 571 2951; x_wconf 90' lang='lat' dir='ltr'>les</span> <span class='ocrx_word' id='word_1_390' title='bbox 588 2928 678 2958; x_wconf 62' lang='lat' dir='ltr'>pisces</span> <span class='ocrx_word' id='word_1_391' title='bbox 691 2928 751 2953; x_wconf 76' lang='lat'>3100</span> <span class='ocrx_word' id='word_1_392' title='bbox 763 2931 789 2952; x_wconf 90' lang='lat' dir='ltr'>et</span> <span class='ocrx_word' id='word_1_393' title='bbox 806 2929 865 2952; x_wconf 60' lang='lat'>4072</span> <span class='ocrx_word' id='word_1_394' title='bbox 882 2936 947 2952; x_wconf 82' lang='lat' dir='ltr'>avec</span> <span class='ocrx_word' id='word_1_395' title='bbox 963 2929 1034 2952; x_wconf 83' lang='lat' dir='ltr'>celui</span> <span class='ocrx_word' id='word_1_396' title='bbox 1051 2929 1084 2953; x_wconf 88' lang='lat' dir='ltr'>de</span> <span class='ocrx_word' id='word_1_397' title='bbox 1102 2932 1167 2953; x_wconf 81' lang='lat' dir='ltr'>Ter-</span> 
     </span>
     <span class='ocr_line' id='line_1_51' title="bbox 156 2973 525 2996; baseline 0 -1"><span class='ocrx_word' id='word_1_398' title='bbox 156 2973 324 2996; x_wconf 79' lang='lat' dir='ltr'>raconensis</span> <span class='ocrx_word' id='word_1_399' title='bbox 337 2973 525 2996; x_wconf 79' lang='lat' dir='ltr'>camerarius.</span> 
     </span>
    </p>
   </div>
   <div class='ocr_carea' id='block_1_4' title="bbox 1242 367 2261 2847">
    <p class='ocr_par' dir='ltr' id='par_1_4' title="bbox 1242 367 2261 2847">
     <span class='ocr_line' id='line_1_52' title="bbox 1248 367 2255 413; baseline 0.015 -17"><span class='ocrx_word' id='word_1_400' title='bbox 1248 367 1438 407; x_wconf 86' lang='lat' dir='ltr'>hujusmodi</span> <span class='ocrx_word' id='word_1_401' title='bbox 1456 371 1676 409; x_wconf 85' lang='lat' dir='ltr'>appellatione</span> <span class='ocrx_word' id='word_1_402' title='bbox 1697 379 1893 413; x_wconf 86' lang='lat' dir='ltr'>contempta.</span> <span class='ocrx_word' id='word_1_403' title='bbox 1912 378 2077 407; x_wconf 78' lang='lat' dir='ltr'>mandavit</span> <span class='ocrx_word' id='word_1_404' title='bbox 2096 386 2255 411; x_wconf 74' lang='grc'><strong>0110111111-</strong></span> 
     </span>
     <span class='ocr_line' id='line_1_53' title="bbox 1247 425 2256 466; baseline 0.016 -17"><span class='ocrx_word' id='word_1_405' title='bbox 1247 430 1346 459; x_wconf 84' lang='lat' dir='ltr'>quam</span> <span class='ocrx_word' id='word_1_406' title='bbox 1363 425 1683 454; x_wconf 81' lang='lat' dir='ltr'>excommunicatum</span> <span class='ocrx_word' id='word_1_407' title='bbox 1701 436 1718 455; x_wconf 85' lang='lat' dir='ltr'>a</span> <span class='ocrx_word' id='word_1_408' title='bbox 1736 428 1879 466; x_wconf 86' lang='lat' dir='ltr'>capitulo</span> <span class='ocrx_word' id='word_1_409' title='bbox 1900 430 2028 461; x_wconf 73' lang='lat' dir='ltr'>evitari.</span> <span class='ocrx_word' id='word_1_410' title='bbox 2053 432 2089 461; x_wconf 86' lang='lat' dir='ltr'>Et</span> <span class='ocrx_word' id='word_1_411' title='bbox 2107 432 2180 463; x_wconf 84' lang='lat' dir='ltr'>licet</span> <span class='ocrx_word' id='word_1_412' title='bbox 2200 435 2256 464; x_wconf 84' lang='lat' dir='ltr'>de-</span> 
     </span>
     <span class='ocr_line' id='line_1_54' title="bbox 1248 476 2256 521; baseline 0.015 -20"><span class='ocrx_word' id='word_1_413' title='bbox 1248 482 1336 503; x_wconf 91' lang='lat' dir='ltr'>mum</span> <span class='ocrx_word' id='word_1_414' title='bbox 1358 476 1561 514; x_wconf 89' lang='lat' dir='ltr'>prescriptus</span> <span class='ocrx_word' id='word_1_415' title='bbox 1582 480 1796 514; x_wconf 85' lang='lat' dir='ltr'>camerarius,</span> <span class='ocrx_word' id='word_1_416' title='bbox 1823 490 1887 510; x_wconf 93' lang='lat' dir='ltr'>non</span> <span class='ocrx_word' id='word_1_417' title='bbox 1910 487 1941 511; x_wconf 90' lang='lat' dir='ltr'>ut</span> <span class='ocrx_word' id='word_1_418' title='bbox 1967 484 2179 521; x_wconf 80' lang='lat' dir='ltr'>appellationi</span> <span class='ocrx_word' id='word_1_419' title='bbox 2206 497 2256 515; x_wconf 75' lang='lat' dir='ltr'>re-</span> 
     </span>
     <span class='ocr_line' id='line_1_55' title="bbox 1248 527 2256 577; baseline 0.015 -23"><span class='ocrx_word' id='word_1_420' title='bbox 1248 527 1415 557; x_wconf 84' lang='lat' dir='ltr'>nuntiaret</span> <span class='ocrx_word' id='word_1_421' title='bbox 1433 529 1551 561; x_wconf 82' lang='grc'><strong>01110111,</strong></span> <span class='ocrx_word' id='word_1_422' title='bbox 1570 531 1626 561; x_wconf 83' lang='grc'><strong>5011</strong></span> <span class='ocrx_word' id='word_1_423' title='bbox 1644 536 1675 561; x_wconf 90' lang='grc'>111</span> <span class='ocrx_word' id='word_1_424' title='bbox 1692 533 1809 563; x_wconf 83' lang='lat' dir='ltr'>vitaret</span> <span class='ocrx_word' id='word_1_425' title='bbox 1827 535 2030 565; x_wconf 86' lang='lat' dir='ltr'>scandalum.</span> <span class='ocrx_word' id='word_1_426' title='bbox 2053 538 2091 566; x_wconf 89' lang='lat' dir='ltr'>ad</span> <span class='ocrx_word' id='word_1_427' title='bbox 2108 539 2256 577; x_wconf 87' lang='lat' dir='ltr'>ejusdem</span> 
     </span>
     <span class='ocr_line' id='line_1_56' title="bbox 1247 580 2255 622; baseline 0.014 -14"><span class='ocrx_word' id='word_1_428' title='bbox 1247 580 1383 617; x_wconf 88' lang='lat' dir='ltr'>capituli</span> <span class='ocrx_word' id='word_1_429' title='bbox 1407 591 1532 619; x_wconf 72' lang='lat' dir='ltr'>precesvv</span> <span class='ocrx_word' id='word_1_430' title='bbox 1562 585 1809 616; x_wconf 81' lang='lat' dir='ltr'>extimationem</span> <span class='ocrx_word' id='word_1_431' title='bbox 1837 597 1946 617; x_wconf 89' lang='lat' dir='ltr'>rerum</span> <span class='ocrx_word' id='word_1_432' title='bbox 1972 590 2154 621; x_wconf 86' lang='lat' dir='ltr'>restituerit</span> <span class='ocrx_word' id='word_1_433' title='bbox 2177 602 2255 622; x_wconf 89' lang='lat' dir='ltr'>con—</span> 
     </span>
     <span class='ocr_line' id='line_1_57' title="bbox 1247 638 2254 684; baseline 0.015 -23"><span class='ocrx_word' id='word_1_434' title='bbox 1247 638 1464 671; x_wconf 83' lang='lat' dir='ltr'>sumptarum.</span> <span class='ocrx_word' id='word_1_435' title='bbox 1495 645 1541 665; x_wconf 87' lang='lat' dir='ltr'>ac.</span> <span class='ocrx_word' id='word_1_436' title='bbox 1570 646 1626 674; x_wconf 90' lang='lat' dir='ltr'>pro</span> <span class='ocrx_word' id='word_1_437' title='bbox 1651 638 1764 667; x_wconf 83' lang='lat' dir='ltr'>multis</span> <span class='ocrx_word' id='word_1_438' title='bbox 1791 641 2040 677; x_wconf 64' lang='lat' dir='ltr'>gravaminibus</span> <span class='ocrx_word' id='word_1_439' title='bbox 2065 649 2093 673; x_wconf 86' lang='lat' dir='ltr'>ct</span> <span class='ocrx_word' id='word_1_440' title='bbox 2120 645 2254 684; x_wconf 85' lang='lat' dir='ltr'>injuriis</span> 
     </span>
     <span class='ocr_line' id='line_1_58' title="bbox 1247 685 2255 735; baseline 0.015 -22"><span class='ocrx_word' id='word_1_441' title='bbox 1247 685 1311 714; x_wconf 89' lang='lat' dir='ltr'>sibi</span> <span class='ocrx_word' id='word_1_442' title='bbox 1329 691 1359 715; x_wconf 86' lang='lat' dir='ltr'>et</span> <span class='ocrx_word' id='word_1_443' title='bbox 1374 686 1566 717; x_wconf 87' lang='lat' dir='ltr'>hominihus</span> <span class='ocrx_word' id='word_1_444' title='bbox 1586 690 1656 719; x_wconf 84' lang='lat' dir='ltr'>suis</span> <span class='ocrx_word' id='word_1_445' title='bbox 1676 691 1716 719; x_wconf 88' lang='lat' dir='ltr'>ab</span> <span class='ocrx_word' id='word_1_446' title='bbox 1733 692 1845 721; x_wconf 87' lang='lat' dir='ltr'>eodem</span> <span class='ocrx_word' id='word_1_447' title='bbox 1864 693 1968 723; x_wconf 89' lang='lat' dir='ltr'>nobili</span> <span class='ocrx_word' id='word_1_448' title='bbox 1991 695 2127 735; x_wconf 79' lang='lat' dir='ltr'>ejusque</span> <span class='ocrx_word' id='word_1_449' title='bbox 2147 698 2255 728; x_wconf 79' lang='lat' dir='ltr'>fauto-</span> 
     </span>
     <span class='ocr_line' id='line_1_59' title="bbox 1247 737 2256 780; baseline 0.014 -14"><span class='ocrx_word' id='word_1_450' title='bbox 1247 737 1350 768; x_wconf 87' lang='lat' dir='ltr'>ribus.</span> <span class='ocrx_word' id='word_1_451' title='bbox 1373 743 1516 778; x_wconf 86' lang='lat' dir='ltr'>tempore</span> <span class='ocrx_word' id='word_1_452' title='bbox 1539 743 1746 779; x_wconf 80' lang='lat' dir='ltr'>procedente.</span> <span class='ocrx_word' id='word_1_453' title='bbox 1772 744 1884 776; x_wconf 81' lang='lat' dir='ltr'>illatis,</span> <span class='ocrx_word' id='word_1_454' title='bbox 1910 746 2060 777; x_wconf 81' lang='lat' dir='ltr'>hahuerit</span> <span class='ocrx_word' id='word_1_455' title='bbox 2084 750 2123 778; x_wconf 89' lang='lat' dir='ltr'>ad</span> <span class='ocrx_word' id='word_1_456' title='bbox 2146 751 2256 780; x_wconf 86' lang='lat' dir='ltr'>archi-</span> 
     </span>
     <span class='ocr_line' id='line_1_60' title="bbox 1247 791 2252 842; baseline 0.015 -23"><span class='ocrx_word' id='word_1_457' title='bbox 1247 791 1435 829; x_wconf 73' lang='lat' dir='ltr'>episcopum</span> <span class='ocrx_word' id='word_1_458' title='bbox 1467 794 1607 824; x_wconf 86' lang='lat' dir='ltr'>eundem</span> <span class='ocrx_word' id='word_1_459' title='bbox 1637 804 1807 826; x_wconf 75' lang='lat' dir='ltr'>recursum</span> <span class='ocrx_word' id='word_1_460' title='bbox 1837 808 1842 826; x_wconf 94' lang='lat'>:</span> <span class='ocrx_word' id='word_1_461' title='bbox 1871 799 2139 840; x_wconf 77' lang='lat' dir='ltr'>archiepiscopus</span> <span class='ocrx_word' id='word_1_462' title='bbox 2171 804 2252 842; x_wconf 87' lang='lat' dir='ltr'>ipse.</span> 
     </span>
     <span class='ocr_line' id='line_1_61' title="bbox 1246 850 2254 894; baseline 0.015 -22"><span class='ocrx_word' id='word_1_463' title='bbox 1246 850 1438 882; x_wconf 86' lang='lat' dir='ltr'>conceptum</span> <span class='ocrx_word' id='word_1_464' title='bbox 1458 851 1572 876; x_wconf 84' lang='lat' dir='ltr'>contra</span> <span class='ocrx_word' id='word_1_465' title='bbox 1593 857 1666 877; x_wconf 86' lang='lat' dir='ltr'>eum</span> <span class='ocrx_word' id='word_1_466' title='bbox 1692 858 1861 880; x_wconf 82' lang='lat' dir='ltr'>rancorem</span> <span class='ocrx_word' id='word_1_467' title='bbox 1883 853 2071 884; x_wconf 81' lang='lat' dir='ltr'>ostendens.</span> <span class='ocrx_word' id='word_1_468' title='bbox 2095 856 2254 894; x_wconf 69' lang='lat' dir='ltr'>denegata</span> 
     </span>
     <span class='ocr_line' id='line_1_62' title="bbox 1246 897 2254 942; baseline 0.014 -17"><span class='ocrx_word' id='word_1_469' title='bbox 1246 897 1311 926; x_wconf 84' lang='lat' dir='ltr'>sibi</span> <span class='ocrx_word' id='word_1_470' title='bbox 1325 907 1424 935; x_wconf 86' lang='lat' dir='ltr'>super</span> <span class='ocrx_word' id='word_1_471' title='bbox 1438 898 1504 928; x_wconf 89' lang='lat' dir='ltr'>hiis</span> <span class='ocrx_word' id='word_1_472' title='bbox 1519 900 1662 938; x_wconf 85' lang='lat' dir='ltr'>justitia.</span> <span class='ocrx_word' id='word_1_473' title='bbox 1681 903 1807 939; x_wconf 86' lang='lat' dir='ltr'>prefato</span> <span class='ocrx_word' id='word_1_474' title='bbox 1829 905 1972 942; x_wconf 88' lang='lat' dir='ltr'>capitulo</span> <span class='ocrx_word' id='word_1_475' title='bbox 1987 911 2019 935; x_wconf 90' lang='grc'>111</span> <span class='ocrx_word' id='word_1_476' title='bbox 2039 908 2153 938; x_wconf 79' lang='lat' dir='ltr'>vitaret</span> <span class='ocrx_word' id='word_1_477' title='bbox 2172 919 2254 939; x_wconf 88' lang='grc'><strong>01111-</strong></span> 
     </span>
     <span class='ocr_line' id='line_1_63' title="bbox 1245 949 2253 995; baseline 0.014 -17"><span class='ocrx_word' id='word_1_478' title='bbox 1245 949 1329 980; x_wconf 86' lang='lat' dir='ltr'>dem.</span> <span class='ocrx_word' id='word_1_479' title='bbox 1361 951 1479 981; x_wconf 85' lang='lat' dir='ltr'>iterato</span> <span class='ocrx_word' id='word_1_480' title='bbox 1506 953 1689 984; x_wconf 86' lang='lat' dir='ltr'>mandavit.</span> <span class='ocrx_word' id='word_1_481' title='bbox 1717 955 1883 986; x_wconf 81' lang='lat' dir='ltr'>malitiose</span> <span class='ocrx_word' id='word_1_482' title='bbox 1912 960 2117 995; x_wconf 87' lang='lat' dir='ltr'>postmodum</span> <span class='ocrx_word' id='word_1_483' title='bbox 2147 962 2253 993; x_wconf 81' lang='lat' dir='ltr'>citans</span> 
     </span>
     <span class='ocr_line' id='line_1_64' title="bbox 1246 1003 2252 1049; baseline 0.013 -18"><span class='ocrx_word' id='word_1_484' title='bbox 1246 1003 1387 1032; x_wconf 89' lang='lat' dir='ltr'>eundem</span> <span class='ocrx_word' id='word_1_485' title='bbox 1406 1009 1440 1033; x_wconf 90' lang='lat' dir='ltr'>ut</span> <span class='ocrx_word' id='word_1_486' title='bbox 1459 1005 1695 1036; x_wconf 85' lang='lat' dir='ltr'>sacerdotalem</span> <span class='ocrx_word' id='word_1_487' title='bbox 1714 1008 1864 1038; x_wconf 89' lang='lat' dir='ltr'>ordinem</span> <span class='ocrx_word' id='word_1_488' title='bbox 1890 1011 2048 1049; x_wconf 84' lang='lat' dir='ltr'>reciperet</span> <span class='ocrx_word' id='word_1_489' title='bbox 2068 1013 2107 1042; x_wconf 87' lang='lat' dir='ltr'>ab</span> <span class='ocrx_word' id='word_1_490' title='bbox 2127 1016 2252 1045; x_wconf 85' lang='lat' dir='ltr'>eodem.</span> 
     </span>
     <span class='ocr_line' id='line_1_65' title="bbox 1245 1055 2254 1099; baseline 0.015 -16"><span class='ocrx_word' id='word_1_491' title='bbox 1245 1055 1307 1090; x_wconf 79' lang='lat' dir='ltr'>Qui</span> <span class='ocrx_word' id='word_1_492' title='bbox 1325 1065 1398 1085; x_wconf 89' lang='lat' dir='ltr'>cum</span> <span class='ocrx_word' id='word_1_493' title='bbox 1419 1066 1452 1086; x_wconf 90' lang='lat' dir='ltr'>se</span> <span class='ocrx_word' id='word_1_494' title='bbox 1469 1057 1575 1095; x_wconf 87' lang='lat' dir='ltr'>ipsius</span> <span class='ocrx_word' id='word_1_495' title='bbox 1597 1061 1788 1097; x_wconf 87' lang='lat' dir='ltr'>conspectui</span> <span class='ocrx_word' id='word_1_496' title='bbox 1815 1068 2050 1099; x_wconf 83' lang='lat' dir='ltr'>presentasset.</span> <span class='ocrx_word' id='word_1_497' title='bbox 2071 1067 2183 1096; x_wconf 88' lang='lat' dir='ltr'>eodem</span> <span class='ocrx_word' id='word_1_498' title='bbox 2201 1078 2254 1097; x_wconf 89' lang='lat' dir='ltr'>ar-</span> 
     </span>
     <span class='ocr_line' id='line_1_66' title="bbox 1245 1107 2249 1152; baseline 0.015 -16"><span class='ocrx_word' id='word_1_499' title='bbox 1245 1107 1454 1147; x_wconf 86' lang='lat' dir='ltr'>chiepiscopo</span> <span class='ocrx_word' id='word_1_500' title='bbox 1483 1115 1613 1147; x_wconf 85' lang='lat' dir='ltr'>petente</span> <span class='ocrx_word' id='word_1_501' title='bbox 1646 1116 1677 1140; x_wconf 88' lang='lat' dir='ltr'>ut</span> <span class='ocrx_word' id='word_1_502' title='bbox 1700 1113 1826 1151; x_wconf 84' lang='lat' dir='ltr'>juraret</span> <span class='ocrx_word' id='word_1_503' title='bbox 1857 1116 1927 1144; x_wconf 87' lang='lat' dir='ltr'>suis</span> <span class='ocrx_word' id='word_1_504' title='bbox 1958 1121 2044 1147; x_wconf 82' lang='lat' dir='ltr'>stare</span> <span class='ocrx_word' id='word_1_505' title='bbox 2075 1121 2249 1152; x_wconf 83' lang='lat' dir='ltr'>mandatis.</span> 
     </span>
     <span class='ocr_line' id='line_1_67' title="bbox 1245 1161 2254 1211; baseline 0.015 -23"><span class='ocrx_word' id='word_1_506' title='bbox 1245 1161 1358 1199; x_wconf 80' lang='lat' dir='ltr'>sicque</span> <span class='ocrx_word' id='word_1_507' title='bbox 1379 1161 1600 1192; x_wconf 79' lang='lat' dir='ltr'>absolutionis</span> <span class='ocrx_word' id='word_1_508' title='bbox 1617 1164 1815 1195; x_wconf 84' lang='lat' dir='ltr'>heneficium</span> <span class='ocrx_word' id='word_1_509' title='bbox 1837 1174 2020 1198; x_wconf 75' lang='lat' dir='ltr'>mereretur</span> <span class='ocrx_word' id='word_1_510' title='bbox 2039 1181 2044 1198; x_wconf 91' lang='lat'>:</span> <span class='ocrx_word' id='word_1_511' title='bbox 2063 1171 2161 1202; x_wconf 87' lang='lat' dir='ltr'>idem.</span> <span class='ocrx_word' id='word_1_512' title='bbox 2180 1183 2254 1211; x_wconf 89' lang='lat' dir='ltr'>pro-</span> 
     </span>
     <span class='ocr_line' id='line_1_68' title="bbox 1245 1214 2253 1264; baseline 0.015 -23"><span class='ocrx_word' id='word_1_513' title='bbox 1245 1222 1370 1250; x_wconf 82' lang='lat' dir='ltr'>ponens</span> <span class='ocrx_word' id='word_1_514' title='bbox 1392 1224 1426 1243; x_wconf 89' lang='lat' dir='ltr'>se</span> <span class='ocrx_word' id='word_1_515' title='bbox 1449 1214 1504 1243; x_wconf 89' lang='lat' dir='ltr'>tali</span> <span class='ocrx_word' id='word_1_516' title='bbox 1522 1217 1689 1246; x_wconf 88' lang='lat' dir='ltr'>sententia</span> <span class='ocrx_word' id='word_1_517' title='bbox 1712 1227 1775 1247; x_wconf 89' lang='lat' dir='ltr'>non</span> <span class='ocrx_word' id='word_1_518' title='bbox 1799 1220 1915 1249; x_wconf 87' lang='lat' dir='ltr'>teneri.</span> <span class='ocrx_word' id='word_1_519' title='bbox 1938 1221 2045 1252; x_wconf 88' lang='lat' dir='ltr'>denuo</span> <span class='ocrx_word' id='word_1_520' title='bbox 2066 1233 2104 1254; x_wconf 93' lang='lat' dir='ltr'>ne</span> <span class='ocrx_word' id='word_1_521' title='bbox 2124 1227 2203 1264; x_wconf 79' lang='lat' dir='ltr'>quid</span> <span class='ocrx_word' id='word_1_522' title='bbox 2219 1228 2253 1256; x_wconf 93' lang='grc'>111</span> 
     </span>
     <span class='ocr_line' id='line_1_69' title="bbox 1244 1266 2254 1317; baseline 0.016 -23"><span class='ocrx_word' id='word_1_523' title='bbox 1244 1266 1315 1304; x_wconf 89' lang='lat' dir='ltr'>ejus</span> <span class='ocrx_word' id='word_1_524' title='bbox 1332 1267 1552 1305; x_wconf 86' lang='lat' dir='ltr'>prejudicium</span> <span class='ocrx_word' id='word_1_525' title='bbox 1571 1269 1672 1301; x_wconf 73' lang='lat' dir='ltr'>tieretv</span> <span class='ocrx_word' id='word_1_526' title='bbox 1693 1270 1732 1299; x_wconf 84' lang='lat' dir='ltr'>ad</span> <span class='ocrx_word' id='word_1_527' title='bbox 1750 1276 1895 1301; x_wconf 88' lang='lat' dir='ltr'>nostram</span> <span class='ocrx_word' id='word_1_528' title='bbox 1919 1275 2122 1306; x_wconf 88' lang='lat' dir='ltr'>audientiam</span> <span class='ocrx_word' id='word_1_529' title='bbox 2143 1280 2254 1317; x_wconf 85' lang='lat' dir='ltr'>appel-</span> 
     </span>
     <span class='ocr_line' id='line_1_70' title="bbox 1244 1318 2251 1371; baseline 0.016 -24"><span class='ocrx_word' id='word_1_530' title='bbox 1244 1318 1334 1348; x_wconf 81' lang='lat' dir='ltr'>lavit.</span> <span class='ocrx_word' id='word_1_531' title='bbox 1354 1320 1417 1349; x_wconf 83' lang='lat' dir='ltr'>Sed</span> <span class='ocrx_word' id='word_1_532' title='bbox 1434 1321 1715 1361; x_wconf 77' lang='lat' dir='ltr'>archiepiscopus,</span> <span class='ocrx_word' id='word_1_533' title='bbox 1734 1326 1854 1362; x_wconf 85' lang='lat' dir='ltr'>spretis</span> <span class='ocrx_word' id='word_1_534' title='bbox 1872 1328 2149 1365; x_wconf 76' lang='lat' dir='ltr'>appellationibus</span> <span class='ocrx_word' id='word_1_535' title='bbox 2169 1334 2251 1371; x_wconf 71' lang='lat' dir='ltr'>ejus,</span> 
     </span>
     <span class='ocr_line' id='line_1_71' title="bbox 1243 1372 2251 1416; baseline 0.016 -16"><span class='ocrx_word' id='word_1_536' title='bbox 1243 1376 1274 1401; x_wconf 89' lang='lat' dir='ltr'>et</span> <span class='ocrx_word' id='word_1_537' title='bbox 1291 1372 1377 1402; x_wconf 84' lang='lat' dir='ltr'>clero</span> <span class='ocrx_word' id='word_1_538' title='bbox 1395 1382 1430 1402; x_wconf 87' lang='lat' dir='ltr'>ac</span> <span class='ocrx_word' id='word_1_539' title='bbox 1447 1374 1566 1412; x_wconf 89' lang='lat' dir='ltr'>populo</span> <span class='ocrx_word' id='word_1_540' title='bbox 1588 1375 1621 1403; x_wconf 92' lang='lat' dir='ltr'>in</span> <span class='ocrx_word' id='word_1_541' title='bbox 1638 1376 1878 1407; x_wconf 85' lang='lat' dir='ltr'>Terraeonensi</span> <span class='ocrx_word' id='word_1_542' title='bbox 1896 1380 2035 1411; x_wconf 83' lang='lat' dir='ltr'>ecclesia</span> <span class='ocrx_word' id='word_1_543' title='bbox 2052 1386 2251 1416; x_wconf 83' lang='lat' dir='ltr'>convocatis.</span> 
     </span>
     <span class='ocr_line' id='line_1_72' title="bbox 1243 1427 2253 1474; baseline 0.015 -20"><span class='ocrx_word' id='word_1_544' title='bbox 1243 1427 1564 1456; x_wconf 80' lang='lat' dir='ltr'>excommunicatum</span> <span class='ocrx_word' id='word_1_545' title='bbox 1581 1428 1712 1466; x_wconf 88' lang='lat' dir='ltr'>publice</span> <span class='ocrx_word' id='word_1_546' title='bbox 1728 1431 1893 1461; x_wconf 78' lang='lat' dir='ltr'>nuntiavit</span> <span class='ocrx_word' id='word_1_547' title='bbox 1911 1434 2063 1465; x_wconf 88' lang='lat' dir='ltr'>eundem.</span> <span class='ocrx_word' id='word_1_548' title='bbox 2080 1439 2253 1474; x_wconf 88' lang='lat' dir='ltr'>premissis</span> 
     </span>
     <span class='ocr_line' id='line_1_73' title="bbox 1243 1478 2254 1530; baseline 0.015 -23"><span class='ocrx_word' id='word_1_549' title='bbox 1243 1478 1522 1516; x_wconf 83' lang='lat' dir='ltr'>appellationibus</span> <span class='ocrx_word' id='word_1_550' title='bbox 1537 1481 1748 1517; x_wconf 76' lang='lat' dir='ltr'>innitentem.</span> <span class='ocrx_word' id='word_1_551' title='bbox 1763 1493 1799 1514; x_wconf 89' lang='lat' dir='ltr'>ac</span> <span class='ocrx_word' id='word_1_552' title='bbox 1810 1485 1907 1514; x_wconf 85' lang='lat' dir='ltr'>etiam</span> <span class='ocrx_word' id='word_1_553' title='bbox 1920 1494 2155 1525; x_wconf 84' lang='lat' dir='ltr'>proponentem</span> <span class='ocrx_word' id='word_1_554' title='bbox 2167 1493 2254 1530; x_wconf 82' lang='lat' dir='ltr'>quod</span> 
     </span>
     <span class='ocr_line' id='line_1_74' title="bbox 1242 1535 2253 1575; baseline 0.015 -15"><span class='ocrx_word' id='word_1_555' title='bbox 1242 1541 1351 1570; x_wconf 84' lang='lat' dir='ltr'>1psu1n</span> <span class='ocrx_word' id='word_1_556' title='bbox 1380 1535 1666 1565; x_wconf 86' lang='lat' dir='ltr'>excommunicare</span> <span class='ocrx_word' id='word_1_557' title='bbox 1690 1545 1747 1566; x_wconf 90' lang='lat' dir='ltr'>seu</span> <span class='ocrx_word' id='word_1_558' title='bbox 1774 1539 1924 1569; x_wconf 88' lang='lat' dir='ltr'>conferre</span> <span class='ocrx_word' id='word_1_559' title='bbox 1946 1541 2080 1572; x_wconf 84' lang='lat' dir='ltr'>ordines</span> <span class='ocrx_word' id='word_1_560' title='bbox 2106 1553 2171 1573; x_wconf 91' lang='lat' dir='ltr'>non</span> <span class='ocrx_word' id='word_1_561' title='bbox 2197 1556 2253 1575; x_wconf 87' lang='lat' dir='ltr'>va-</span> 
     </span>
     <span class='ocr_line' id='line_1_75' title="bbox 1243 1585 2253 1629; baseline 0.015 -15"><span class='ocrx_word' id='word_1_562' title='bbox 1243 1585 1340 1620; x_wconf 81' lang='lat' dir='ltr'>lebat,</span> <span class='ocrx_word' id='word_1_563' title='bbox 1360 1595 1433 1615; x_wconf 92' lang='lat' dir='ltr'>cum</span> <span class='ocrx_word' id='word_1_564' title='bbox 1453 1591 1621 1617; x_wconf 87' lang='lat' dir='ltr'>teneretur</span> <span class='ocrx_word' id='word_1_565' title='bbox 1637 1592 1990 1623; x_wconf 82' lang='lat' dir='ltr'>excommunicationis</span> <span class='ocrx_word' id='word_1_566' title='bbox 2008 1596 2139 1627; x_wconf 80' lang='lat' dir='ltr'>vinculo</span> <span class='ocrx_word' id='word_1_567' title='bbox 2155 1599 2253 1629; x_wconf 92' lang='lat' dir='ltr'>inno-</span> 
     </span>
     <span class='ocr_line' id='line_1_76' title="bbox 1244 1638 2254 1690; baseline 0.016 -24"><span class='ocrx_word' id='word_1_568' title='bbox 1244 1638 1356 1673; x_wconf 82' lang='lat' dir='ltr'>datus;</span> <span class='ocrx_word' id='word_1_569' title='bbox 1376 1643 1404 1668; x_wconf 84' lang='lat' dir='ltr'>ct</span> <span class='ocrx_word' id='word_1_570' title='bbox 1423 1649 1623 1679; x_wconf 80' lang='lat' dir='ltr'>quamquam</span> <span class='ocrx_word' id='word_1_571' title='bbox 1648 1650 1890 1681; x_wconf 82' lang='lat' dir='ltr'>consequenter</span> <span class='ocrx_word' id='word_1_572' title='bbox 1908 1655 2015 1676; x_wconf 87' lang='lat' dir='ltr'>coram</span> <span class='ocrx_word' id='word_1_573' title='bbox 2033 1650 2145 1680; x_wconf 83' lang='lat' dir='ltr'>eodem</span> <span class='ocrx_word' id='word_1_574' title='bbox 2163 1653 2254 1690; x_wconf 86' lang='lat' dir='ltr'>capi-</span> 
     </span>
     <span class='ocr_line' id='line_1_77' title="bbox 1245 1691 2251 1739; baseline 0.015 -19"><span class='ocrx_word' id='word_1_575' title='bbox 1245 1691 1312 1721; x_wconf 90' lang='lat' dir='ltr'>tulo</span> <span class='ocrx_word' id='word_1_576' title='bbox 1338 1693 1565 1729; x_wconf 64' lang='lat' dir='ltr'>recognoverit</span> <span class='ocrx_word' id='word_1_577' title='bbox 1595 1694 1719 1724; x_wconf 87' lang='lat' dir='ltr'>dictum</span> <span class='ocrx_word' id='word_1_578' title='bbox 1747 1699 1966 1728; x_wconf 82' lang='lat' dir='ltr'>camerarium</span> <span class='ocrx_word' id='word_1_579' title='bbox 1993 1702 2187 1739; x_wconf 84' lang='lat' dir='ltr'>appellasse.</span> <span class='ocrx_word' id='word_1_580' title='bbox 2217 1706 2251 1735; x_wconf 92' lang='lat' dir='ltr'>in</span> 
     </span>
     <span class='ocr_line' id='line_1_78' title="bbox 1244 1744 2251 1789; baseline 0.016 -17"><span class='ocrx_word' id='word_1_581' title='bbox 1244 1744 1352 1782; x_wconf 88' lang='lat' dir='ltr'>ipsum</span> <span class='ocrx_word' id='word_1_582' title='bbox 1371 1749 1490 1779; x_wconf 73' lang='lat' dir='ltr'>tamen,</span> <span class='ocrx_word' id='word_1_583' title='bbox 1513 1746 1591 1784; x_wconf 85' lang='grc'><strong>1111111</strong></span> <span class='ocrx_word' id='word_1_584' title='bbox 1616 1756 1715 1785; x_wconf 85' lang='lat' dir='ltr'>super</span> <span class='ocrx_word' id='word_1_585' title='bbox 1736 1749 1892 1786; x_wconf 81' lang='lat' dir='ltr'>predictis</span> <span class='ocrx_word' id='word_1_586' title='bbox 1917 1752 2058 1789; x_wconf 82' lang='lat' dir='ltr'>nolebat,</span> <span class='ocrx_word' id='word_1_587' title='bbox 2079 1756 2163 1785; x_wconf 88' lang='lat' dir='ltr'>sicut</span> <span class='ocrx_word' id='word_1_588' title='bbox 2186 1767 2251 1788; x_wconf 93' lang='lat' dir='ltr'>non</span> 
     </span>
     <span class='ocr_line' id='line_1_79' title="bbox 1245 1797 2252 1846; baseline 0.016 -21"><span class='ocrx_word' id='word_1_589' title='bbox 1245 1797 1429 1832; x_wconf 53' lang='lat' dir='ltr'>tenebature</span> <span class='ocrx_word' id='word_1_590' title='bbox 1448 1799 1519 1837; x_wconf 86' lang='lat' dir='ltr'>ejus</span> <span class='ocrx_word' id='word_1_591' title='bbox 1536 1799 1670 1830; x_wconf 89' lang='lat' dir='ltr'>obedire</span> <span class='ocrx_word' id='word_1_592' title='bbox 1688 1802 1864 1833; x_wconf 85' lang='lat' dir='ltr'>mandatis.</span> <span class='ocrx_word' id='word_1_593' title='bbox 1885 1806 2042 1842; x_wconf 80' lang='lat' dir='ltr'>predictis</span> <span class='ocrx_word' id='word_1_594' title='bbox 2059 1809 2252 1846; x_wconf 86' lang='lat' dir='ltr'>appellatio-</span> 
     </span>
     <span class='ocr_line' id='line_1_80' title="bbox 1244 1851 2252 1893; baseline 0.015 -14"><span class='ocrx_word' id='word_1_595' title='bbox 1244 1851 1343 1880; x_wconf 89' lang='lat' dir='ltr'>nibus</span> <span class='ocrx_word' id='word_1_596' title='bbox 1360 1851 1557 1882; x_wconf 85' lang='lat' dir='ltr'>insistendo.</span> <span class='ocrx_word' id='word_1_597' title='bbox 1583 1852 1621 1883; x_wconf 90' lang='lat' dir='ltr'>de</span> <span class='ocrx_word' id='word_1_598' title='bbox 1644 1854 1731 1883; x_wconf 83' lang='lat' dir='ltr'>facto</span> <span class='ocrx_word' id='word_1_599' title='bbox 1747 1858 2099 1891; x_wconf 84' lang='lat' dir='ltr'>excommunicationis</span> <span class='ocrx_word' id='word_1_600' title='bbox 2117 1869 2252 1893; x_wconf 85' lang='grc'><strong>50111011-</strong></span> 
     </span>
     <span class='ocr_line' id='line_1_81' title="bbox 1244 1904 2252 1948; baseline 0.015 -16"><span class='ocrx_word' id='word_1_601' title='bbox 1244 1904 1322 1933; x_wconf 86' lang='lat' dir='ltr'>tiam</span> <span class='ocrx_word' id='word_1_602' title='bbox 1343 1904 1575 1942; x_wconf 77' lang='lat' dir='ltr'>promulgavit.</span> <span class='ocrx_word' id='word_1_603' title='bbox 1595 1915 1653 1935; x_wconf 85' lang='lat' dir='ltr'>nec</span> <span class='ocrx_word' id='word_1_604' title='bbox 1672 1916 1736 1936; x_wconf 92' lang='lat' dir='ltr'>non</span> <span class='ocrx_word' id='word_1_605' title='bbox 1752 1910 1949 1940; x_wconf 87' lang='lat' dir='ltr'>canonicatu</span> <span class='ocrx_word' id='word_1_606' title='bbox 1965 1913 2204 1946; x_wconf 82' lang='lat' dir='ltr'>Terraconensi</span> <span class='ocrx_word' id='word_1_607' title='bbox 2222 1923 2252 1948; x_wconf 86' lang='lat' dir='ltr'>et</span> 
     </span>
     <span class='ocr_line' id='line_1_82' title="bbox 1244 1957 2252 2000; baseline 0.016 -16"><span class='ocrx_word' id='word_1_608' title='bbox 1244 1957 1425 1986; x_wconf 89' lang='lat' dir='ltr'>cameraria</span> <span class='ocrx_word' id='word_1_609' title='bbox 1438 1966 1536 1996; x_wconf 85' lang='lat' dir='ltr'>quam</span> <span class='ocrx_word' id='word_1_610' title='bbox 1548 1967 1606 1996; x_wconf 88' lang='lat' dir='ltr'>per</span> <span class='ocrx_word' id='word_1_611' title='bbox 1619 1959 1812 1990; x_wconf 85' lang='lat' dir='ltr'>electionem</span> <span class='ocrx_word' id='word_1_612' title='bbox 1829 1963 1964 2000; x_wconf 83' lang='lat' dir='ltr'>capituli</span> <span class='ocrx_word' id='word_1_613' title='bbox 1978 1969 2006 1994; x_wconf 87' lang='lat' dir='ltr'>et</span> <span class='ocrx_word' id='word_1_614' title='bbox 2020 1966 2252 2000; x_wconf 77' lang='lat' dir='ltr'>investituram</span> 
     </span>
     <span class='ocr_line' id='line_1_83' title="bbox 1245 2010 2252 2054; baseline 0.015 -16"><span class='ocrx_word' id='word_1_615' title='bbox 1245 2011 1308 2043; x_wconf 78' lang='lat' dir='ltr'>tui,</span> <span class='ocrx_word' id='word_1_616' title='bbox 1328 2010 1375 2039; x_wconf 85' lang='lat' dir='ltr'>fili</span> <span class='ocrx_word' id='word_1_617' title='bbox 1395 2011 1549 2043; x_wconf 80' lang='lat' dir='ltr'>sacrista.</span> <span class='ocrx_word' id='word_1_618' title='bbox 1573 2016 1650 2042; x_wconf 85' lang='lat' dir='ltr'>tunc</span> <span class='ocrx_word' id='word_1_619' title='bbox 1669 2014 1926 2046; x_wconf 81' lang='lat' dir='ltr'>Terraconensis</span> <span class='ocrx_word' id='word_1_620' title='bbox 1946 2018 2072 2054; x_wconf 77' lang='lat' dir='ltr'>electi1,</span> <span class='ocrx_word' id='word_1_621' title='bbox 2094 2024 2252 2054; x_wconf 82' lang='lat' dir='ltr'>canonice</span> 
     </span>
     <span class='ocr_line' id='line_1_84' title="bbox 1243 2064 2253 2111; baseline 0.014 -19"><span class='ocrx_word' id='word_1_622' title='bbox 1243 2064 1351 2093; x_wconf 82' lang='lat' dir='ltr'>fuerat</span> <span class='ocrx_word' id='word_1_623' title='bbox 1369 2069 1543 2094; x_wconf 89' lang='lat' dir='ltr'>assecutus</span> <span class='ocrx_word' id='word_1_624' title='bbox 1560 2070 1589 2095; x_wconf 87' lang='lat' dir='ltr'>et</span> <span class='ocrx_word' id='word_1_625' title='bbox 1608 2066 1814 2105; x_wconf 80' lang='lat' dir='ltr'>aliquamdiu</span> <span class='ocrx_word' id='word_1_626' title='bbox 1832 2070 1943 2108; x_wconf 85' lang='lat' dir='ltr'>quiete</span> <span class='ocrx_word' id='word_1_627' title='bbox 1961 2074 2161 2111; x_wconf 78' lang='lat' dir='ltr'>possederat,</span> <span class='ocrx_word' id='word_1_628' title='bbox 2180 2087 2253 2107; x_wconf 86' lang='lat' dir='ltr'>con-</span> 
     </span>
     <span class='ocr_line' id='line_1_85' title="bbox 1244 2116 2254 2166; baseline 0.016 -22"><span class='ocrx_word' id='word_1_629' title='bbox 1244 2116 1318 2145; x_wconf 84' lang='lat' dir='ltr'>ficto</span> <span class='ocrx_word' id='word_1_630' title='bbox 1335 2116 1422 2154; x_wconf 83' lang='lat' dir='ltr'>quod</span> <span class='ocrx_word' id='word_1_631' title='bbox 1439 2116 1471 2145; x_wconf 90' lang='lat' dir='ltr'>id</span> <span class='ocrx_word' id='word_1_632' title='bbox 1489 2117 1560 2146; x_wconf 86' lang='lat' dir='ltr'>suis</span> <span class='ocrx_word' id='word_1_633' title='bbox 1581 2118 1687 2157; x_wconf 90' lang='lat' dir='ltr'>culpis</span> <span class='ocrx_word' id='word_1_634' title='bbox 1709 2121 1920 2158; x_wconf 73' lang='lat' dir='ltr'>exigentibus</span> <span class='ocrx_word' id='word_1_635' title='bbox 1944 2125 2096 2156; x_wconf 85' lang='lat' dir='ltr'>faciebat.</span> <span class='ocrx_word' id='word_1_636' title='bbox 2118 2138 2175 2166; x_wconf 88' lang='lat' dir='ltr'>pro</span> <span class='ocrx_word' id='word_1_637' title='bbox 2195 2140 2254 2160; x_wconf 82' lang='lat' dir='ltr'>sua</span> 
     </span>
     <span class='ocr_line' id='line_1_86' title="bbox 1245 2168 2254 2221; baseline 0.017 -25"><span class='ocrx_word' id='word_1_638' title='bbox 1245 2168 1413 2199; x_wconf 87' lang='lat' dir='ltr'>voluntate</span> <span class='ocrx_word' id='word_1_639' title='bbox 1434 2170 1607 2207; x_wconf 79' lang='lat' dir='ltr'>privavit‘1,</span> <span class='ocrx_word' id='word_1_640' title='bbox 1629 2181 1664 2201; x_wconf 87' lang='lat' dir='ltr'>ac</span> <span class='ocrx_word' id='word_1_641' title='bbox 1682 2172 1843 2211; x_wconf 83' lang='lat' dir='ltr'>injuncxit</span> <span class='ocrx_word' id='word_1_642' title='bbox 1864 2177 1950 2214; x_wconf 84' lang='lat' dir='ltr'>quod</span> <span class='ocrx_word' id='word_1_643' title='bbox 1967 2177 2000 2206; x_wconf 90' lang='lat' dir='ltr'>in</span> <span class='ocrx_word' id='word_1_644' title='bbox 2019 2188 2101 2216; x_wconf 86' lang='lat' dir='ltr'>panc</span> <span class='ocrx_word' id='word_1_645' title='bbox 2121 2186 2149 2210; x_wconf 84' lang='lat' dir='ltr'>ct</span> <span class='ocrx_word' id='word_1_646' title='bbox 2170 2192 2254 2221; x_wconf 77' lang='lat' dir='ltr'>aqna</span> 
     </span>
     <span class='ocr_line' id='line_1_87' title="bbox 1246 2224 2255 2268; baseline 0.015 -17"><span class='ocrx_word' id='word_1_647' title='bbox 1246 2226 1311 2251; x_wconf 92' lang='lat' dir='ltr'>toto</span> <span class='ocrx_word' id='word_1_648' title='bbox 1333 2227 1478 2261; x_wconf 89' lang='lat' dir='ltr'>tempore</span> <span class='ocrx_word' id='word_1_649' title='bbox 1506 2224 1572 2253; x_wconf 77' lang='lat' dir='ltr'>vite</span> <span class='ocrx_word' id='word_1_650' title='bbox 1596 2233 1654 2254; x_wconf 81' lang='lat' dir='ltr'>sue</span> <span class='ocrx_word' id='word_1_651' title='bbox 1678 2226 1895 2263; x_wconf 85' lang='lat' dir='ltr'>penitentiam</span> <span class='ocrx_word' id='word_1_652' title='bbox 1918 2236 2027 2268; x_wconf 71' lang='lat' dir='ltr'>ageret</span> <span class='ocrx_word' id='word_1_653' title='bbox 2056 2233 2088 2261; x_wconf 93' lang='lat' dir='ltr'>in</span> <span class='ocrx_word' id='word_1_654' title='bbox 2116 2235 2255 2266; x_wconf 84' lang='lat' dir='ltr'>ecelesia</span> 
     </span>
     <span class='ocr_line' id='line_1_88' title="bbox 1245 2275 2254 2319; baseline 0.016 -16"><span class='ocrx_word' id='word_1_655' title='bbox 1245 2275 1457 2311; x_wconf 74' lang='lat' dir='ltr'>Dertuscnsi,</span> <span class='ocrx_word' id='word_1_656' title='bbox 1492 2276 1700 2309; x_wconf 85' lang='lat' dir='ltr'>fulminando</span> <span class='ocrx_word' id='word_1_657' title='bbox 1733 2280 1766 2308; x_wconf 94' lang='lat' dir='ltr'>in</span> <span class='ocrx_word' id='word_1_658' title='bbox 1798 2290 1873 2310; x_wconf 87' lang='lat' dir='ltr'>eum</span> <span class='ocrx_word' id='word_1_659' title='bbox 1903 2287 2254 2319; x_wconf 80' lang='lat' dir='ltr'>excommunicationis</span> 
     </span>
     <span class='ocr_line' id='line_1_89' title="bbox 1245 2329 2255 2376; baseline 0.016 -20"><span class='ocrx_word' id='word_1_660' title='bbox 1245 2329 1458 2358; x_wconf 83' lang='lat' dir='ltr'>sententiam.</span> <span class='ocrx_word' id='word_1_661' title='bbox 1482 2329 1509 2358; x_wconf 91' lang='lat' dir='ltr'>si</span> <span class='ocrx_word' id='word_1_662' title='bbox 1530 2330 1618 2359; x_wconf 84' lang='lat' dir='ltr'>infra</span> <span class='ocrx_word' id='word_1_663' title='bbox 1635 2337 1776 2369; x_wconf 85' lang='lat' dir='ltr'>quatuor</span> <span class='ocrx_word' id='word_1_664' title='bbox 1790 2334 1860 2363; x_wconf 88' lang='lat' dir='ltr'>dies</span> <span class='ocrx_word' id='word_1_665' title='bbox 1879 2344 1942 2365; x_wconf 92' lang='lat' dir='ltr'>non</span> <span class='ocrx_word' id='word_1_666' title='bbox 1960 2338 2118 2376; x_wconf 77' lang='lat' dir='ltr'>arriperet</span> <span class='ocrx_word' id='word_1_667' title='bbox 2137 2341 2199 2371; x_wconf 86' lang='lat' dir='ltr'>iter</span> <span class='ocrx_word' id='word_1_668' title='bbox 2215 2344 2255 2372; x_wconf 89' lang='lat' dir='ltr'>ad</span> 
     </span>
     <span class='ocr_line' id='line_1_90' title="bbox 1245 2380 2255 2427; baseline 0.016 -18"><span class='ocrx_word' id='word_1_669' title='bbox 1245 2380 1366 2410; x_wconf 86' lang='lat' dir='ltr'>dictam</span> <span class='ocrx_word' id='word_1_670' title='bbox 1384 2381 1558 2412; x_wconf 86' lang='lat' dir='ltr'>ecclesiam</span> <span class='ocrx_word' id='word_1_671' title='bbox 1573 2384 1762 2414; x_wconf 84' lang='lat' dir='ltr'>accedendi.</span> <span class='ocrx_word' id='word_1_672' title='bbox 1779 2387 1914 2425; x_wconf 82' lang='lat' dir='ltr'>Propter</span> <span class='ocrx_word' id='word_1_673' title='bbox 1931 2391 2016 2427; x_wconf 80' lang='lat' dir='ltr'>quod</span> <span class='ocrx_word' id='word_1_674' title='bbox 2033 2391 2152 2422; x_wconf 78' lang='lat' dir='ltr'>iterum</span> <span class='ocrx_word' id='word_1_675' title='bbox 2168 2395 2255 2425; x_wconf 82' lang='lat' dir='ltr'>idem</span> 
     </span>
     <span class='ocr_line' id='line_1_91' title="bbox 1246 2434 2254 2482; baseline 0.015 -20"><span class='ocrx_word' id='word_1_676' title='bbox 1246 2434 1450 2463; x_wconf 86' lang='lat' dir='ltr'>camerarius</span> <span class='ocrx_word' id='word_1_677' title='bbox 1467 2435 1507 2464; x_wconf 84' lang='lat' dir='ltr'>ad</span> <span class='ocrx_word' id='word_1_678' title='bbox 1525 2441 1670 2465; x_wconf 87' lang='lat' dir='ltr'>nostram</span> <span class='ocrx_word' id='word_1_679' title='bbox 1686 2438 1776 2467; x_wconf 88' lang='lat' dir='ltr'>duxit</span> <span class='ocrx_word' id='word_1_680' title='bbox 1789 2440 1993 2471; x_wconf 84' lang='lat' dir='ltr'>audientiam</span> <span class='ocrx_word' id='word_1_681' title='bbox 2011 2445 2254 2482; x_wconf 66' lang='lat' dir='ltr'>apswllandum.</span> 
     </span>
     <span class='ocr_line' id='line_1_92' title="bbox 1246 2487 2256 2531; baseline 0.016 -16"><span class='ocrx_word' id='word_1_682' title='bbox 1246 2487 1309 2516; x_wconf 84' lang='lat' dir='ltr'>Sed</span> <span class='ocrx_word' id='word_1_683' title='bbox 1334 2487 1391 2517; x_wconf 88' lang='lat' dir='ltr'>ille</span> <span class='ocrx_word' id='word_1_684' title='bbox 1419 2488 1658 2519; x_wconf 87' lang='lat' dir='ltr'>nichilominus</span> <span class='ocrx_word' id='word_1_685' title='bbox 1688 2492 1869 2528; x_wconf 88' lang='lat' dir='ltr'>predictam</span> <span class='ocrx_word' id='word_1_686' title='bbox 1895 2497 2111 2526; x_wconf 85' lang='lat' dir='ltr'>camerariam</span> <span class='ocrx_word' id='word_1_687' title='bbox 2135 2499 2191 2529; x_wconf 85' lang='lat' dir='ltr'>alii</span> <span class='ocrx_word' id='word_1_688' title='bbox 2218 2501 2256 2531; x_wconf 78' lang='lat' dir='ltr'>de</span> 
     </span>
     <span class='ocr_line' id='line_1_93' title="bbox 1246 2540 2253 2589; baseline 0.015 -21"><span class='ocrx_word' id='word_1_689' title='bbox 1246 2540 1332 2569; x_wconf 85' lang='lat' dir='ltr'>facto</span> <span class='ocrx_word' id='word_1_690' title='bbox 1351 2542 1527 2576; x_wconf 83' lang='lat' dir='ltr'>concessit,</span> <span class='ocrx_word' id='word_1_691' title='bbox 1553 2552 1569 2571; x_wconf 89' lang='lat' dir='ltr'>a</span> <span class='ocrx_word' id='word_1_692' title='bbox 1589 2543 1778 2581; x_wconf 85' lang='lat' dir='ltr'>juramento</span> <span class='ocrx_word' id='word_1_693' title='bbox 1802 2546 1972 2578; x_wconf 78' lang='lat' dir='ltr'>fidelitatis</span> <span class='ocrx_word' id='word_1_694' title='bbox 1995 2550 2065 2588; x_wconf 86' lang='lat' dir='ltr'>ejus</span> <span class='ocrx_word' id='word_1_695' title='bbox 2091 2551 2253 2589; x_wconf 81' lang='lat' dir='ltr'>homines,</span> 
     </span>
     <span class='ocr_line' id='line_1_94' title="bbox 1247 2594 2257 2636; baseline 0.015 -15"><span class='ocrx_word' id='word_1_696' title='bbox 1247 2594 1460 2631; x_wconf 87' lang='lat' dir='ltr'>quantumin</span> <span class='ocrx_word' id='word_1_697' title='bbox 1478 2603 1515 2623; x_wconf 91' lang='lat' dir='ltr'>eo</span> <span class='ocrx_word' id='word_1_698' title='bbox 1533 2595 1650 2629; x_wconf 70' lang='lat' dir='ltr'>extitit.</span> <span class='ocrx_word' id='word_1_699' title='bbox 1670 2596 1870 2628; x_wconf 79' lang='lat' dir='ltr'>absolvendo</span> <span class='ocrx_word' id='word_1_700' title='bbox 1887 2604 1916 2629; x_wconf 89' lang='lat' dir='ltr'>et</span> <span class='ocrx_word' id='word_1_701' title='bbox 1935 2601 2086 2632; x_wconf 81' lang='lat' dir='ltr'>faciendo</span> <span class='ocrx_word' id='word_1_702' title='bbox 2099 2604 2181 2634; x_wconf 89' lang='lat' dir='ltr'>illud</span> <span class='ocrx_word' id='word_1_703' title='bbox 2200 2607 2257 2636; x_wconf 92' lang='lat' dir='ltr'>alii</span> 
     </span>
     <span class='ocr_line' id='line_1_95' title="bbox 1248 2646 2258 2690; baseline 0.015 -17"><span class='ocrx_word' id='word_1_704' title='bbox 1248 2646 1417 2676; x_wconf 87' lang='lat' dir='ltr'>exhiberi:</span> <span class='ocrx_word' id='word_1_705' title='bbox 1442 2656 1478 2676; x_wconf 85' lang='lat' dir='ltr'>ac</span> <span class='ocrx_word' id='word_1_706' title='bbox 1497 2647 1629 2677; x_wconf 78' lang='lat' dir='ltr'>tandem</span> <span class='ocrx_word' id='word_1_707' title='bbox 1648 2648 1682 2677; x_wconf 91' lang='lat' dir='ltr'>in</span> <span class='ocrx_word' id='word_1_708' title='bbox 1705 2658 1792 2685; x_wconf 91' lang='lat' dir='ltr'>eum,</span> <span class='ocrx_word' id='word_1_709' title='bbox 1817 2652 2037 2686; x_wconf 81' lang='lat' dir='ltr'>consiliarios.</span> <span class='ocrx_word' id='word_1_710' title='bbox 2062 2656 2208 2687; x_wconf 77' lang='lat' dir='ltr'>fautores</span> <span class='ocrx_word' id='word_1_711' title='bbox 2228 2665 2258 2690; x_wconf 90' lang='lat' dir='ltr'>et</span> 
     </span>
     <span class='ocr_line' id='line_1_96' title="bbox 1248 2699 2258 2749; baseline 0.014 -21"><span class='ocrx_word' id='word_1_712' title='bbox 1248 2699 1416 2738; x_wconf 86' lang='lat' dir='ltr'>adjutores</span> <span class='ocrx_word' id='word_1_713' title='bbox 1433 2700 1550 2737; x_wconf 86' lang='lat' dir='ltr'>ipsius,</span> <span class='ocrx_word' id='word_1_714' title='bbox 1571 2706 1599 2730; x_wconf 90' lang='lat' dir='ltr'>et</span> <span class='ocrx_word' id='word_1_715' title='bbox 1616 2701 1649 2730; x_wconf 95' lang='lat' dir='ltr'>in</span> <span class='ocrx_word' id='word_1_716' title='bbox 1667 2711 1780 2732; x_wconf 89' lang='lat' dir='ltr'>omnes</span> <span class='ocrx_word' id='word_1_717' title='bbox 1798 2704 1855 2742; x_wconf 86' lang='lat' dir='ltr'>qui</span> <span class='ocrx_word' id='word_1_718' title='bbox 1874 2705 1912 2735; x_wconf 88' lang='lat' dir='ltr'>de</span> <span class='ocrx_word' id='word_1_719' title='bbox 1927 2716 2090 2738; x_wconf 86' lang='lat' dir='ltr'>consensu</span> <span class='ocrx_word' id='word_1_720' title='bbox 2111 2711 2258 2749; x_wconf 85' lang='lat' dir='ltr'>ejusdem</span> 
     </span>
     <span class='ocr_line' id='line_1_97' title="bbox 1248 2752 2257 2797; baseline 0.015 -16"><span class='ocrx_word' id='word_1_721' title='bbox 1248 2752 1423 2782; x_wconf 89' lang='lat' dir='ltr'>camerarii</span> <span class='ocrx_word' id='word_1_722' title='bbox 1441 2752 1552 2791; x_wconf 84' lang='lat' dir='ltr'>aliqua</span> <span class='ocrx_word' id='word_1_723' title='bbox 1567 2753 1653 2784; x_wconf 87' lang='lat' dir='ltr'>bona</span> <span class='ocrx_word' id='word_1_724' title='bbox 1670 2755 1751 2794; x_wconf 84' lang='lat' dir='ltr'>ejus.</span> <span class='ocrx_word' id='word_1_725' title='bbox 1771 2765 1869 2787; x_wconf 89' lang='lat' dir='ltr'>causa</span> <span class='ocrx_word' id='word_1_726' title='bbox 1888 2759 2038 2797; x_wconf 67' lang='lat' dir='ltr'>depositi,</span> <span class='ocrx_word' id='word_1_727' title='bbox 2058 2762 2257 2796; x_wconf 83' lang='lat' dir='ltr'>donationis.</span> 
     </span>
     <span class='ocr_line' id='line_1_98' title="bbox 1249 2804 2261 2847; baseline 0.015 -15"><span class='ocrx_word' id='word_1_728' title='bbox 1249 2805 1398 2843; x_wconf 79' lang='lat' dir='ltr'>pignoris</span> <span class='ocrx_word' id='word_1_729' title='bbox 1410 2804 1461 2835; x_wconf 91' lang='lat' dir='ltr'>vel</span> <span class='ocrx_word' id='word_1_730' title='bbox 1473 2806 1592 2841; x_wconf 81' lang='lat' dir='ltr'>mutui,</span> <span class='ocrx_word' id='word_1_731' title='bbox 1605 2807 1809 2844; x_wconf 81' lang='lat' dir='ltr'>detinebant,</span> <span class='ocrx_word' id='word_1_732' title='bbox 1823 2814 2175 2846; x_wconf 77' lang='lat' dir='ltr'>excommunicationis</span> <span class='ocrx_word' id='word_1_733' title='bbox 2188 2827 2261 2847; x_wconf 90' lang='lat' dir='ltr'>seu-</span> 
     </span>
    </p>
   </div>
   <div class='ocr_carea' id='block_1_5' title="bbox 1282 2929 1790 3001">
    <p class='ocr_par' dir='ltr' id='par_1_5' title="bbox 1282 2929 1790 3001">
     <span class='ocr_line' id='line_1_99' title="bbox 1284 2929 1611 2959; baseline 0.006 -6"><span class='ocrx_word' id='word_1_734' title='bbox 1284 2930 1304 2955; x_wconf 92' lang='grc'>1.</span> <span class='ocrx_word' id='word_1_735' title='bbox 1323 2929 1363 2954; x_wconf 75' lang='lat' dir='ltr'>Cl&#39;.</span> <span class='ocrx_word' id='word_1_736' title='bbox 1382 2937 1478 2959; x_wconf 80' lang='lat' dir='ltr'>supra,</span> <span class='ocrx_word' id='word_1_737' title='bbox 1496 2935 1524 2953; x_wconf 81' lang='grc' dir='ltr'>11ο</span> <span class='ocrx_word' id='word_1_738' title='bbox 1541 2931 1611 2955; x_wconf 71' lang='grc' dir='ltr'><strong>407ῗ.</strong></span> 
     </span>
     <span class='ocr_line' id='line_1_100' title="bbox 1282 2973 1790 3001; baseline 0.008 -4"><span class='ocrx_word' id='word_1_739' title='bbox 1282 2973 1304 2998; x_wconf 74' lang='grc' dir='ltr'>ἳ.</span> <span class='ocrx_word' id='word_1_740' title='bbox 1324 2973 1344 2997; x_wconf 92' lang='grc'>11</span> <span class='ocrx_word' id='word_1_741' title='bbox 1360 2974 1418 2997; x_wconf 77' lang='lat' dir='ltr'>faut</span> <span class='ocrx_word' id='word_1_742' title='bbox 1430 2975 1642 2999; x_wconf 84' lang='lat' dir='ltr'>sous-entendre</span> <span class='ocrx_word' id='word_1_743' title='bbox 1659 2979 1790 3001; x_wconf 70' lang='lat' dir='ltr'>eundem,</span> 
     </span>
    </p>
   </div>
  </div>
 </body>
</html>
