2553 3526
138 306 194 336 285
943 299 1254 342 QUATORZIEME
1277 302 1435 338 ANNEE.
2177 322 2232 349 28ss

138 372 290 410 exigente
303 371 446 410 justitia.
467 371 760 409 pronuntiavimus
777 381 849 402 esse
869 371 1061 402 nullatenus
1076 380 1150 410 pro-

138 423 336 454 cedendum.
353 423 488 457 Verum,
507 421 584 452 licet
601 422 738 452 dilectos
758 422 844 452 filios
858 422 983 452 clerum
999 427 1028 452 et
1048 431 1151 460 popu-

136 476 207 506 lum
223 476 418 506 Brixienses
434 474 618 505 habeamus
634 475 809 513 precipuos
831 475 866 504 in
891 475 1077 505 visceribus
1096 484 1151 504 ca-

136 529 258 563 ritatis,
280 533 403 562 tamen,
421 528 550 558 deferre
570 528 654 566 ipsis
675 532 789 557 contra
804 529 910 558 Deum
934 533 964 558 et
983 528 1150 566 justitiam

137 586 356 621 nequeuntes,
369 580 567 610 mandamus
577 585 753 619 quatenus,
768 589 843 610 cum
855 580 963 610 dictus
975 580 1149 619 episcopus

136 634 179 664 ad
193 634 327 673 propria
345 642 420 663 cum
436 638 549 663 nostra
565 633 672 671 gratia
686 637 883 667 revertatur.
898 633 977 671 quia
993 641 1149 671 procura-

136 692 224 717 tores
248 687 284 717 in
308 686 542 725 spiritualibus
569 691 599 716 et
623 685 862 724 temporalibus
888 685 984 715 bonis
1010 685 1148 715 ecclesie

135 740 323 771 Brixiensis
342 739 532 770 instituisse
553 739 687 769 diceris.
712 743 743 768 et
766 739 927 777 quosdam
955 748 992 768 ex
1017 739 1148 769 clericis

134 793 241 832 ipsius
257 793 415 831 episcopi,
428 801 495 822 non
510 792 640 826 citatos,
655 800 715 821 nec
731 792 899 821 convictos
911 791 962 821 vel
978 792 1147 822 confessos

134 846 351 885 suspendisse
368 845 409 875 ab
426 845 533 875 officio
556 849 586 875 et
609 844 772 874 beneficio
794 845 990 882 privavisse,
1010 844 1070 874 hec
1090 853 1148 883 per

134 904 166 930 te
180 899 292 938 ipsum
304 899 377 929 sine
393 907 484 928 more
501 897 676 936 dispendio
690 897 824 928 studeas
837 906 1002 932 revocare.
1019 897 1147 928 faciens

132 952 241 983 eidem
254 952 407 991 episcopo
420 952 494 982 sine
508 950 701 981 difficultate
716 951 849 981 restitui
863 951 1023 990 quicquid
1034 951 1072 980 de
1089 951 1147 981 bo-

133 1006 187 1037 nis
212 1006 421 1045 episcopatus
443 1005 496 1035 sui
512 1014 570 1044 per
589 1005 695 1034 dictos
716 1009 946 1043 procuratores
965 1004 1017 1034 vel
1033 1013 1146 1034 eorum

133 1059 270 1090 nuntios
293 1063 344 1089 est
373 1063 535 1089 exactum.
566 1059 641 1088 Dat.
672 1058 840 1088 Laterani.
864 1059 933 1088 IIII
959 1058 1035 1087 idus
1054 1057 1143 1096 julii.

133 1121 222 1143 anno
235 1111 495 1151 quartodecimo.
516 1123 530 1138 ι»

202 1277 323 1306 5256

166 1348 181 1366 (1
201 1341 234 1368 111
254 1340 380 1367 eundem
408 1340 528 1366 modum
551 1339 648 1369 eidem,
671 1348 762 1374 usque
783 1348 789 1366 :

128 1391 246 1424 supi-2¹.
264 1397 278 1415 »
295 1403 327 1407 —
340 1389 428 1419 (Rae.
444 1388 489 1421 20,
506 1389 526 1415 t.
540 1388 572 1415 21
591 1389 643 1418 v‘.)

689 1278 810 1305 Latran.
826 1277 859 1304 12
874 1278 974 1311 juillet
989 1277 1069 1304 1240.

817 1340 993 1374 privavisse.
1020 1340 1088 1366 Dat.
1110 1343 1142 1366 ut-

199 1555 319 1584 525¹?

164 1618 310 1653 Episcopo
324 1618 501 1650 Mantuano,
518 1618 566 1645 cui
581 1618 653 1645 olim
669 1618 863 1645 mandaverat
877 1622 909 1645 ut
921 1627 935 1644 «
951 1619 1139 1646 Brixiensem

128 1675 144 1694 »
164 1667 335 1702 episcopum
349 1670 378 1694 et
396 1667 470 1694 alios
487 1667 629 1694 habentes
650 1667 808 1701 privilegia
823 1667 990 1694 Brixiensis
1006 1669 1139 1696 ecclesie.

128 1724 144 1742 1)
163 1716 200 1743 ad
215 1716 429 1750 assignandum
445 1724 479 1742 ea
494 1716 647 1743 Brixiensi
664 1716 794 1750 capitulo
811 1724 862 1750 per
878 1725 1031 1743 censuram
1049 1718 1140 1744 eccle—

129 1772 144 1790 1)
163 1764 314 1791 siasticam
339 1772 353 1789 11
381 1767 538 1797 coartaret,
570 1764 691 1791 mandat
717 1768 863 1798 quatenus
886 1768 986 1791 contra
1012 1766 1137 1792 eundem

127 1813 311 1847 episcopum,
325 1813 386 1847 qui,
402 1813 434 1840 in
454 1813 548 1847 ipsius
564 1821 658 1847 papae
676 1814 843 1848 praesentia
865 1814 1053 1845 constitutus,
1076 1823 1139 1848 pro-

128 1864 265 1896 posuerat
282 1870 312 1888 se
332 1870 394 1888 esse
412 1865 548 1896 paratum
571 1870 585 1888 «
609 1862 767 1896 privilegia
786 1863 850 1897 ipsa
871 1863 900 1889 in
926 1863 989 1889 loco
1009 1866 1083 1896 tuto,
1107 1863 1138 1890 in

128 1918 143 1936 1)
164 1910 317 1937 Brixiensi
333 1910 476 1937 videlicet
498 1911 633 1943 civitate,
655 1911 800 1945 deponere
817 1919 842 1943 1),
861 1920 917 1938 11011
940 1912 1088 1946 procedat.
1106 1927 1139 1930 —

127 1959 215 1992 (Bm.
231 1958 277 1992 20,
295 1960 315 1985 f.
331 1959 363 1986 21
380 1962 427 1991 v·;
441 1968 511 1986 ann.
527 1960 610 1992 XIV,
627 1968 652 1986 c.
667 1960 743 1990 123.)

687 1556 808 1588 Latran,
826 1556 859 1583 10
873 1557 974 1590 juillet
989 1557 1068 1583 1240.

170 2073 184 2088 α
204 2084 224 2090 ..
240 2062 375 2099 episcopo
391 2062 572 2090 Mantuano.
596 2061 689 2091 Licet
707 2060 787 2090 olim
804 2061 865 2090 tibi
883 2079 932 2090 —.
950 2062 1024 2091 Dat.
1043 2062 1139 2092 Late-

127 2115 216 2152 rani,
228 2115 275 2145 VI
286 2114 363 2145 idus
375 2114 464 2154 julii,
480 2123 567 2145 anno
581 2114 840 2153 quartodecimo.
861 2127 873 2140 n

199 2287 322 2316 5258

164 2351 284 2378 Decano
297 2350 473 2384 Sonogiensi
488 2352 534 2381 (=
553 2350 589 2376 de
606 2350 764 2384 Soignies),
785 2350 1009 2378 Cameracensis
1024 2350 1140 2376 dioece-

128 2399 181 2433 sis,
202 2399 325 2426 mandat
344 2403 490 2433 quatenus
509 2399 673 2426 sententias
689 2399 892 2433 suspensionis
907 2398 938 2424 in
957 2398 1094 2425 abbatem
1112 2401 1140 2425 et

129 2451 309 2475 conventum
326 2448 501 2475 monasterii
515 2448 720 2479 Villariensis,
743 2447 950 2475 cisterciensis
966 2447 1090 2480 ordinis,
1112 2450 1140 2474 et

129 2497 449 2524 excommunicationis
473 2497 504 2523 in
531 2496 672 2530 quosdam
697 2497 733 2522 de
758 2496 913 2523 monachis
940 2500 968 2524 et
990 2497 1140 2523 conversis

128 2546 262 2580 ejusdem
286 2546 471 2577 monasterii,
496 2546 698 2580 promulgatas
714 2553 730 2572 a
746 2548 865 2572 cantore
882 2545 985 2572 Sancti
1002 2545 1141 2579 Dionysii

128 2594 161 2621 in
177 2594 286 2622 Leodio
300 2595 422 2629 ejusque
438 2595 565 2628 collega.
588 2593 694 2628 quibus
711 2594 840 2620 decanus
857 2598 885 2620 et
901 2597 1003 2621 cantor
1019 2594 1143 2628 Hoyen-

129 2652 174 2670 ses
193 2645 240 2675 (=
261 2643 298 2670 de
320 2643 419 2678 Huy),
445 2642 618 2670 Leodiensis
634 2642 791 2674 dioecesis.
812 2643 892 2669 vices
913 2651 980 2670 suas
1003 2643 1034 2669 in
1055 2651 1142 2670 causa

130 2693 286 2726 Balduini,
297 2692 435 2720 canonici
447 2692 553 2719 Sancti
563 2691 708 2720 Johannis
718 2691 898 2721 Leodiensis.
911 2694 1013 2719 contra
1024 2692 1140 2718 eosdem

688 2288 810 2319 Latran,
826 2288 860 2314 17
872 2288 971 2321 juillet
987 2287 1067 2314 1240.

163 2807 184 2831 1.
206 2807 257 2831 Cet
277 2809 307 2830 in
327 2808 451 2831 eundem
472 2808 602 2835 modurn,
629 2806 697 2829 dans
717 2806 743 2829 13
764 2806 850 2829 forme
865 2812 932 2829 sous
946 2806 1064 2836 laquelle
1079 2807 1097 2830 il
1113 2813 1143 2830 se

130 2851 269 2882 presente,
284 2856 326 2875 est
342 2858 412 2882 pour
427 2852 452 2875 le
468 2851 558 2875 moins
573 2851 672 2874 inutile
686 2854 713 2874 et
727 2850 823 2874 n'offre
837 2857 886 2881 pas
899 2850 933 2873 de
947 2857 1011 2874 sens
1024 2851 1143 2874 satisfai-

130 2899 207 2927 santJ
222 2903 257 2920 en
272 2897 346 2926 effa,
362 2903 397 2920 en
412 2897 534 2919 arre'tant
549 2896 575 2918 la
588 2895 687 2926 phrase
702 2895 785 2918 finale
801 2901 836 2918 au
849 2898 906 2918 mot
922 2903 934 2917 n
950 2896 1104 2925 privavisse
1119 2904 1142 2924 1),

131 2946 169 2964 on
182 2947 218 2964 en
230 2941 371 2971 supprime
385 2940 411 2963 la
425 2939 600 2970 proposition
617 2939 784 2970 principale;
799 2939 818 2962 il
829 2946 848 2969 y
859 2946 874 2962 a
886 2939 941 2962 lieu
956 2939 990 2963 de
1005 2940 1093 2963 croire
1107 2940 1143 2963 ici

130 2984 148 3007 a
162 2991 218 3008 une
234 2991 330 3009 erreur
345 2985 382 3008 du
398 2985 504 3015 copiste
519 2983 557 3007 du
572 2985 708 3013 Reyistre.

1234 372 1370 400 abbatem
1398 379 1425 402 et
1451 381 1629 404 conventum
1658 381 1829 407 monasterii
1849 382 2053 410 Villariensis.
2078 387 2233 413 commise-

1232 426 1313 453 rant.
1338 423 1465 455 relaxet,
1493 430 1610 460 recepta
1636 427 1717 461 prius
1739 429 1776 455 ab
1797 429 1907 456 eisdem
1931 431 2049 460 abbate.
2075 438 2234 463 conventu.

1233 471 1386 498 monachis
1408 476 1434 498 et
1458 475 1608 501 conversis
1627 476 1730 503 idonea
1746 478 1892 510 cautione.
1914 480 2000 512 quod.
2024 481 2047 507 si
2069 483 2235 510 constiterit

1231 518 1347 545 easdem
1370 522 1532 549 sententias
1553 524 1771 552 rationabiliter
1787 535 1847 553 esse
1864 528 1949 559 latas,
1971 537 2066 556 coram
2086 532 2235 564 praedicto

1231 571 1349 594 cantore
1366 569 1469 596 Sancti
1487 571 1624 605 Dionysii
1640 574 1760 608 ejusque
1778 576 1927 608 praedicto
1948 578 2069 611 collega.
2086 579 2234 612 judicibus

1230 616 1439 651 subdelegatis.
1464 619 1589 648 debeant
1609 626 1686 649 stare
1706 623 1782 656 juri;
1799 633 1865 650 cum
1884 625 1946 651 illis
1963 627 2012 660 qui
2036 631 2099 660 post
2117 629 2232 655 easdem

1230 666 1392 692 sententias
1406 667 1510 695 divina
1525 670 1618 697 officia
1637 671 1812 699 celebrarint
1830 674 1875 699 vel
1892 682 1921 700 se
1937 674 2049 702 divinis
2066 676 2235 704 immiscue>

1229 713 1300 742 rint.
1318 723 1404 748 super
1420 716 1638 750 irregularitate
1654 728 1741 753 quam
1759 721 1949 750 incurrerint.
1967 723 2132 758 dispenset;
2151 734 2234 760 prae-

1229 761 1322 788 dictos
1343 763 1478 791 abbatem
1502 771 1528 792 et
1550 771 1728 794 conventum
1753 769 1790 795 ad
1812 771 1926 797 eosdem
1954 776 2101 799 cantorem
2129 774 2231 802 Sancti

1228 810 1367 851 Diony-sii
1392 813 1513 847 ejusque
1537 816 1691 849 collegam.
1712 818 1825 850 judices
1846 819 2062 854 subdelegat·)s‚
2087 823 2231 850 remittat.

1229 866 1242 883 «
1264 867 1365 886 usuros
1390 862 1614 896 exceptionibus
1637 865 1697 891 suis
1720 866 1862 899 legitimis
1887 876 1981 894 coram
2009 869 2064 900 eis,
2090 875 2116 897 et
2142 872 2230 898 alias.

1228 916 1242 932 1)
1263 912 1348 942 prout
1370 909 1536 942 debuerint,
1562 913 1626 945 jure
1648 922 1698 940 suo
1720 922 1743 940 1).
1770 929 1800 933 —
1824 916 1910 945 (Bm.
1931 916 1974 949 20,
1996 919 2016 943 t.
2037 918 2067 944 21
2090 923 2136 950 ν“;
2159 928 2229 947 31111.

1227 956 1310 989 XIV,
1325 966 1350 984 c.
1368 958 1444 989 124.)

1269 1070 1282 1083 α
1303 1081 1322 1086 ..
1339 1059 1450 1088 decano
1465 1061 1670 1098 Sonoqiensi',
1691 1065 1916 1094 Cameracensis
1931 1067 2064 1097 diocesis.
2077 1069 2231 1100 Exhibita

1226 1111 1322 1141 nobis
1351 1135 1371 1140 ..
1400 1112 1501 1143 abbas
1523 1119 1554 1143 et
1580 1121 1762 1146 conventus
1789 1120 1985 1149 monasterii
2006 1120 2230 1158 Villariensis.

1226 1163 1461 1195 Cisterciensis
1490 1167 1633 1197 ordinis.
1666 1170 1825 1207 petitione
1856 1172 2107 1212 mon[st1·arunt]
2133 1176 2230 1213 quod.

1225 1225 1300 1246 cum
1316 1217 1512 1255 Balduinus,
1533 1221 1713 1251 canonicus
1726 1223 1839 1253 Sancti
1850 1224 2014 1255 Johannis
2027 1227 2230 1258 Leodiensis.

1226 1274 1339 1299 contra
1362 1279 1416 1300 eos
1443 1269 1483 1300 ad
1510 1295 1529 1300 ..
1553 1273 1714 1303 decanum
1737 1280 1767 1305 et
1789 1300 1808 1304 ..
1833 1283 2000 1308 cantorem
2018 1280 2230 1320 Hoyen[ses].

1225 1322 1420 1354 Leodiensis
1441 1325 1595 1355 diocesis.
1621 1336 1719 1365 super
1738 1329 1936 1367 quibusdam
1952 1333 2229 1370 possessionibus.

1224 1376 1333 1410 terris.
1352 1377 1473 1407 debitis
1488 1384 1519 1408 et
1532 1379 1630 1409 rebus
1641 1380 1716 1411 aliis
1729 1387 1859 1413 nostras
1872 1383 2000 1414 litteras
2011 1386 2231 1424 impetrasset.

1225 1433 1266 1463 et,
1281 1429 1584 1470 eisdemjudicibus
1598 1455 1618 1461 ..
1636 1435 1763 1464 cantori
1776 1435 1888 1465 Sancti
1900 1437 2044 1468 Dionisii
2061 1439 2095 1468 in
2113 1440 2232 1471 Leodio

1224 1482 1362 1521 ejusque
1395 1483 1518 1522 college
1554 1487 1838 1518 committentibus
1869 1499 1967 1528 super
1998 1491 2058 1521 hoc
2090 1493 2233 1524 totaliter

1224 1535 1313 1565 vices
1337 1545 1425 1566 suas.
1443 1537 1552 1567 dictus
1569 1539 1761 1570 canonicus.
1780 1542 1914 1572 nomine
1931 1544 2102 1582 cujusdam
2118 1555 2231 1584 parro-

1223 1588 1342 1618 chialis
1361 1589 1500 1620 ecclesie
1523 1600 1587 1629 que
1610 1601 1628 1621 a
1646 1594 1842 1624 canonicatu
1865 1595 1915 1625 vel
1936 1597 2103 1634 prebenda
2124 1599 2230 1638 ipsius

1222 1641 1360 1671 minime
1379 1642 1594 1680 dependebat.
1614 1645 1715 1683 ipsos.
1734 1648 1923 1678 earumdem
1940 1649 2127 1681 litterarum
2151 1661 2229 1682 auc-

1223 1695 1365 1731 toritate,
1383 1705 1493 1726 coram
1509 1697 1606 1728 dictis
1621 1699 1844 1738 subdelegatis
1860 1711 1918 1740 per
1932 1702 2024 1732 illam
2040 1705 2227 1742 generalem

1221 1748 1405 1779 clausulam
1423 1756 1450 1780 et
1471 1752 1556 1780 rebus
1572 1754 1645 1782 aliis
1662 1762 1760 1792 super
1779 1755 1976 1793 quibusdam
1997 1757 2134 1788 decimis
2150 1768 2228 1789 con-

1221 1802 1349 1832 veniret
1367 1813 1373 1832 :
1390 1809 1582 1841 procurator
1598 1814 1711 1835 eorum
1729 1808 1921 1846 excipiendo
1936 1811 2105 1848 proposuit
2118 1821 2227 1841 coram

1222 1855 1270 1885 eis
1287 1856 1384 1894 quod.
1405 1865 1478 1886 cum
1492 1857 1547 1896 jus
1566 1859 1770 1897 percipiendi
1784 1861 1940 1893 decimas.
1960 1872 2058 1901 super
2073 1874 2137 1903 quo
2155 1875 2227 1904 age-

1221 1909 1329 1943 batur,
1346 1911 1454 1949 maJ'us
1469 1916 1554 1941 esset
1574 1917 1604 1941 et
1621 1913 1755 1950 dignius
1769 1914 1836 1944 hiis
1853 1924 1916 1954 que
1933 1916 1967 1945 in
1986 1916 2107 1947 litteris
2125 1920 2228 1957 expri-

1221 1962 1397 1992 mebantur
1419 1964 1555 1994 eisdem.
1582 1965 1622 1994 ad
1645 1967 1910 2004 respondendum
1932 1978 2041 1999 coram
2064 1971 2146 2009 ipsis
2171 1981 2229 2010 per

1221 2015 1413 2054 hujusmodi
1435 2016 1564 2047 litteras
1586 2019 1738 2056 compelli
1763 2020 1802 2050 de
1823 2021 1898 2059 jure
1923 2030 1989 2051 non
2013 2028 2139 2061 poterat
2168 2034 2228 2055 nec

1222 2067 1372 2098 debebat.
1395 2069 1479 2099 Cum
1508 2075 1617 2100 autem
1645 2071 1747 2101 iidem
1775 2073 1991 2112 subdelegati.
2018 2077 2103 2114 parti
2132 2077 2228 2108 alteri

1222 2120 1295 2158 plus
1311 2121 1422 2151 debito
1435 2122 1636 2153 favorabiles
1653 2124 1842 2155 existentes
1858 2132 2103 2164 procuratorem
2118 2130 2227 2168 ipsum

1221 2173 1341 2204 debere
1351 2175 1551 2213 respondere
1567 2185 1666 2215 super
1681 2178 1838 2215 predictis
1854 2180 1991 2210 decimis
2004 2191 2062 2220 per
2077 2183 2227 2222 iniquam

1221 2227 1507 2257 interlocutoriam
1535 2229 1771 2260 decrevissent.
1800 2233 1879 2270 quia
1907 2233 1994 2263 idem
2023 2241 2226 2273 procurator.

1222 2280 1436 2318 simplicitate
1461 2281 1588 2311 ductus.
1615 2283 1770 2314 omittens
1797 2285 1836 2314 ad
1860 2295 1920 2316 nos
1949 2287 2013 2326 [ab]
2037 2288 2227 2328 hujusmodi

1222 2334 1414 2371 gravamine
1430 2334 1605 2372 appellare.
1625 2345 1660 2365 ac
1678 2337 1717 2365 ad
1733 2337 1820 2367 diem
1836 2338 1900 2367 sibi
1919 2340 2080 2377 prefixum
2096 2351 2226 2381 compa-

1223 2395 1308 2422 rens.
1328 2387 1445 2423 noluit,
1466 2393 1561 2426 prout
1582 2389 1682 2418 etiam
1698 2399 1756 2419 nec
1773 2390 1921 2422 debebat.
1939 2402 2011 2422 cum
2029 2395 2156 2432 prefato
2172 2405 2227 2426 ca-

1223 2440 1342 2470 nonico
1359 2449 1469 2470 coram
1486 2441 1709 2479 subdelegatis
1727 2443 1895 2481 jamdictis
1916 2444 2009 2475 litem
2031 2455 2130 2485 super
2150 2457 2226 2486 pre-

1223 2493 1320 2523 dictis
1357 2493 1494 2523 decimis
1531 2495 1709 2524 contestari
1747 2506 1753 2523 :
1791 2498 1963 2527 memorati
1999 2499 2204 2538 subdelegati
2217 2525 2224 2537 ‚

1222 2550 1414 2585 reputantes
1427 2555 1493 2576 eos.
1507 2555 1565 2584 pro
1577 2556 1635 2577 sue
1649 2547 1828 2578 voluntatis
1842 2549 1990 2583 arbitrio.
2004 2557 2224 2589 contumaces.

1222 2599 1259 2628 in
1275 2599 1427 2629 abbatem
1450 2604 1479 2629 et
1506 2605 1704 2630 conventum
1728 2601 1860 2632 eosdem
1882 2605 2122 2642 suspensionis,
2144 2608 2226 2637 etin

1224 2653 1384 2691 quosdam
1401 2653 1439 2682 de
1457 2653 1630 2682 monachis
1654 2659 1685 2683 et
1707 2655 1875 2685 conversis
1895 2659 2089 2688 monasterii
2112 2669 2228 2698 supra-

1224 2705 1303 2735 dicti
1324 2706 1678 2736 excommunicationis
1695 2708 1898 2738 5611161111352
1912 2710 2163 2749 promulgarunt
2177 2730 2227 2743 —.

1224 2759 1297 2788 Dat.
1317 2759 1483 2793 Laterani.
1500 2759 1579 2788 XVI
1595 2759 1754 2790 kalendas
1772 2762 1916 2799 augusti‚
1930 2763 2141 2801 pontificatus
2157 2775 2229 2796 nos-

1225 2811 1268 2840 tri
1284 2819 1371 2840 anno
1389 2811 1648 2849 quartodecimo.
1670 2824 1682 2837 n

1259 2937 1279 2960 1.
1296 2936 1370 2960 Dans
1387 2937 1412 2960 13
1428 2937 1500 2960 table
1517 2937 1565 2960 des
1581 2939 1715 2966 capitula,
1731 2945 1767 2962 on
1782 2939 1814 2962 lit
1828 2942 2004 2970 senogiensi-

1256 2981 1278 3005 2.
1294 2983 1344 3005 Ms.
1361 2991 1368 3004 :
1384 2982 1559 3010 sententiam,
1576 2983 1682 3011 chanye'
1697 2989 1731 3005 ert
1747 2984 1907 3008 sententias.
