2553 3526
168 294 202 323 2¹
1013 281 1248 319 TREIZIEME
1272 278 1427 316 ANNEE.
2231 288 2265 315 ,ῃ

168 360 266 395 seris,
283 359 370 389 dicto
385 358 559 391 decanatu.
577 366 635 395 pro
651 366 689 386 eo
706 357 791 395 quod
809 365 886 386 cura
903 360 972 385 erat
988 355 1038 384 illi
1056 354 1180 384 anima-

168 421 242 442 rum
260 408 398 446 annexa,
415 411 564 440 dimisso.
585 409 828 440 thesaurariam
846 409 879 438 in
897 409 1024 446 prefata
1040 406 1179 437 ecclesia

167 464 356 495 Turonensi
378 473 416 494 ex
439 463 654 493 concessione
672 461 875 492 venerabilis
899 460 1012 490 fratris
1032 459 1138 489 nostri
1159 482 1179 487 ..

168 517 374 548 Turonensis
396 515 637 554 archiepiscopi
659 523 694 544 es
716 514 875 543 canonice
897 517 1079 542 assecutus.
1102 512 1181 550 quia

169 570 276 608 gratia
293 570 390 599 datur
410 578 447 599 ex
471 568 588 606 gratia.
609 576 679 597 nos.
703 566 831 596 meritis
856 571 909 595 tue
931 565 1106 603 probitatis
1128 565 1181 593 in-

168 623 270 657 ducti,
293 622 490 652 auctoritate
510 621 570 650 tihi
592 620 798 659 presentium
819 618 1031 656 indulgemus
1056 622 1089 647 ut
1109 617 1181 646 the-

169 675 355 706 saurariam
384 675 491 713 ipsam
522 682 589 703 una
619 682 694 702 cum
722 672 870 702 cantoria
900 671 1047 710 predicta
1076 670 1181 700 libere

171 729 282 759 valeas
309 728 465 759 retinere.
493 727 731 757 constitutione
760 725 926 763 generalis
954 724 1087 754 concilii
1115 732 1181 753 non

170 782 334 816 obstante.
363 782 410 811 ita
439 781 526 819 quod
554 781 588 809 in
616 789 683 809 una
712 779 934 817 predictarum
965 777 1182 808 ecclesiarum

170 834 392 873 personaliter
414 833 563 863 resideas
586 838 615 863 et
639 833 672 861 in
697 831 800 861 altera
824 831 928 860 facias
949 831 983 859 in
1008 829 1182 867 dignitatis

170 887 279 918 officio
293 895 394 926 quam
409 886 534 916 ibidem
548 885 691 915 obtines.
710 894 767 923 per
780 884 936 913 idoneum
951 883 1112 912 vicarium
1130 882 1182 912 de-

171 939 292 971 serviri
313 957 362 969 -—.
387 940 462 969 Dat.
488 938 653 968 Laterani.
678 938 774 967 XVII
799 936 959 966 kalendas
982 936 1075 965 maii.
1096 943 1183 964 anno

100 990 103 991 ⁷
151 1010 155 1012 -
171 993 409 1025 tertiodecimo.
429 1005 442 1019 n

242 1192 363 1221 4818

207 1254 320 1283 Abbati
335 1258 364 1281 et
377 1254 538 1281 conventui
559 1253 733 1280 monasterii
757 1252 952 1283 Casaemarii,
976 1251 1184 1279 Cisterciensis

172 1303 297 1336 ordinis,
313 1303 450 1330 concedit
464 1306 498 1330 ut
517 1303 672 1337 episcopus
687 1302 886 1329 Marsicanus.
902 1301 1024 1327 nomine
1046 1308 1185 1334 procura-

172 1352 275 1385 tionis,
289 1352 368 1379 nihil
381 1351 419 1378 ab
431 1352 561 1386 ipsorum
579 1351 704 1378 ecclesia
718 1350 821 1378 Sancti
836 1350 954 1377 Nicolai
968 1349 1004 1375 de
1017 1347 1184 1383 Capell[is],

173 1401 362 1430 Marsieanae
381 1400 535 1431 dioecesis,
558 1400 617 1427 nisi
637 1403 773 1434 quartam
798 1399 982 1425 decimarum
1004 1401 1032 1424 et
1055 1402 1185 1424 mortua-

173 1449 286 1477 riorum
301 1458 336 1476 ae
345 1449 448 1476 decem
459 1449 579 1480 solidos,
593 1452 622 1475 et
636 1448 714 1475 nihil
727 1457 745 1475 a
757 1448 853 1475 tribus
865 1447 934 1474 aliis
948 1447 1078 1481 ipsorum
1091 1447 1186 1473 eccle-

174 1498 239 1531 siis,
259 1498 291 1525 in
311 1498 395 1525 bulla
415 1486 588 1529 nominatis,
609 1497 740 1531 ejusdem
758 1497 911 1527 dioecesis,
933 1496 991 1522 nisi
1011 1504 1062 1522 sex
1077 1495 1186 1522 solidos

758 1191 879 1221 Latran„
893 1189 928 1216 23
941 1189 1017 1216 avril
1031 1188 1111 1216 1239.

120 1573 127 1575 .
174 1547 332 1575 annuatim
343 1547 436 1581 possit
448 1546 575 1580 exigere.
588 1561 621 1564 —
634 1546 722 1577 (ΗΒΕ.
735 1545 778 1577 19,
789 1546 810 1572 f.
823 1545 874 1572 109
884 1543 957 1580 [103]
969 1548 1007 1577 r⁰;
1020 1553 1089 1571 ann.
1102 1544 1185 1574 XIII.

175 1604 201 1623 o.
216 1595 269 1628 263
286 1610 320 1613 —
334 1597 373 1622 ct.
388 1602 485 1628 supra,
500 1603 530 1621 n.
544 1594 614 1621 3185
629 1597 657 1621 et
672 1593 765 1624 3186.)

217 1708 232 1723 α
260 1719 281 1725 ..
306 1697 407 1725 abbati
429 1701 455 1725 et
475 1697 642 1725 conventui
664 1696 846 1724 monasterii
869 1695 1048 1724 Casemarii.
1075 1695 1188 1724 Cister-

175 1751 288 1780 aiensis
301 1750 433 1779 ordinis.
448 1749 534 1778 Dum
550 1748 724 1786 religionis
740 1748 903 1778 fervorem
918 1765 967 1776 —.
982 1747 1071 1777 Licet
1085 1747 1189 1784 igitur

176 1802 380 1833 venerabilis
395 1802 499 1831 frater
515 1806 627 1831 noster
643 1825 664 1829 ..
686 1801 860 1839 episcopus
882 1801 1091 1830 Marsicanus
1109 1800 1189 1829 olim

177 1864 235 1886 vos
250 1864 350 1894 super
364 1854 498 1894 juribus
517 1854 761 1893 episcopalibus
781 1853 895 1883 Sancti
917 1853 1048 1883 Nicolai
1069 1853 1108 1883 de
1126 1853 1189 1884 Ca-

176 1907 310 1947 pel[lis],
334 1908 448 1939 Sancti
468 1907 583 1938 Rufini
604 1907 643 1937 de
666 1907 894 1945 Archipreta'.
918 1907 1032 1936 Sancti
1054 1907 1190 1935 Manni²

177 1966 210 1992 et
230 1956 345 1992 Sancti
367 1960 498 1991 Nicolai
522 1960 561 1990 de
585 1960 732 1991 Castulis
757 1959 985 1989 ecclesiarum.
1010 1968 1093 1997 quas
1119 1968 1186 1988 mo-

142 2053 146 2055 *
177 2014 364 2045 nasterium
379 2014 491 2052 ipsum
511 2013 635 2043 habere
657 2012 843 2042 dinoscitur
864 2012 898 2041 in
923 2012 1048 2042 diocesi
1069 2012 1189 2042 Marsi-

137 2084 143 2087 -
156 2089 162 2092 -
177 2075 272 2103 cana,
285 2075 395 2097 coram
410 2066 530 2097 dilecto
545 2066 615 2096 filio
631 2070 744 2096 nostro
759 2065 916 2105 O[ttone].
933 2066 1046 2095 Sancti
1060 2065 1191 2095 Nicolai

176 2121 214 2150 in
228 2120 370 2151 Carcere
384 2119 540 2150 Tulliano
555 2119 694 2149 diacono
710 2118 885 2152 cardinali,
904 2127 1003 2156 super
1018 2117 1079 2148 hoc
1097 2127 1115 2147 a
1132 2126 1191 2147 no-

167 2172 231 2204 bis
246 2172 398 2203 auditore
419 2181 588 2203 concesso.
609 2172 764 2202 traxisset
786 2172 821 2200 in
843 2180 989 2205 causam.
1010 2175 1052 2205 et,
1077 2176 1191 2200 contra

133 2223 137 2226 ⁴
177 2235 237 2257 vos
258 2235 317 2265 per
334 2226 478 2256 eundem
499 2225 702 2255 cardinalem
725 2225 904 2254 diffinitiva
928 2224 1095 2254 sententia
1116 2233 1192 2262 pro-

178 2279 338 2318 mulgata.
362 2288 473 2309 coram
496 2278 616 2309 dilecto
638 2278 708 2308 filio
731 2283 844 2308 nostro
867 2277 1077 2317 S[inibaldo],
1102 2276 1191 2306 tituli

180 2332 294 2367 Sancti
313 2332 486 2362 Laurentii
504 2332 538 2361 in
556 2331 683 2361 Lucina
701 2331 886 2369 presbitero
901 2330 1076 2361 cardinali,
1093 2338 1192 2368 quem

163 2393 280 2424 -super
293 2384 356 2415 hoc
372 2384 558 2414 auditorem
574 2384 812 2417 concessimus,
830 2383 923 2413 vobis
942 2387 973 2413 et
993 2383 1102 2413 eidem
1122 2391 1192 2412 mo-

126 2430 136 2438 *
179 2438 328 2469 nasterio
343 2441 458 2467 contra
473 2437 673 2467 sententiam
689 2436 795 2474 ipsam
811 2445 870 2474 per
885 2435 1084 2466 heneficium
1098 2436 1192 2465 resti-

179 2491 320 2522 tutionis
332 2490 368 2520 in
379 2490 548 2528 integrum
562 2489 726 2528 petieritis
739 2489 912 2518 subveniri
925 2498 932 2517 ι
945 2489 1067 2518 vestris
1081 2493 1191 2518 tamen

179 2543 482 2584 supplicationibus
498 2542 663 2577 inclinati,
681 2542 729 2572 sic
747 2542 841 2572 vobis
855 2542 964 2572 facere
979 2542 1120 2580 gratiam
1138 2542 1192 2571 in-

47 2637 49 2639 ,
179 2597 364 2633 tendentes,
379 2596 467 2635 quod
478 2595 665 2626 Marsicane
678 2595 818 2625 ecclesie
830 2595 963 2634 justitia
974 2604 1040 2624 non
1058 2594 1193 2624 tollatur

181 2650 330 2685 omnino,
348 2649 556 2688 presentium
577 2648 671 2678 vobis
691 2648 888 2678 auctoritate
907 2647 1120 2678 concedimus
1144 2652 1190 2681 ut..

181 2707 302 2742 quarta
320 2702 525 2732 decimarum
547 2706 578 2731 et
599 2701 860 2731 mortuariorum
876 2709 912 2730 ac
936 2700 1048 2730 decem
1075 2699 1192 2730 solidis

215 2829 236 2854 1.
252 2830 314 2856 Sic.
330 2829 376 2857 ici,
391 2835 497 2852 comme
513 2828 582 2851 dans
594 2828 621 2850 la
635 2827 712 2858 piece
726 2827 802 2853 318&
819 2827 881 2857 plus
893 2827 960 2854 loin,
974 2830 1005 2849 n⁰
1018 2826 1079 2850 4856
1093 2833 1098 2849 :
1114 2834 1126 2847 a
1141 2827 1193 2849 Ar-

182 2873 317 2904 chipetra.
333 2880 345 2895 n

213 2917 237 2942 2.
252 2918 316 2946 Sic,-
331 2917 393 2947 plus
406 2916 480 2946 loin,
500 2920 531 2939 [ιθ
545 2916 621 2945 4856,
641 2915 676 2939 de
697 2916 784 2939 meme
803 2922 857 2946 que
876 2915 945 2938 dans
965 2915 991 2938 la
1011 2915 1088 2945 piece
1108 2914 1170 2938 3186
1186 2920 1193 2938 ε

94 2951 106 2963 ι’
139 2986 142 2987 γ
184 2971 198 2986 ι
213 2961 308 2989 Sancti
323 2960 425 2991 Magni.
440 2968 454 2983 ι

1262 353 1295 381 in
1314 352 1460 389 predicta
1479 352 1591 381 Sancti
1608 351 1750 381 Nic-olai.
1774 357 1802 380 et
1823 361 1877 381 sex
1896 352 1929 380 in
1947 352 2021 381 aliis
2044 352 2192 381 ecclesiis
2213 362 2268 381 su—

1262 404 1431 442 pradictis.
1462 405 1595 434 nomine
1627 404 1869 442 procurationis
1902 405 2025 434 eisdem
2056 405 2207 442 episc-*ipo
2238 410 2266 435 ct

1263 457 1400 487 ecclesie
1420 457 1517 486 annis
1537 457 1679 494 singulis
1696 457 1885 487 reservatis.
1905 457 2007 486 nichil
2025 457 2165 495 amplius
2185 459 2270 496 epis-

1262 519 1362 548 copus
1383 515 1412 539 et
1435 509 1574 539 ecclesia
1596 509 1800 548 Marsicanfi]
1820 510 1946 547 possint
1968 519 1985 539 a
2004 510 2195 547 prescriptis
2217 520 2269 539 cc-

1262 562 1374 592 elesiis
1395 562 1525 599 exigere
1545 561 1594 591 vel
1615 562 1715 591 etiam
1732 567 1926 600 extorquere
1943 579 1991 589 —.
2010 563 2083 591 Dat.
2104 562 2267 591 Laterani.

1262 616 1360 645 VIIII
1377 615 1536 644 kalendas
1556 615 1646 643 maii.
1664 623 1751 644 anno
1769 614 2006 643 tertiodecimo.
2027 627 2039 640 n

1333 795 1453 823 48¹9

1299 866 1312 883 (‹
1333 859 1364 884 In
1384 857 1509 884 eundem
1535 859 1593 883 fere
1611 857 1729 883 modum
1749 878 1766 882 ..
1784 858 1902 888 episrnpo
1924 857 2062 881 ΑΙιιιν-ιίιυ.
2083 854 2129 890 [Ei
2150 856 2272 882 mandat

1263 910 1408 940 quatenus
1422 906 1516 932 dictos
1531 905 1667 931 abbatem
1686 910 1712 931 et
1729 908 1907 931 conventum
1926 912 2013 938 super
2028 904 2198 938 praemissis
2215 912 2272 930 non

1845 795 1965 821 Latran.
1983 794 2015 820 23
2029 794 2105 820 avril
2120 793 2198 820 1239.

1264 955 1417 989 permittat
1445 951 1619 987 niolestari.]
1642 953 1712 979 Dat.
1736 956 1767 979 ut
1791 961 1888 986 supra.
1907 960 1920 976 »
1945 967 1970 970 —-
1999 953 2086 982 [Bm.
2112 952 2154 980 19.
2179 954 2198 978 i.
2223 951 2274 978 109

1265 1001 1337 1037 [103]
1354 1006 1406 1033 τ’.)

1335 1175 1456 1204 4820
1849 1175 1969 1204 Latran,
1986 1174 2016 1199 21
2034 1173 2110 1199 avril
2125 1173 2203 1199 1239.

1302 1239 1412 1266 L'berto
1424 1235 1689 1272 Dalesmanninffij.
1702 1237 1761 1263 civi
1777 1236 1930 1267 Paduano,
1946 1235 2092 1269 significat
2104 1243 2144 1262 se.
2159 1238 2276 1268 propter

1266 1289 1329 1321 ejus
1343 1296 1409 1321 erga
1428 1287 1592 1313 Romanam
1609 1285 1773 1312 Ecclesiam
1787 1285 1938 1315 affectum,
1954 1284 2016 1316 ejus
2030 1290 2194 1317 personam.
2207 1290 2274 1308 cum

1266 1335 1405 1363 omnibus
1421 1335 1516 1366 bonis,
1530 1334 1584 1361 sub
1599 1334 1678 1361 beati
1698 1333 1778 1360 Petri
1796 1338 1823 1359 et
1842 1341 1893 1359 sua
1915 1332 2096 1366 protectione
2116 1330 2273 1364 suscipere.

1267 1400 1299 1403 -
1315 1385 1403 1415 (Rae.
1421 1380 1656 1417 19‚f.109[103}
1674 1385 1719 1413 τῆ
1736 1390 1806 1408 ann.
1824 1381 1946 1413 X111.e.
1964 1380 2021 1411 Y..)

1309 1499 1321 1512 α
1342 1486 1443 1515 Nobili
1461 1486 1526 1514 viro
1544 1485 1648 1513 Uber-to
1668 1481 1940 1521 Dalesmannin[i]‚
1960 1483 2022 1510 ciri
2038 1482 2194 1510 Pacluano⁴
2214 1481 2278 1510 De-

1267 1539 1411 1569 votionis
1428 1538 1582 1567 affectum
1599 1545 1696 1575 quem
1713 1553 1761 1564 —.
1780 1536 1851 1564 Dat.
1872 1524 2038 1564 Laterani.
2056 1534 2102 1563 XI
2119 1533 2278 1563 kalendas

1268 1592 1360 1622 maii.
1379 1599 1466 1621 anno
1485 1589 1722 1620 tertiodecimo.
1746 1601 1758 1614 n

1307 1716 1379 1739 ⁴82
1390 1717 1404 1738 ί
1413 1733 1419 1738 .
1435 1727 1466 1730 —
1484 1712 1515 1738 In
1533 1710 1658 1737 eundem
1675 1709 1793 1735 modum
1812 1708 1898 1733 nobili
1910 1708 1969 1732 viro
1983 1707 2097 1732 Hem-[co
2109 1706 2140 1731 de
2153 1707 2279 1735 Forzant,

1269 1763 1322 1788 civi
1340 1761 1484 1787 Ριιάυαιιο,

1341 1934 1461 1962 4822
1850 1930 1971 1960 Lati-an,
1988 1929 2022 1956 16
2037 1929 2113 1955 avril
2130 1929 2209 1955 1239.

1308 1997 1405 2025 Priori
1429 2000 1457 2023 et
1479 1995 1688 2022 archidiacono
1709 1993 1908 2024 &irensibus
1929 2001 1962 2018 ac
1980 1992 2070 2026 priori
2093 1991 2196 2018 Sancti
2219 1992 2282 2018 Au-

1272 2046 1384 2081 gustini
1397 2044 1622 2073 Cantuariensis
1635 2042 1756 2069 mandat
1766 2044 1911 2075 quatenus
1920 2040 2238 2067 excommunicationis
2250 2040 2280 2066 in

1272 2095 1408 2122 abbatem
1430 2097 1457 2120 et
1480 2093 1638 2119 nonnullos
1661 2091 1697 2117 de
1720 2094 1868 2117 conventu
1885 2088 2147 2114 XVestmonaster-ii
2167 2087 2282 2114 Londo-

1273 2144 1402 2175 niensis,
1419 2148 1446 2169 et
1464 2141 1618 2168 interdicti
1634 2140 1664 2166 in
1682 2139 1837 2166 ecclesiam
1854 2138 1889 2164 de
1904 2138 2047 2164 Aiswelle
2062 2140 2108 2167 (z
2123 2137 2280 2167 Ashwell),

1273 2191 1495 2220 Lincolniensis
1508 2189 1666 2220 dioecesis,
1683 2189 1714 2215 in
1731 2196 1789 2221 qua
1804 2186 1950 2221 praedicti
1965 2186 2054 2212 abbas
2073 2190 2101 2212 et
2119 2189 2282 2212 conventus

1272 2242 1319 2275 jus
1333 2244 1507 2275 patronatus
1520 2237 1706 2269 obtinebante
1721 2235 1885 2262 sententias
1899 2243 1915 2261 a
1929 2234 2132 2261 Lincolniensi
2147 2234 2282 2268 episcopo

1274 2292 1349 2317 latas
1361 2289 1541 2316 denuntient
1552 2295 1614 2313 esse
1626 2287 1735 2317 nullas,
1746 2288 1774 2311 et
1783 2284 1972 2311 collationem
1985 2283 2022 2309 ab
2033 2283 2133 2308 eodem
2147 2282 2282 2316 episcopo

1274 2341 1383 2366 iactam
1401 2338 1526 2365 Nieolao
1542 2336 1649 2363 clerico
1665 2335 1701 2361 de
1716 2334 1796 2360 dicta
1814 2333 1938 2359 ecclesia
1955 2340 2010 2358 non
2028 2332 2142 2362 valere:
2164 2331 2279 2357 eosdem

1273 2389 1409 2416 abbatem
1434 2390 1462 2413 et
1486 2389 1665 2412 conventum
1689 2383 1719 2409 in
1746 2382 1959 2417 possessionem
1985 2380 2115 2413 ejusdem
2141 2379 2282 2405 ecclesiae

1273 2437 1428 2464 inducant.
1445 2450 1476 2453 —
1491 2435 1578 2466 (Rso.
1593 2433 1637 2463 19,
1653 2433 1672 2458 f.
1688 2431 1739 2458 109
1754 2428 1827 2465 [103]
1840 2433 1884 2461 τῆ
1902 2437 1972 2455 ann.
1987 2429 2068 2459 XIII,
2087 2426 2122 2461 [c.
2139 2427 2173 2453 ’ΞΤ
2188 2428 2226 2451 lm
2239 2425 2282 2461 ¹.])

1316 2551 1329 2564 a
1350 2560 1369 2565 ..
1389 2537 1517 2573 Roffensi
1531 2541 1556 2563 et
1575 2557 1594 2563 ..
1613 2533 1719 2563 Sancti
1739 2531 1906 2568 Augustini
1924 2529 2157 2558 Cantuariensis
2170 2528 2284 2564 priori-

1274 2593 1338 2625 bus,
1355 2596 1380 2619 et
1405 2613 1424 2618 ..
1448 2589 1666 2618 archidiacono
1688 2585 1825 2620 Roffensi.
1849 2583 1914 2613 Sua
1936 2582 2031 2611 nohis
2050 2580 2162 2610 dilecti
2181 2580 2241 2608 filii
2262 2603 2281 2608 ..

1275 2645 1376 2675 abbas
1399 2648 1428 2673 et
1449 2646 1631 2672 conventus
1646 2636 1939 2668 W'estmonasterii
1962 2633 2216 2664 Londoniensis.
2234 2642 2284 2662 01·-

1275 2697 1363 2727 dinis
1387 2695 1493 2726 sancti
1516 2691 1699 2726 Benedicti,
1724 2689 1811 2728 quod
1833 2689 1874 2718 ad
1895 2689 2079 2718 Romanam
2102 2685 2284 2715 Ecclesiam

1276 2749 1368 2780 nullo
1384 2747 1527 2787 pertinet
1543 2745 1721 2779 mediante,
1740 2742 1898 2781 petitione
1915 2738 2167 2779 mon[strarunt]
2185 2739 2281 2777 quod.

1310 2870 1329 2892 1.
1349 2868 1428 2892 Cette
1446 2865 1522 2897 piene
1539 2872 1572 2888 ne
1592 2868 1670 2894 porte
1686 2869 1735 2892 pas
1751 2861 1784 2884 de
1800 2860 1915 2883 numero
1930 2859 1998 2882 dans
2010 2859 2033 2881 le
2048 2865 2126 2887 corps
2139 2858 2174 2880 du
2190 2859 2283 2886 119915-

1277 2916 1331 2941 tre;
1348 2912 1417 2935 dans
1434 2911 1459 2934 la
1475 2910 1547 2933 table
1565 2908 1614 2931 des
1631 2907 1778 2936 rubriques
1792 2905 1826 2928 de
1841 2905 1866 2927 la
1882 2903 1957 2927 X111=
1970 2902 2066 2931 annee,
2085 2902 2135 2925 elle
2151 2906 2192 2924 est
2209 2901 2286 2924 cotee

1277 2956 1404 2982 XXVIII.
