2553 3526
150 298 206 328 529
985 283 1229 328 QUINZIEME
1251 282 1409 320 ANNEE.
2192 296 2246 325 5:30

150 365 353 394 instructum
376 361 416 391 ad
441 369 577 391 examen
603 360 819 399 apostolicum
847 358 1035 393 remittatis,
1061 356 1160 395 prefi-

150 420 265 454 gentes
281 414 432 454 partibus
445 413 623 444 terminum
637 412 894 451 peremptorium
908 414 1159 449 competentem,

151 477 216 507 quo
231 477 289 506 per
301 471 530 505 procuratores
542 465 745 496 sufficientes
760 469 789 495 et
803 464 939 494 idoneos
951 465 1161 500 compareant

151 530 261 552 coram
286 520 393 550 nobis.
416 520 552 559 justam,
575 523 708 548 auctore
729 519 808 551 Deo,
831 517 1031 547 sententiam
1050 523 1162 551 recep-

153 580 237 604 ture.
253 574 328 604 Non
338 575 347 594 ¹
359 573 511 603 obstante
521 572 760 602 constitutione
772 571 810 600 de
823 570 950 599 duabus
963 568 1061 598 dietis
1075 566 1163 597 edita

152 627 187 656 in
203 626 346 657 concilio
364 624 522 663 generali,
542 625 588 654 ita
605 629 714 654 tamen
734 623 820 662 quod
839 623 925 652 ultra
945 626 1096 660 quartam
1113 619 1164 649 vel

152 679 305 718 quintam
321 679 507 708 etc.Testes
524 681 634 707 autem
651 677 708 715 qui
720 676 843 706 fuerint
860 674 1034 704 nominati.
1053 682 1163 710 excep-

153 732 197 762 tis
221 731 373 762 articulis
390 731 447 770 qui
466 731 608 760 crimina
629 730 821 767 contingere
838 728 1068 758 dinoscuntur.
1087 726 1115 755 si
1130 734 1164 755 se

154 785 262 823 gratia
279 789 340 815 etc.
359 784 452 821 Quod
469 784 498 814 si
516 792 581 813 non
601 791 715 812 omnes
737 786 798 812 etc.
824 783 897 811 Dat.
920 780 1087 810 Laterani,
1107 779 1166 808 XV

154 838 314 868 kalendas
348 837 444 877 julii,
484 837 697 875 pontificatus
728 835 833 864 nostri
867 843 953 864 anno
990 832 1166 872 quintode-

155 900 253 921 cimo.
273 903 286 917 n

225 1095 342 1123 606¹?
756 1095 875 1125 Latran,
889 1093 924 1120 20
936 1093 1001 1127 juin
1016 1093 1095 1119 1241».

191 1157 331 1185 Generali
349 1156 488 1184 ministro
509 1159 537 1183 et
557 1156 706 1183 universis
723 1155 864 1182 fratribus
883 1155 997 1182 ordinis
1013 1155 1165 1182 Minorum

155 1205 293 1234 concedit
315 1207 349 1232 ut
371 1205 402 1232 in
426 1204 753 1231 excommunicatorum
775 1204 862 1230 terris
883 1203 974 1231 libere
990 1203 1167 1230 commorari

154 1257 185 1282 et.
204 1254 242 1281 ab
263 1253 305 1281 eis
330 1256 412 1286 tunc,
442 1256 470 1280 et
499 1253 588 1280 etiam
616 1252 733 1286 quando
756 1260 808 1286 per
835 1252 952 1279 easdem
976 1255 1068 1278 terras
1089 1251 1168 1285 ipsos

154 1303 282 1331 transire
311 1303 479 1336 contingat,
506 1301 673 1329 necessaria
699 1301 780 1328 vitae
801 1301 957 1335 deposcere
981 1309 1015 1327 ac
1038 1300 1168 1334 recipere

155 1352 280 1387 possint.
304 1366 337 1370 —
362 1352 450 1383 (Bac.
475 1351 525 1383 20,
551 1352 572 1377 t.
595 1350 629 1377 84
654 1353 694 1382 1¹⁰3
721 1358 790 1377 ann.
817 1349 885 1381 XV,
907 1358 932 1376 c.
958 1349 1008 1381 85;
1036 1364 1067 1367 —
1091 1349 1167 1376 Por-

153 1409 251 1429 τιμε-ι·
265 1401 378 1433 11041.)

195 1521 209 1536 α
229 1531 248 1538 ..
265 1509 404 1547 generali
419 1509 566 1537 ministro
581 1513 607 1537 ει
627 1508 782 1537 universis
798 1508 950 1543 fratribus
967 1507 1087 1536 ordinis
1101 1508 1170 1542 fra-

155 1567 241 1592 trum
258 1562 414 1591 Minorum
430 1566 580 1599 presentes
595 1562 715 1590 litteras
731 1561 927 1598 inspecturis.
947 1559 1050 1589 Vobis
1067 1564 1169 1589 extre-

155 1623 244 1645 mam
259 1614 465 1653 patientibus
481 1631 530 1644 —-.
548 1614 623 1643 Dat.
641 1613 807 1648 Laterani,
824 1613 888 1643 XII
904 1612 1065 1643 kalendas
1079 1612 1168 1651 julii,

156 1676 244 1698 anno
261 1667 522 1707 quintodecimo.
543 1679 555 1693 n

192 1936 389 1965 Coventrensi
403 1939 432 1963 et
442 1936 664 1963 Licheteldensi
676 1936 824 1970 episcopo,
837 1935 894 1970 ipsi
910 1944 1002 1970 papae
1013 1935 1171 1962 intimanti

157 1988 319 2020 proventus
334 1985 543 2012 beneficiorum
560 1984 752 2011 ecclesiarum
770 1988 830 2011 tam
849 1984 1064 2018 parochialium
1082 1992 1169 2018 quam

157 2033 303 2061 ruralium
339 2034 551 2062 Coventrensis
585 2036 614 2060 et
648 2033 885 2060 Lichefeldensis
916 2033 1058 2060 dioecesis
1093 2041 1170 2065 esse,

157 2086 278 2118 propter
292 2082 420 2109 nimiam
435 2085 581 2109 terrarum
598 2082 802 2114 sterilitatem,
819 2081 891 2108 adeo
907 2084 1010 2108 tenues
1026 2085 1053 2108 et
1068 2082 1172 2114 exiles,

157 2131 235 2166 quod
258 2130 401 2158 habentes
421 2131 475 2158 illa
491 2139 549 2157 non
567 2134 685 2165 possent
706 2139 740 2157 ex
762 2130 804 2157 eis
825 2131 979 2157 commode
999 2131 1172 2161 sustentari,

158 2181 334 2208 facultatem
354 2179 491 2206 concedit
508 2179 693 2213 supplicanti
714 2179 907 2213 dispensandi
930 2187 996 2206 cum
1015 2179 1110 2206 tribus
1127 2179 1173 2213 ip—

158 2230 221 2257 sius
236 2229 366 2264 episcopi
389 2229 517 2261 clericis,
534 2232 623 2256 tenua
645 2228 789 2255 beneficia
809 2229 881 2255 talia
901 2228 1116 2259 obtinentibus
1138 2229 1174 2255 de

159 2278 296 2313 legitimo
312 2277 505 2305 matrimonio
522 2277 694 2312 procreatis,
710 2277 825 2304 meritis
839 2280 867 2304 et
883 2277 1010 2304 scientia
1025 2286 1174 2304 commen-

159 2328 250 2361 datis,
268 2327 345 2362 quod
365 2336 464 2354 eorum
483 2327 620 2361 quilibet,
642 2335 698 2353 non
718 2326 854 2354 obstante
874 2327 898 2353 si
921 2327 1042 2353 unicum
1065 2327 1175 2353 benefl-

160 2376 252 2409 cium,
269 2384 370 2403 curam
390 2376 502 2403 habens
517 2376 700 2407 animarum,
718 2375 778 2408 jam
801 2375 945 2405 obtineat,
962 2375 1044 2402 aliud
1065 2375 1176 2402 benefi-

161 2424 253 2457 cium,
268 2424 359 2451 etiam
372 2424 397 2451 si
413 2432 514 2451 curam
529 2424 662 2450 similem
679 2423 796 2455 habeat,
814 2424 942 2458 recipere
959 2426 987 2450 et
1003 2432 1069 2450 cum
1085 2424 1175 2458 priori

161 2473 290 2500 retinere
305 2473 413 2507 possit;
433 2480 447 2498 11
465 2473 507 2500 ita
527 2475 627 2499 tamen
650 2472 726 2506 quod
742 2472 815 2499 dicti
837 2472 937 2499 clerici
957 2472 987 2499 in
1003 2481 1061 2499 uno
1077 2481 1176 2507 perso-

162 2529 176 2547 »
197 2521 307 2549 naliter
317 2521 489 2548 deserviant
503 2524 531 2548 et
543 2521 572 2547 in
586 2522 679 2548 altero
691 2521 802 2547 faciant
815 2529 865 2555 per
875 2521 1014 2548 idoneum
1028 2521 1174 2548 vicarium

162 2577 176 2596 1)
197 2570 356 2598 deserviri.
373 2577 387 2595 1)
403 2584 436 2588 -
452 2570 541 2601 (Rae.
553 2569 599 2600 20,
617 2571 636 2596 f.
654 2569 687 2596 84
708 2572 746 2601 r‘';
763 2577 834 2596 ann.
851 2569 920 2601 XV,
937 2578 962 2596 e.
977 2569 1034 2600 86.)

766 1874 887 1904 Latran,
905 1873 921 1899 6
936 1873 1000 1906 Juin
1018 1873 1097 1899 1241.

201 2689 216 2705 u
235 2700 256 2707 ..
274 2678 470 2708 Coventrensi
489 2682 515 2706 et
531 2677 749 2712 Lichefeldensi
770 2678 915 2714 episcopo.
938 2677 1020 2711 Etsi,
1043 2682 1176 2716 propter

161 2729 365 2760 ambitiones
385 2747 435 2758 —.
463 2730 537 2759 Dat.
563 2729 732 2763 Laterani,
755 2730 836 2759 VIII
866 2729 941 2760 idus
962 2730 1064 2769 junii,
1088 2739 1176 2761 anno

162 2782 426 2822 quintodecimo.
447 2794 460 2808 ι)

197 2914 220 2938 l.
235 2913 274 2938 La
289 2913 417 2945 presente
431 2913 525 2936 clause
546 2920 552 2936 :
574 2921 586 2935 «
607 2913 670 2937 Non
686 2914 814 2937 obstante
890 2921 913 2942 »‚
932 2914 1042 2944 jusqu'a
1057 2920 1063 2937 z
1081 2922 1093 2936 11
1108 2914 1176 2938 Tes-

125 2975 135 2977 -
164 2961 208 2983 tes
281 2966 294 2981 11
313 2957 542 2987 oxetustvement,
558 2964 574 2980 a
588 2957 630 2981 ete
646 2957 756 2988 ajoutee
772 2964 805 2981 en
821 2964 923 2988 marge.

288 3007 476 3040 Gneoomn
494 3014 545 3043 ix,
564 3018 582 3039 ι,
603 3014 650 3038 111.

1314 354 1432 384 6069

1278 418 1422 453 Episcopo
1435 418 1585 447 Trecensi.
1604 428 1656 446 nec
1674 428 1729 445 non
1747 419 1850 446 Sancti
1868 420 1943 454 Lupi
1958 425 1983 447 et
2003 421 2105 448 Sancti
2124 423 2246 450 Martini

1242 465 1434 494 Trecensium
1469 468 1626 495 abbatibus
1661 468 1781 494 mandat
1812 472 1956 501 quatenus
1986 470 2077 495 cleros
2109 472 2249 498 acclesiae

1243 515 1415 541 Leodiensis
1434 517 1614 550 compellant
1632 520 1661 543 ut
1685 516 1789 543 nuntio
1813 516 1944 547 Roberti,
1970 517 2073 543 Sam-u
2095 518 2248 545 Eustachii

1244 563 1362 590 diaconi
1379 564 1552 596 cardinalis,
1568 573 1714 591 summam
1728 569 1932 591 sexcentarum
1947 574 2111 592 marcarum
2129 568 2249 593 sterlin-

1245 621 1378 646 guorum,
1396 621 1483 647 quam
1502 613 1594 640 bonae
1612 614 1770 640 memoriae
1787 614 1896 640 electus
1912 614 2084 641 Leodiensis
2099 624 2114 641 a
2133 615 2250 649 quibus-

1245 661 1313 687 dam
1339 661 1455 688 civibus
1477 662 1618 688 Romanis
1638 662 1708 688 olim
1732 665 1833 688 mutuo
1857 667 2017 696 receperat,
2041 668 2067 689 et
2085 672 2171 698 super
2194 673 2251 698 qua

1830 358 1950 389 Lati-an,
1967 359 2000 384 13
2016 359 2079 391 juin
2098 360 2175 386 1211.

1247 718 1297 744 pro
1325 711 1425 737 codem
1452 711 1544 737 electo
1570 711 1738 745 praedictus
1759 711 1922 737 cardinalis
1947 712 2057 738 eisdem
2080 713 2196 739 civibus
2221 722 2250 740 se

1246 758 1440 792 obligaverat,
1457 760 1623 785 exsolvant.
1642 774 1671 777 —
1690 760 1776 789 (Rae.
1791 759 1835 786 20.
1853 761 1870 785 t.
1886 759 1918 786 8⁴
1935 763 1972 788 r⁰z
1986 769 2056 786 ann.
2073 761 2140 790 XV,
2159 770 2183 787 c.
2201 762 2251 791 87:

1249 822 1278 825 -
1296 807 1429 834 MOREAL‘
1446 807 1526 838 1193,
1542 809 1560 833 f.
1575 807 1650 837 310.)

1290 947 1302 960 «ι
1324 958 1343 963 ..
1358 936 1502 972 episcopo.
1521 941 1546 964 el
1566 958 1584 964 ..
1603 936 1707 965 Sancti
1725 937 1800 973 Lupi
1816 941 1841 964 el
1862 959 1882 964 ..
1898 937 2001 965 Sancti
2020 938 2146 965 Martini
2163 938 2254 966 abba-

1249 988 1327 1016 tibus
1351 987 1578 1027 Trecen[sibz‹s].
1606 988 1691 1018 Olim
1721 988 1804 1018 bone
1834 989 1991 1018 memorie
2016 1012 2034 1017 ..
2061 990 2254 1019 Leodiensis

1249 1040 1382 1075 electus,
1399 1049 1496 1078 quem
1509 1041 1565 1070 diu
1577 1040 1663 1078 apud
1673 1041 1790 1071 Sedem
1801 1041 2021 1079 Apostolicam
2038 1051 2094 1079 pro
2107 1043 2253 1072 Romane

1249 1102 1285 1122 ac
1303 1093 1503 1123 universalis
1523 1093 1670 1123 Ecclesie
1688 1093 1830 1131 negotiis
1853 1086 2007 1123 duximus
2031 1094 2252 1124 retinendum.

1248 1146 1336 1175 inter
1351 1145 1462 1175 dehita
1481 1155 1544 1184 que
1564 1146 1726 1175 contraxit
1744 1146 1878 1176 ibidem.
1897 1155 1915 1175 a
1933 1146 2043 1176 Paulo.
2065 1148 2172 1183 Petro,
2192 1148 2255 1177 Bo-

1250 1198 1368 1227 nifatio
1391 1203 1421 1228 et
1444 1197 1580 1228 Alberto
1602 1198 1773 1229 fratribus.
1792 1198 1871 1228 filiis
1896 1198 2011 1229 Cencii
2037 1199 2075 1229 de
2098 1200 2206 1229 Turri.
2226 1206 2254 1229 ct

1249 1250 1417 1289 Stephano
1450 1251 1676 1289 Caphai·ell[i].
1708 1251 1837 1281 civibus
1876 1252 2047 1289 Romanis,
2085 1258 2256 1282 sexcenta>-

1250 1313 1378 1334 marcas
1390 1304 1661 1341 sterlinguorum,
1680 1304 1836 1334 tredecim
1847 1304 1963 1334 solidis
1980 1309 2009 1334 et
2026 1310 2256 1344 quatuorstcr-

1250 1357 1400 1396 ling[uis]
1426 1366 1483 1395 pro
1511 1366 1621 1386 marca
1645 1357 1793 1396 qualibet
1816 1358 2025 1395 computatis,
2050 1359 2148 1388 certis
2174 1358 2255 1389 locis

1250 1416 1279 1440 et
1300 1410 1451 1440 terminis
1464 1410 1687 1440 restituendas
1704 1410 1840 1444 eisdem,
1857 1410 1980 1448 recepit
1996 1416 2121 1445 mutuo,
2138 1411 2257 1441 dilecto

1250 1463 1318 1493 filio
1336 1468 1448 1493 nostro
1470 1462 1649 1502 R[oberto].
1667 1463 1781 1493 Sancti
1802 1462 1974 1493 Eustachii
1994 1463 2132 1493 diacono
2155 1465 2257 1494 cardi-

1251 1516 1332 1553 nali,
1350 1526 1384 1547 se
1401 1525 1458 1554 pro
1480 1516 1593 1546 eodem
1616 1515 1718 1545 electo
1735 1516 1864 1545 civibus
1884 1516 1967 1553 ipsis
1984 1525 2082 1554 super
2101 1516 2160 1546 hoc
2179 1518 2258 1547 fide-

1247 1570 1392 1608 jussorie
1403 1569 1582 1607 obligante,
1594 1577 1628 1598 ac
1642 1569 1742 1598 etiam
1752 1577 1786 1598 se
1798 1569 2020 1598 constituente
2030 1569 2260 1608 principaliter

1251 1622 1444 1652 debitorem.
1464 1623 1598 1655 Verum,
1616 1621 1694 1660 quia
1711 1621 1856 1650 nondum
1874 1621 1912 1650 de
1934 1622 2072 1659 pecunia
2090 1622 2161 1660 ipsa
2178 1623 2260 1651 exti-

1251 1675 1289 1704 tit
1320 1675 1417 1704 dictis
1449 1674 1578 1703 civibus
1604 1673 1824 1703 satisfactum.
1852 1673 1937 1703 sicut
1966 1673 2053 1703 idem
2081 1674 2260 1704 cardinalis

1252 1728 1402 1766 exposuit
1420 1736 1528 1757 coram
1553 1726 1659 1756 nobis.
1679 1726 1863 1756 venerabili
1884 1727 1980 1756 fratri
2003 1732 2114 1757 nostro
2134 1751 2152 1756 ..
2172 1728 2260 1766 cpis-

1251 1790 1331 1820 copo
1354 1785 1384 1811 et
1408 1781 1527 1811 dilecto
1552 1780 1656 1809 filio..
1676 1780 1786 1809 abbati
1812 1780 1924 1810 Sancti
1946 1780 2085 1810 Auberti
2109 1782 2261 1811 Camera-

1251 1833 1432 1873 cen[sibus]
1450 1834 1574 1863 nostris
1590 1833 1741 1863 dedimus
1757 1833 1878 1863 litteris
1894 1833 1928 1862 in
1948 1833 2123 1868 mandatis,
2144 1839 2177 1863 ut
2196 1834 2259 1872 ipsi

1253 1892 1381 1917 tantum
1397 1887 1435 1917 de
1452 1887 1638 1917 redditibus
1655 1886 1898 1924 episcopalibus
1912 1886 2105 1916 Leodiensis
2122 1887 2260 1917 ecclesie

1253 1942 1293 1971 ad
1312 1950 1430 1970 manus
1449 1950 1526 1970 suas
1542 1940 1700 1978 recipere.
1719 1940 1906 1970 detentores
1928 1949 2040 1969 eorum
2062 1940 2101 1969 ad
2122 1941 2155 1969 id
2177 1941 2262 1970 assi-

1254 1994 1423 2032 gnandum
1441 1993 1566 2023 eisdem
1587 2002 1644 2031 per
1668 2001 1842 2022 censuram
1862 1992 2132 2022 ecclesiasticam.
2152 1993 2263 2032 appel-

1254 2047 1378 2077 latione
1396 2046 1590 2085 postposita‚
1611 2045 1800 2079 coartando,
1818 2050 1846 2075 et
1867 2045 2126 2076 contradictores
2143 2046 2266 2084 quosli-

1254 2100 1309 2130 bet
1321 2099 1571 2138 compescenda
1583 2098 1669 2137 quod
1684 2098 1847 2128 sufficeret
1866 2098 1906 2127 ad
1922 2098 2177 2133 restituendum,
2191 2108 2265 2128 cum

1253 2153 1354 2192 justis
1378 2158 1407 2182 et
1434 2152 1612 2182 moderatis
1637 2151 1791 2189 expensis
1821 2160 1856 2181 ac
1888 2151 1998 2181 debita
2023 2152 2265 2182 restauratione

1256 2207 1488 2244 dampnorum,
1507 2205 1645 2244 usu[ris]
1665 2205 1801 2234 omnino
1824 2204 2072 2243 ces[santibus]‚
2092 2205 2266 2242 pecuniam

1257 2263 1472 2298 pretaxatam.
1507 2267 1541 2287 ac
1574 2258 1691 2287 nuntio
1720 2257 1899 2287 cardinalis
1938 2258 2098 2296 ejusdem,
2132 2258 2266 2287 nomine

1257 2313 1381 2342 civium
1409 2311 1641 2350 predictorum,
1668 2311 1706 2340 de
1729 2310 1795 2340 hiis
1820 2311 2012 2340 satisfacere
2038 2316 2263 2348 procurarent.

1258 2366 1333 2401 Sed,
1352 2365 1445 2403 ipsis,
1462 2373 1527 2394 non
1539 2365 1611 2394 sine
1626 2364 1752 2394 lesione
1765 2364 1816 2393 sui
1834 2363 1979 2393 nominis
1993 2368 2022 2392 et
2036 2364 2127 2401 gravi
2140 2364 2264 2393 offensa

1259 2418 1354 2448 Sedis
1375 2417 1574 2456 Apostolice.
1599 2416 1788 2446 mandatum
1814 2420 1963 2445 nostrum
1984 2424 2123 2445 vacuum
2145 2415 2184 2444 ad
2207 2424 2264 2444 nos

1258 2470 1519 2503 remittentibus,
1539 2470 1646 2499 dictus
1663 2469 1812 2498 nuntius.
1835 2469 1892 2507 qui
1916 2473 2047 2506 propter
2070 2468 2129 2497 hoc
2152 2468 2191 2497 ad
2213 2477 2268 2498 eos

1259 2523 1410 2554 accessit.
1425 2532 1488 2552 non
1509 2523 1574 2551 nisi
1592 2522 1721 2551 labores
1735 2526 1763 2551 et
1779 2529 1939 2559 expensas
1957 2521 2063 2550 extitit
2080 2525 2264 2550 assecutus.

1259 2578 1345 2607 Hinc
1363 2581 1411 2606 est
1431 2576 1527 2614 quod.
1549 2584 1622 2604 cum
1644 2574 1735 2604 nulla
1756 2574 1884 2603 ratione
1910 2574 2076 2603 sustinere
2100 2574 2266 2611 possimus

1259 2636 1293 2661 ut
1309 2630 1395 2659 idem
1413 2628 1593 2658 cardinalis
1615 2628 1794 2665 dampnum
1817 2627 1950 2665 aliquod
1973 2627 2126 2665 patiatur,
2146 2626 2183 2656 de
2201 2635 2266 2664 quo

1259 2683 1391 2713 deberet
1408 2682 1548 2719 gratiam
1570 2685 1747 2719 reportare,
1768 2680 1802 2709 in
1819 2680 1940 2709 virtute
1959 2679 2146 2709 obedientie
2164 2679 2265 2717 preci-

1258 2735 1377 2774 piendo
1396 2734 1592 2764 mandamus
1610 2738 1785 2772 quatenus,
1799 2733 1903 2762 dictas
1920 2741 2059 2762 marcas.
2075 2741 2149 2761 cum
2165 2732 2265 2770 justis

1258 2793 1289 2819 et
1307 2787 1485 2818 moderatis
1502 2786 1656 2825 expensis
1672 2794 1708 2815 ac
1724 2785 1834 2816 debita
1850 2785 2092 2815 restauratione
2109 2784 2266 2822 dampno-

1258 2850 1343 2875 rum,
1359 2840 1446 2870 clero
1462 2839 1608 2869 civitatis
1625 2843 1655 2869 et
1669 2838 1813 2868 diocesis
1830 2838 2063 2877 Leodien[sis],
2081 2837 2267 2866 considera-

1258 2895 1300 2924 tis
1321 2894 1470 2932 ipsorum
1491 2892 1719 2927 facultatibus,
1737 2891 2027 2930 proportionaliter
2046 2891 2266 2928 imponentes.

1261 2957 1316 2979 eos
1328 2946 1416 2987 quod
1431 2946 1564 2977 easdem
1579 2955 1719 2980 marcas,
1733 2954 1807 2975 cum
1824 2945 1921 2975 dictis
1937 2944 2089 2982 dampnis
2107 2948 2137 2974 et
2151 2952 2267 2982 expen-

2117 3009 2145 3032 34
