2553 3526
291 301 323 329 ζ’1

294 367 410 404 prs-fati
433 367 559 395 ordinis
584 367 689 396 sancti
714 367 904 404 Augustini,
930 376 966 396 ac
989 367 1046 396 alii
1068 366 1215 403 religiosi
1244 375 1300 395 su-

293 421 368 458 prad
378 421 449 448 ictis
461 420 632 449 heremitis
644 421 829 449 conformes
843 420 968 454 habitu,
981 420 1014 448 in
1028 420 1141 449 eadem
1152 419 1301 448 marchia

291 473 475 506 constituti,
507 473 645 502 formam
679 472 823 510 predicte
853 472 1071 509 idemptitatis
1099 471 1299 509 prohibitam

291 531 420 562 gestare
437 526 600 559 dicantur,
620 525 653 554 in
669 525 859 555 eorumdem
874 525 1014 554 fratrum
1032 525 1199 554 Minorum
1215 525 1301 553 insa-

292 579 391 607 miam
411 583 441 608 et
459 578 651 607 scandalum
672 577 909 615 plurimorum.
930 577 1070 607 firmiter
1086 576 1300 615 precipiendo

292 632 487 660 mandamus
515 635 678 669 quatenns
705 630 872 660 universis
899 635 929 660 et
952 629 1096 667 singulis
1120 629 1299 659 dictorum¹

292 685 529 714 heremitarum
547 692 581 712 ac
600 683 832 720 religiosorum
848 683 1034 713 districtius
1051 682 1235 722 injungatis
1252 686 1298 716 ut,

291 738 377 766 circa
398 737 557 774 premissa
574 740 752 766 memorate
769 736 971 774 provisionis
989 740 1148 765 statutum
1162 734 1301 765 inviola-

293 790 404 819 biliter
432 789 664 823 observantes,
695 798 769 818 eum
795 789 852 827 qui
873 789 1129 818 contraveniens
1153 788 1300 817 monitus

292 851 356 871 non
372 841 558 879 resipuerit,
575 841 929 877 excommunicandum
941 841 981 870 ab
996 841 1055 876 cis,
1074 841 1176 871 donec
1190 841 1301 876 redeat

290 895 331 924 ad
350 895 552 929 mandatum,
575 904 593 924 a
617 904 676 924 suo
695 895 861 924 consortio
885 894 1058 924 excludere
1082 903 1146 924 non
1170 899 1301 932 postpo-

292 953 370 977 nant
396 966 443 976 —.
470 949 542 977 Dat.
572 948 738 983 Laterani,
759 948 858 978 VIIII
879 947 1038 977 kalendas
1061 947 1187 985 aprilis,
1214 956 1301 977 anno

292 1001 581 1039 quartodecimo.»

362 1167 483 1194 5123

328 1229 424 1255 Priori
440 1228 619 1263 provinciali
636 1229 749 1255 ordinis
764 1230 889 1255 fratrum
907 1229 1149 1255 Praedicatorum
1168 1230 1197 1255 in
1216 1230 1303 1256 Hun-

865 1166 986 1198 Latran,
1007 1168 1041 1193 23
1057 1176 1134 1194 mars
1150 1167 1228 1194 1240.

291 1277 370 1311 garia
386 1278 506 1303 mandat
521 1280 676 1311 quatenus,
690 1285 740 1310 per
757 1286 786 1303 se
803 1285 835 1303 ac
850 1285 900 1311 per
915 1277 988 1303 alios
1003 1277 1047 1303 sni
1060 1277 1173 1303 ordinis
1186 1279 1301 1309 fratres,

290 1326 412 1352 verbum
425 1325 520 1352 crucis
530 1334 564 1352 ex
580 1334 657 1352 nunc
667 1334 758 1359 usque
769 1326 804 1351 ad
815 1325 978 1352 triennium
993 1326 1022 1352 in
1034 1326 1205 1359 Hungariae
1216 1335 1303 1360 regno

291 1377 444 1409 proponat,
462 1377 489 1401 et
505 1377 574 1401 vota
590 1374 860 1407 crucesignatorum
883 1377 912 1401 et
931 1375 1057 1401 aliorum
1079 1375 1129 1409 qui
1146 1375 1303 1402 bellatores

291 1424 338 1449 vel
360 1423 452 1449 alium
477 1431 637 1457 congruum
661 1423 827 1449 subsidium
847 1423 877 1449 in
901 1424 1022 1450 Terram
1046 1424 1186 1451 Sanctam
1206 1427 1303 1450 trans-

292 1471 411 1498 mittere
427 1472 634 1506 promiserant,
655 1472 685 1498 in
707 1480 878 1498 succursum
897 1472 1016 1506 imperii
1036 1473 1210 1502 llomaniae,
1227 1473 1303 1507 quod

292 1521 435 1547 Vatacius
460 1521 590 1554 graviter
612 1521 851 1555 persequebatur,
870 1521 1004 1555 pluribus
1027 1522 1158 1555 ejusdem
1183 1522 1304 1556 imperii

292 1569 467 1596 civitatibus
480 1569 614 1596 funditus
624 1570 683 1603 jam
696 1570 1048 1602 destructisoeommutet;
1062 1571 1177 1597 eosdem
1192 1574 1221 1598 et
1232 1571 1305 1597 alios

292 1618 453 1644 catholicos
467 1622 497 1644 ut
510 1618 604 1644 eidem
618 1622 792 1645 succurrant
804 1619 940 1653 imperio,
955 1623 1070 1647 moneat
1084 1623 1112 1647 et
1127 1621 1259 1647 inducat.
1273 1635 1304 1639 —

292 1666 379 1697 (Rau.
397 1666 441 1698 20,
462 1668 481 1692 f.
500 1667 511 1692 1
531 1670 567 1697 r“;
586 1676 654 1693 ann.
674 1667 756 1699 xlv,
771 1676 796 1693 c.
817 1668 848 1699 2;
872 1683 904 1685 —
928 1668 1061 1696 MOREAU
1083 1669 1162 1702 1193,
1185 1671 1204 1695 f.
1225 1670 1255 1701 33
1273 1685 1305 1687 —

294 1715 452 1742 Porrnssi·
466 1715 575 1746 10858.)

334 1828 345 1842 «
364 1838 383 1844 ..
401 1817 502 1853 priori
520 1818 710 1853 provinciali
730 1818 850 1846 ordinis
864 1819 1000 1853 fratrum
1022 1820 1252 1849 Prodit-aterum
1275 1822 1305 1850 ιή

294 1869 442 1906 t'nyaria.
463 1869 547 1905 Quia
571 1878 627 1907 per
648 1870 835 1899 subsidium
853 1888 901 1899 —.
922 1871 994 1900 Dat.
1015 1872 1182 1907 Laterani,
1201 1874 1230 1903 X
1246 1874 1305 1903 ka-

292 1922 408 1952 lendas
428 1922 555 1960 aprilis,
575 1932 661 1952 anno
680 1923 940 1962 quartodecimo.
962 1937 973 1950 n

365 2089 487 2116 5124
870 2092 991 2124 Latran,
1008 2092 1041 2119 *28
1059 2101 1136 2119 mars
1153 2094 1231 2120 1240.

329 2150 467 2184 Capitulo
482 2152 618 2178 Telesino
635 2152 783 2186 significat
798 2162 827 2179 se
844 2155 1019 2181 electionem
1037 2164 1123 2188 quam
1142 2156 1177 2182 ‹le
1195 2157 1303 2187 R.,a1·-

293 2200 468 2226 chidiacono
482 2200 629 2231 Telesino,
648 2201 676 2227 in
692 2202 863 2229 Telesinum
879 2203 1050 2237 episcopum
1069 2205 1303 2238 celebraverant,

294 2263 326 2266 —
350 2257 437 2282 quam
458 2250 630 2276 electionem
654 2251 894 2285 archiepiscopus
918 2253 1148 2280 Beneventanus
1174 2254 1304 2281 infirma-

294 2300 387 2329 verat,
403 2300 430 2324 et
446 2298 598 2332 Salpensis
613 2299 777 2333 episcopus,
795 2300 842 2326 cui
859 2300 921 2334 ipse
942 2309 1018 2335 papa
1038 2310 1156 2328 causam
1179 2304 1306 2330 commi—

293 2349 370 2372 serat
386 2346 521 2378 eandem,
535 2348 772 2381 confirmaverat,
789 2364 815 2366 —
830 2350 1063 2376 &infirmandam
1077 2351 1211 2384 duxisse,
1228 2353 1306 2379 unde

293 2395 334 2421 eis
364 2396 485 2422 mandat
514 2399 658 2430 quatenus
686 2398 800 2424 (lictum
823 2399 949 2425 electum
977 2399 1082 2426 ‹ilex-ote
1106 2401 1252 2435 recipiant
1277 2406 1305 2429 et

293 2444 355 2477 ejus
376 2444 496 2471 monitis
520 2445 728 2480 1nan‹1latisque
745 2447 912 2474 intendant.
936 2463 968 2466 -
989 2449 1075 2480 (Hac.
1098 2450 1151 2482 20,
1180 2451 1198 2476 f.
1222 2452 1234 2477 1
1258 2454 1304 2483 5³³3

294 2500 362 2518 ann.
384 2493 466 2525 XIV,
486 2503 509 2519 c.
530 2494 569 2524 3,)

337 2606 347 2618 «
374 2595 512 2631 Capitale
540 2596 680 2624 Telesino.
712 2596 842 2625 Dudum
868 2597 1005 2627 ecclesia
1032 2604 1139 2629 vestra
1164 2601 1305 2638 pastoris

295 2645 417 2675 solacio
441 2647 609 2682 destituta,
635 2653 665 2677 et
691 2649 851 2679 electione
877 2650 915 2680 de
939 2651 1057 2681 dilecto
1083 2652 1151 2681 tilio
1175 2654 1226 2688 R,
1254 2663 1307 2683 ar-

295 2698 490 2728 chidiacono
508 2700 612 2737 ipsius
631 2702 780 2731 ecclesie.
800 2703 832 2731 in
852 2703 999 2742 ejusdem
1017 2705 1207 2743 episcopum
1225 2706 1306 2736 cele-

297 2751 399 2780 brata.
425 2753 592 2782 infirmata
616 2763 673 2791 per
697 2755 922 2786 venerabilem
944 2757 1080 2787 fratrem
1106 2764 1256 2788 nostrum
1284 2783 1304 2789 ..

296 2805 581 2843 archiepiscopnm
607 2807 890 2843 Bencx'fflitanum,
909 2811 1199 2847 metropolitannm
1217 2812 1280 2842 loci
1299 2823 1304 2842 :

329 2924 347 2947 1.
370 2924 407 2947 Ce
429 2928 483 2947 mot
504 2928 545 2948 est.
565 2926 670 2955 ajoute,
692 2926 773 2949 d'une
794 2928 913 2951 ecriture
930 2929 984 2952 tres
1001 2929 1068 2957 fine,
1090 2930 1157 2954 dans
1174 2931 1197 2954 la
1215 2939 1306 2963 marge

296 2968 462 2992 exterieure.

293 322 305 329 ἡ
334 303 348 329 .·›
1022 300 1259 330 REGISTRES
1282 298 1337 328 DE
1360 292 1583 329 GREGOIRE
1608 296 1666 330 1x‘.
2335 303 2393 332 21ss

1384 373 1458 394 cum
1478 366 1517 395 ad
1535 371 1681 396 nostram
1700 367 1820 397 fuisset
1836 367 2042 397 audientiam
2065 368 2275 406 appellatum,
2297 378 2394 399 vene-

1385 419 1500 449 rabilis
1517 420 1619 449 frater
1637 425 1750 450 noster
1768 443 1788 449 ..
1807 420 1977 459 Salpensis
2001 421 2186 460 episcopus,
2205 422 2258 452 cui
2275 422 2394 461 hujus-

1383 472 1472 501 modi
1495 482 1630 502 causam
1653 473 1895 509 commisimus,
1923 473 2119 504 electionem
2143 475 2293 509 eandem,
2318 483 2392 504 cum

1384 525 1585 563 repperisset
1601 526 1708 564 ipsam
1731 526 1936 561 canonicam,
1960 527 2205 557 sententialiter
2221 528 2394 557 confirma-

1385 578 1441 606 vit.
1469 578 1573 608 Nobis
1597 579 1702 616 igitur
1725 579 1903 609 eorundem
1929 579 2169 618 archiepiscopi
2191 584 2222 610 et
2248 580 2393 618 episcopi

1384 631 1595 667 processibus
1612 632 1825 669 presentatis,
1843 637 1874 661 et
1890 641 1989 670 super
2007 632 2055 662 eis
2073 632 2316 662 examinatione
2333 632 2393 662 ha-

1384 682 1452 711 hita
1477 683 1642 721 diligenti,
1670 684 1749 723 quia
1774 685 1936 722 prefatam
1964 684 2159 715 electionem
2187 685 2226 715 de
2253 693 2394 723 persona

1383 735 1503 765 idonea
1519 740 1550 766 et
1566 737 1725 767 canonice
1746 737 1945 767 celebratam
1970 737 2173 773 invenimus,
2196 742 2324 768 cassato
2343 738 2394 776 ip-

1385 788 1455 817 sius
1472 789 1701 818 Beneventani
1718 798 1885 827 processu,
1901 799 1984 825 eam,
1998 790 2036 820 de
2048 791 2189 820 fratrum
2206 795 2394 820 nostrorum

1385 841 1540 876 consilio,
1575 841 1729 872 duximus
1755 843 2015 873 confirmandam
2039 861 2088 872 —.
2119 844 2192 873 Dat.
2225 844 2391 880 Laterani,

1384 894 1412 923 V
1427 893 1587 923 kalendas
1605 893 1732 931 aprilis,
1754 903 1841 924 anno
1858 895 2117 933 quartodecimo.
2135 908 2148 922 »

1423 1017 1441 1039 5
1453 1017 1466 1038 ι
1477 1017 1534 1039 25.
1554 1028 1585 1031 -
1601 1013 1634 1040 In
1648 1013 1774 1040 eundem
1797 1013 1916 1040 modum
1935 1014 2005 1040 clero
2021 1015 2142 1040 civitatis
2162 1018 2185 1040 et
2201 1015 2313 1041 diocesis
2331 1015 2396 1042 The-

1386 1062 1453 1086 lexin
1461 1061 1486 1094 [e]
1496 1082 1501 1088 .

1457 1230 1575 1257 512ss

1421 1291 1532 1318 Abbati
1549 1292 1584 1318 de
1600 1292 1692 1325 Pelis,
1710 1292 1917 1319 Cisterciensis
1933 1292 2056 1325 ordinis,
2070 1294 2304 1328 Vesprimiensis
2319 1295 2397 1321 dioe-

1387 1341 1471 1370 cesis,
1491 1341 1674 1367 thesaurario
1696 1341 1838 1373 Budensi,
1856 1342 1987 1375 ejusdem
2006 1342 2158 1373 dioecesis,
2183 1346 2211 1369 et
2232 1343 2396 1377 praeposito

1386 1389 1605 1423 Vesprimiensi
1621 1389 1743 1416 mandat
1760 1394 1904 1423 quatenus
1922 1391 1952 1417 in
1974 1399 2107 1418 enormes
2123 1391 2294 1424 Michaelis,
2312 1400 2397 1426 prae-

1388 1438 1475 1472 positi
1492 1437 1642 1470 Albensis,
1666 1446 1802 1464 excessus
1817 1438 1970 1472 inquirant
1992 1448 1998 1466 2
2020 1440 2219 1474 praesumpsit
2242 1440 2321 1466 enim
2346 1440 2398 1467 ille

1388 1487 1598 1514 cancellariam
1616 1487 1691 1521 regis
1704 1488 1885 1521 Hungariae,
1901 1488 1937 1514 ad
1956 1489 2115 1515 Albensem
2134 1490 2287 1516 ecclesiam
2307 1490 2399 1524 perti-

1969 1232 2091 1264 Latran,
2106 1231 2140 1258 29
2154 1240 2232 1258 mars
2245 1232 2323 1259 1240.

1390 1540 1521 1567 nentem,
1533 1536 1678 1568 alienare;
1691 1536 1815 1563 donavit
1828 1538 1985 1563 nonnullos
1994 1537 2125 1571 ejusdem
2137 1539 2277 1565 ecclesiae
2288 1547 2397 1570 servos,

1390 1585 1570 1619 irrequisitis
1586 1586 1748 1617 canonicis,
1775 1586 1927 1617 libertate:
1954 1587 2083 1613 arctavit
2109 1587 2244 1614 homines
2266 1588 2397 1622 ejusdem

1389 1634 1598 1668 ceinpedibus;
1621 1634 1779 1667 destruxit,
1804 1635 1966 1661 associatus
1990 1635 2184 1662 multitudine
2205 1640 2398 1668 armatorum,

1389 1683 1494 1709 villam
1513 1684 1662 1717 praefatae
1678 1683 1830 1716 ecelesiae,
1843 1684 1974 1717 ejusdem
1992 1684 2084 1710 villae
2100 1684 2267 1718 virginibus
2280 1685 2399 1712 violatis

1389 1734 1417 1758 et
1448 1731 1477 1757 in
1505 1732 1717 1758 contumeliam
1748 1732 1867 1766 pudoris
1898 1732 2019 1758 feminei
2055 1733 2189 1759 tractatis
2224 1733 2399 1760 mulieribus

1390 1780 1589 1814 impudenter.
1608 1794 1640 1797 —
1665 1781 1752 1811 (Bao.
1769 1780 1813 1813 20,
1839 1781 1858 1807 f.
1883 1781 1895 1806 1
1921 1784 1966 1813 v⁰;
1992 1789 2062 1807 ann.
2086 1781 2169 1813 XIV,
2186 1790 2210 1808 c.
2226 1782 2255 1813 4:
2275 1797 2305 1799 —
2323 1782 2400 1809 Por-

1388 1837 1482 1855 Tnttsr
1499 1828 1609 1859 10861.)

1431 1942 1443 1956 «
1466 1953 1486 1958 ..
1505 1931 1604 1959 abbati
1621 1931 1654 1959 de
1671 1931 1757 1960 Petis.
1785 1930 1992 1959 Cisterciensis
2015 1931 2145 1967 ordinis,
2168 1954 2187 1960 ..
2208 1932 2401 1961 thesaurario

1390 1984 1547 2013 Btulcnsffl.
1580 1985 1810 2021 l'esprimiensis
1840 1984 1975 2013 diocesis.
2009 1989 2035 2012 el
2063 2007 2082 2012 ..
2108 1986 2258 2022 preposito
2285 1986 2401 2023 l'espri-

1390 2038 1511 2065 wiensi.
1529 2036 1649 2066 Dilecti
1667 2036 1727 2065 tilii
1744 2037 1895 2066 canonici
1914 2054 1961 2065 —.
1981 2037 2053 2066 Dat.
2077 2038 2237 2068 Laterani.
2258 2039 2325 2068 IIII
2341 2038 2402 2068 ka-

1389 2089 1504 2119 lendas
1520 2089 1647 2127 aprilis,
1667 2098 1753 2119 anno
1771 2090 2031 2128 quartodecimo.
2053 2102 2064 2115 n

1459 2263 1574 2290 5125
1966 2264 2086 2295 Latran,
2104 2263 2138 2290 30
2155 2273 2232 2290 mars
2248 2265 2328 2291 1‘2—10.

1424 2326 1541 2352 Decano
1559 2325 1594 2351 de
1615 2326 1697 2357 Holt,
1719 2325 1918 2351 Norwicensis
1939 2326 2091 2358 dioecesis,
2113 2327 2235 2353 mandat
2256 2330 2401 2360 quatenus

1389 2374 1476 2400 Petro
1500 2374 1616 2401 (ss'inthii
1642 2374 1798 2402 Guidonis,
1822 2374 1916 2407 ipsius
1940 2382 2032 2408 papae
2053 2374 2231 2401 subdiacono
2254 2379 2282 2402 et
2302 2376 2401 2409 capel-

1390 2424 1467 2451 lano,
1486 2431 1498 2447 (t
1516 2423 1546 2449 in
1563 2423 1665 2456 aliqua
1676 2423 1800 2449 ecclesia
1814 2423 1895 2456 regni
1908 2423 2017 2457 Anglie
2029 2423 2059 2450 in
2075 2423 2215 2451 beneficio
2227 2425 2400 2459 prebendali

1390 2480 1403 2496 ι)
1425 2472 1500 2505 quod
1515 2472 1551 2498 ad
1569 2472 1667 2498 minus
1687 2472 1904 2505 quinquaginta
1926 2480 2040 2498 marcas
2056 2473 2284 2507 sterlinguorum
2303 2474 2401 2500 valeat

1390 2529 1403 2546 1)
1425 2521 1593 2551 annuatim,
1616 2521 1639 2547 si
1659 2524 1745 2547 vacat
1765 2521 1800 2547 ad
1818 2529 1946 2555 presens,
1964 2522 2011 2548 vel
2035 2530 2122 2555 quam
2144 2523 2274 2556 primum
2298 2531 2402 2549 vacare

1390 2578 1403 2594 ))
1425 2569 1580 2603 contigerit
1599 2577 1624 2601 υ,
1643 2578 1697 2595 non
1716 2569 1851 2596 obstante
1871 2570 1895 2596 si
1913 2578 1963 2603 pro
1979 2570 2047 2596 aliis
2060 2570 2089 2596 in
2105 2571 2228 2597 ecelesia
2244 2571 2274 2597 in
2287 2580 2342 2605 qna
2360 2572 2402 2598 ei-

1389 2618 1454 2644 dem
1486 2618 1572 2644 Petro
1600 2618 1661 2651 ipse
1686 2618 1815 2644 decanus
1840 2618 1959 2644 duxerit
1985 2619 2212 2652 providendum,
2239 2619 2301 2653 ipse
2327 2628 2402 2654 papa

1388 2666 1551 2700 scripserit,
1571 2667 1618 2692 vel
1640 2666 1715 2700 quod
1738 2666 1811 2693 alibi
1834 2667 1910 2692 idem
1934 2667 2039 2693 Petrus
2063 2667 2254 2694 beneficiatus
2280 2668 2400 2700 existat,

1390 2715 1479 2741 faciat
1496 2714 1656 2748 provideri.
1673 2730 1704 2732 —
1719 2716 1805 2747 (Rae.
1824 2715 1868 2747 ⁸20,
1889 2717 1907 2741 t.
1923 2715 1938 2741 2
1958 2720 1994 2747 1¹⁰;
2012 2723 2081 2742 ann.
2100 2716 2182 2747 XIV,
2200 2725 2224 2742 c.
2242 2717 2281 2747 5.)

1433 2829 1445 2842 ι(
1470 2839 1489 2844 ..
1517 2817 1628 2845 decano
1656 2816 1689 2844 de
1711 2816 1788 2844 Holl.
1811 2816 2188 2845 Noricicensis-diocesiffl.
2214 2817 2295 2847 Cum
2320 2827 2403 2847 non-

1424 2936 1444 2958 1,
1465 2938 1513 2959 Ms.
1529 2943 1536 2958 :
1555 2935 1706 2959 Bundensi.

1422 2980 1443 3004 ¹2.
1464 2980 1499 3003 Le
1517 2980 1684 3010 parchemin,
1701 2979 1715 3001 a
1732 2979 1859 3002 l'endroit
1876 2979 1979 3009 occupo
1997 2983 2128 3012 pai-*cette
2145 2981 2229 3009 bulte,
2247 2988 2260 3003 a
2277 2980 2319 3003 etc
2340 2988 2403 3010 par-
