2553 3526
126 308 175 338 181
966 302 1201 341 TREIZOEME
1224 304 1383 340 ΑΝΝΕΕ.
2166 321 2215 349 135»

121 373 197 404 don.
216 380 245 404 et
262 375 478 406 Wisebeche.
507 385 543 406 ex
572 377 657 406 dono
687 378 853 416 quondam
881 377 1041 406 Walter-i.
1072 375 1131 404 filii

123 427 281 463 W⁷alteri;
313 428 541 458 molendinum
569 434 600 459 et
625 439 772 459 annuum
796 430 959 460 redditum
985 429 1132 467 quinque

124 480 316 516 solidorum,
342 490 440 520 quem
459 481 590 512 habetis
607 482 641 511 in
660 482 738 512 villa
754 483 792 512 de
812 483 1042 519 Levrington.;
1064 490 1133 510 mo-

123 532 296 562 lendinum
317 533 356 563 de
383 534 544 569 Ruitono;
573 535 733 573 piscarias
749 544 831 573 quas
848 535 978 564 habetis
994 534 1027 563 in
1046 534 1134 562 Wit-

123 585 270 620 lesmar„
293 587 534 621 Trendelmar..
559 588 709 622 Foxmar,
735 587 842 617 Helm.
865 592 895 617 et
920 587 1040 621 XVelle,
1059 596 1132 616 cum

124 638 336 676 pertinentiis
349 639 435 675 suis;
455 644 576 670 terram
592 644 622 669 et
636 640 749 669 domos
760 649 843 678 quas
859 640 989 669 habetis
1006 639 1038 668 in
1055 639 1134 669 villa

125 689 163 720 de
181 691 353 726 Stansord3
371 691 624 722 heremitorium
642 693 680 722 de
696 692 947 726 Trokenliolter.
965 701 1038 722 cum
1055 701 1134 730 pur-

124 744 298 781 prestun-is,
318 745 483 779 mariscis,
502 746 659 783 pasturis,
676 746 829 784 piscariis
846 751 876 775 et
893 746 1047 775 omnibus
1064 755 1134 784 per-

125 796 277 826 tinentiis
297 797 384 832 suis;
409 798 591 836 prioratum
609 799 722 829 Sancti
738 799 853 830 Jacobi
870 800 908 829 de
928 799 1132 837 Estdeping.,

124 857 199 878 cum
217 850 325 885 terris,
351 850 547 886 redditibus,
570 852 672 889 pratis
694 856 723 881 et
743 852 898 881 omnibus
921 852 1133 890 pertinentiis

125 902 211 937 suis;
229 902 392 941 hospitale
410 903 487 933 ville
504 904 542 934 de
561 904 752 943 Jakesleya,
770 914 843 934 cum
861 905 1015 934 omnihus
1033 906 1134 943 perti-

125 955 250 985 nentiis
266 956 352 991 suis3
372 966 432 986 nec
452 966 517 987 non
541 957 624 987 alias
647 958 874 996 possessiones
897 963 1034 993 vestras,
1059 967 1132 987 cum

123 1008 239 1046 pratis,
259 1008 377 1042 vineis,
397 1010 600 1045 nemoribus,
617 1011 767 1048 usuagiis
781 1016 812 1041 et
828 1011 971 1049 pascuis,
986 1011 1019 1040 in
1036 1011 1134 1041 bosco

124 1065 156 1091 et
177 1061 287 1100 plano,
311 1062 344 1092 in
369 1063 465 1101 aquis
483 1068 512 1093 et
530 1064 743 1094 molendinis.
764 1065 797 1093 in
815 1065 878 1093 viis
895 1069 925 1095 et
944 1065 1084 1098 semitis,
1104 1070 1134 1094 et

123 1114 278 1144 omnibus
295 1115 371 1145 aliis
387 1115 598 1146 libertatibus
616 1122 645 1147 et
658 1118 927 1147 immunitatibus
944 1118 1026 1147 suis.
1047 1118 1132 1147 Sane

123 1167 291 1197 novalium
313 1173 509 1199 vestrorum.
535 1179 598 1208 que
621 1171 764 1208 propriis
782 1170 936 1199 manibus
954 1170 1003 1199 vel
1021 1179 1133 1208 sump-

123 1220 212 1250 tibus
229 1220 349 1255 colitis,
370 1221 408 1251 de
432 1222 554 1260 quibus
580 1227 654 1256 etc.,
675 1232 779 1261 usque
799 1233 804 1251 :
824 1228 1003 1261 presumat.
1024 1223 1134 1252 Liceat

121 1282 250 1312 quoque
267 1274 360 1304 vobis
376 1274 514 1304 clericos
531 1275 582 1304 vel
605 1275 707 1304 laicos
731 1280 805 1305 etc..
825 1285 929 1314 usque
949 1286 954 1304 :
976 1276 1131 1305 retinere.

123 1325 343 1356 Prohihemus
366 1326 504 1365 insuper
527 1331 561 1356 ut
582 1327 666 1356 nulli
688 1328 828 1357 fratrum
853 1333 1037 1357 vestrorum
1057 1333 1131 1359 etc..

122 1387 228 1417 usque
250 1389 256 1407 :
275 1379 341 1408 nisi
357 1379 491 1409 artioris
511 1379 685 1417 religionis
708 1380 844 1410 obtentu
869 1381 907 1410 de
932 1381 1044 1411 eodem
1062 1381 1132 1411 loco

122 1431 310 1467 discedere;
337 1431 561 1462 discedentem
592 1442 668 1462 vero
693 1438 771 1467 etc.,
807 1443 911 1472 usque
939 1444 945 1462 ε
975 1434 1132 1464 retinere.

123 1485 206 1516 Cum
232 1489 343 1515 autem
366 1485 520 1523 generale
546 1486 760 1516 interdictum
780 1491 853 1521 etc.,
881 1497 985 1526 usque
1013 1498 1018 1516 :
1047 1487 1132 1517 cele-

123 1538 237 1573 brare,
274 1538 451 1568 dummodo
489 1548 624 1569 causam
662 1549 725 1569 non
758 1540 916 1570 dederitis
943 1541 1131 1570 interdicto.

123 1590 255 1622 Crisma
274 1600 350 1621 vero
369 1596 443 1627 etc..
467 1601 573 1630 usque
601 1602 606 1620 :
632 1592 705 1622 sine
726 1593 887 1631 pravitate
906 1593 1019 1632 aliqua
1040 1593 1133 1623 exhi-

124 1644 213 1674 here.
232 1644 453 1675 Prohibemus
470 1645 607 1683 insuper
626 1650 661 1675 ut
681 1646 770 1676 infra
792 1646 876 1676 fines
900 1651 974 1681 etc.,
999 1656 1103 1685 usque
1126 1657 1131 1675 :

125 1697 324 1727 Pontificum
354 1698 591 1728 Romanorum.
618 1699 668 1728 Ad
693 1698 753 1728 hec
779 1708 880 1729 novas
911 1704 942 1729 et
967 1699 1133 1730 indebitas

124 1751 312 1781 exactiones
329 1756 403 1786 etc.,
425 1760 530 1790 usque
549 1761 555 1780 z
576 1751 648 1781 fieri
670 1752 896 1790 prohibemus.
922 1753 1133 1791 Sepulturam

124 1812 255 1843 quoque
275 1803 382 1842 ipsius
405 1803 469 1833 loci
491 1809 564 1839 etc.,
588 1813 693 1842 usque
719 1815 724 1833 :
745 1814 881 1843 corpora
903 1810 1132 1835 assumuntur.

123 1856 276 1887 Decimas
297 1862 447 1895 preterea
465 1862 496 1886 et
512 1857 743 1895 possessiones
760 1862 833 1892 etc.,
853 1867 958 1897 usque
977 1869 982 1887 :
1001 1858 1039 1888 de
1057 1868 1133 1888 nos-

125 1914 175 1940 tra
190 1910 386 1940 auctoritate
405 1910 558 1940 facultas.
578 1911 728 1940 Obeunte
756 1921 832 1941 vero
851 1916 880 1941 te
901 1917 976 1946 etc.,
999 1922 1104 1951 usque
1125 1923 1131 1941 :

123 1962 329 2001 providerint
355 1962 556 2001 eligendum.
581 1964 659 1993 Paci
687 1973 817 2002 quoque
844 1970 872 1994 et
898 1965 1134 2004 tranquillitati

123 2020 233 2046 vestre
253 2020 328 2051 etc.,
353 2025 459 2055 usque
480 2026 486 2044 z
515 2016 634 2046 audeat
659 2026 821 2047 exercere.
849 2018 1003 2048 Preterea
1019 2027 1133 2048 omnes

122 2068 295 2099 libertates
315 2074 347 2099 et
371 2069 600 2099 immunitates
626 2074 700 2100 etc.v
728 2079 833 2108 usque
852 2080 858 2098 :
876 2071 1132 2101 communimus.

123 2122 342 2153 Decernimus
365 2132 442 2160 ergo
465 2127 540 2154 etc..
566 2132 671 2161 usque
690 2133 695 2151 :
715 2124 905 2161 prosutura;
929 2123 1020 2153 salva
1039 2123 1134 2154 Sedis

123 2175 312 2214 Apostolice
326 2176 535 2211 auctoritate,
552 2176 721 2206 diocesani
736 2177 880 2215 episcopi
897 2177 1135 2215 canonicajus-

125 2228 210 2264 titia,
227 2233 259 2259 et
273 2229 308 2258 in
326 2229 483 2267 predictis
500 2229 638 2259 decimis
652 2229 877 2259 moderatione
890 2229 1024 2259 concilii
1041 2239 1136 2267 gene-

124 2281 217 2311 ralis.
246 2281 281 2312 Si
307 2282 383 2320 quis
412 2282 516 2319 igitur
548 2286 622 2317 etc.,
650 2292 754 2321 usque
781 2292 786 2311 :
810 2282 979 2321 subjaceat
1001 2282 1134 2312 ultioni.

124 2334 262 2365 Cunctis
287 2338 397 2364 autem
423 2339 497 2371 etc..
525 2344 630 2374 usque
654 2345 660 2363 ι
684 2335 774 2373 pacis
800 2335 985 2365 inveniant.
1016 2337 1134 2366 Amen.

125 2389 242 2418 Amen.
253 2389 372 2418 Amen.
383 2389 456 2418 Dat.
469 2388 636 2423 Laterani,
647 2398 849 2427 pei-manum
859 2390 971 2419 fratris
980 2389 1133 2429 Jac[ohi],

125 2440 164 2470 de
179 2440 296 2470 ordine
318 2441 460 2471 fratrum
484 2441 745 2476 Predicatorurn,
768 2442 886 2471 Sancte
909 2443 1057 2472 Romane
1074 2443 1135 2472 Ec—

125 2493 226 2524 clesie
243 2494 520 2529 vicecancellarii,
532 2495 559 2525 V
571 2495 645 2524 idus
657 2495 831 2529 februarii,
846 2495 1028 2525 indictione
1038 2496 1133 2531 XIII,

126 2547 373 2577 Incarnationis
387 2547 560 2577 Dominice
573 2556 660 2577 anno
678 2547 1039 2588 M⁰CC⁰XXXVIIII[⁰],
1058 2557 1135 2586 pon-

126 2599 270 2630 tificatus
292 2609 369 2630 vero
394 2600 496 2630 donni
518 2600 671 2638 Gregorii
695 2609 775 2638 pape
797 2601 896 2631 VIIII
915 2610 1002 2630 anno
1020 2602 1135 2631 tertio-

122 2652 264 2682 decimo.
283 2664 296 2679 n

195 2810 318 2839 5058
639 2810 771 2846 [Lati-an,
788 2812 804 2839 9
819 2812 928 2839 fevi-ier
943 2811 1063 2847 12401‘?]

160 2873 351 2908 Templariis,
366 2881 447 2907 quos,
464 2882 500 2900 ex
516 2881 548 2900 eo
571 2873 647 2907 quod
661 2881 675 2898 «
691 2873 772 2908 capis
787 2873 896 2900 clausis
912 2881 926 2899 i)
942 2882 1029 2908 super
1043 2875 1135 2901 armis

159 2980 180 3004 1.
200 2980 238 3004 La
257 2980 385 3011 presente
403 2980 481 3011 piene
502 2987 536 3004 ne
556 2984 634 3011 porte
658 2988 706 3011 pas
729 2981 763 3005 de
779 2981 841 3004 date
861 2981 928 3004 dans
951 2981 976 3005 le
995 2983 1134 3011 Reyistre3

1216 376 1384 408 utebantur·=
1403 387 1416 402 «
1434 379 1515 411 quasi
1532 380 1668 406 manibus
1684 381 1834 414 impeditis
1856 386 1881 408 et
1902 383 2030 409 brachiis
2047 392 2071 413 υ,
2089 385 2216 418 ips-orum

1215 423 1332 450 inimici
1351 426 1468 452 facilius
1484 426 1630 453 offendere
1651 432 1800 461 poterant,
1819 432 1846 455 et
1865 430 1981 463 quibus.
2002 432 2101 457 molem
2121 441 2218 460 causa.

1215 471 1392 499 defendendi
1413 473 1534 500 libertas
1550 475 1746 505 adimebatur.
1771 477 1904 510 indulget
1919 479 2155 511 supplicantibus
2176 484 2218 511 ut,

1216 528 1281 545 cum
1300 521 1376 554 ipsos
1394 522 1422 547 in
1441 523 1512 549 lucis
1530 524 1674 557 suspectis
1691 525 1796 551 morari
1813 530 1861 551 aut
1877 534 1927 560 per
1942 527 1991 552 illa
2010 527 2134 553 transire
2151 537 2218 553 con-

1216 568 1326 601 tigerit.
1344 570 1386 596 eis
1404 571 1488 597 liceat
1507 580 1519 596 (ι
1537 574 1807 606 super-tuniculibus
1824 575 1911 608 largis
1923 575 1978 605 uti,
1995 576 2119 609 gerendo
2135 585 2221 610 snper

1216 625 1229 641 )›
1251 617 1292 643 eis
1310 618 1338 644 in
1357 622 1471 652 pectore
1485 621 1601 651 signum
1618 622 1712 648 crucis
1734 632 1757 648 n.
1776 637 1807 640 κ
1824 621 1907 653 (Rea.
1925 624 1968 653 19,
1985 625 2003 649 s.
2022 624 2072 650 149
2088 622 2160 657 [143]
2178 627 2220 655 r“;

1215 674 1284 692 ann.
1303 667 1384 699 xm,
1401 677 1425 693 c.
1443 668 1518 699 219.)

1258 780 1268 791 (ι
1295 768 1438 804 ,lla-(sistro
1458 775 1482 797 cl
1505 771 1655 805 frulrilms
1676 771 1782 798 (Ionius
1803 772 1913 799 militie
1940 773 2061 809 Tmnpli.
2085 773 2157 802 Fuit
2183 782 2220 802 ex

1217 825 1306 858 parte
1323 838 1369 849 —.
1393 834 1404 846 υ

1286 999 1403 1026 5059
1754 1002 1874 1033 Latran,
1892 1003 2148 1035 27janvier1240.

1252 1060 1396 1095 Episcopo
1412 1061 1602 1094 Majoricensi
1624 1063 1757 1089 coiit-edit
1775 1064 1967 1097 supplicanti.
1983 1080 2014 1082 —
2031 1074 2095 1091 cuin
2115 1066 2221 1092 civitas

1216 1109 1427 1142 Maj01·ica1·um
1448 1110 1619 1137 Christiano
1636 1111 1750 1137 nomini
1767 1112 1802 1137 ‹le
1825 1120 1899 1138 novo
1922 1116 1995 1139 esset
2016 1114 2171 1147 acquisita,
2189 1129 2220 1132 —

1216 1158 1387 1184 facultatem
1406 1166 1419 1181 t(
1443 1158 1472 1184 in
1495 1159 1617 1185 ecclesia
1639 1159 1829 1192 Majoricensi
1843 1162 1998 1194 collegium
2014 1162 2219 1189 canonicorum

1217 1214 1230 1230 υ
1251 1206 1429 1232 secularium
1451 1215 1484 1233 ac
1502 1207 1663 1240 dignitates
1681 1209 1896 1236 ecclesiasticas
1913 1210 2101 1240 instituendi,
2118 1220 2222 1237 secun—

1217 1262 1230 1278 »
1251 1254 1320 1280 dum
1344 1255 1586 1282 consuetudinem
1607 1256 1773 1283 vicinarum
1794 1258 1996 1285 ecclesiarum.
2016 1268 2068 1285 nec
2087 1268 2142 1286 non
2160 1268 2221 1294 per-

1217 1311 1229 1327 »
1252 1303 1404 1329 somatibus
1427 1308 1453 1329 et
1475 1305 1626 1331 canonicis
1644 1306 1774 1338 ejusdem
1802 1307 1924 1333 ecclesie.
1944 1310 2037 1334 certas
2059 1308 2220 1342 deputandi

1217 1359 1230 1375 υ
1251 1351 1413 1385 prebentjlas
1428 1360 1453 1383 »,
1472 1353 1613 1386 requisito
1630 1357 1729 1380 tamen
1747 1363 1833 1388 super
1853 1356 1906 1381 hoc
1927 1356 2126 1389 religiosorum
2143 1357 2221 1383 viro-

1216 1409 1279 1426 rum
1300 1400 1433 1427 consilio.
1456 1416 1488 1419 —
1509 1402 1595 1433 (Rea.
1612 1402 1654 1433 19,
1673 1404 1691 1429 f.
1710 1403 1761 1429 119
1777 1401 1849 1437 [143]
1867 1407 1906 1435 r⁰;
1923 1412 1992 1430 ann.
2011 1404 2090 1435 XIII,
2107 1414 2132 1431 c.
2147 1405 2221 1435 220.)

1258 1515 1269 1527 α
1292 1525 1311 1530 ..
1329 1503 1463 1539 episcopo
1480 1503 1680 1539 ,llojoricensi.
1698 1503 1854 1533 Libenter
1870 1504 1903 1532 in
1921 1503 1987 1533 hiis
2004 1522 2051 1533 —.
2070 1505 2140 1534 Dat.
2161 1506 2223 1534 La-

1217 1555 1334 1584 terani.
1353 1555 1397 1584 Yl
1414 1554 1572 1584 kalendas
1589 1555 1759 1591 februarii,
1782 1565 1868 1585 anno
1883 1556 2119 1587 tertiodecimo.
2140 1571 2151 1583 »

1286 1731 1406 1759 5060

1251 1793 1354 1820 Eidem
1373 1793 1520 1827 significat
1537 1803 1576 1825 se,
1595 1809 1624 1811 —
1645 1802 1658 1818 «
1681 1794 1832 1821 intellecto
1855 1796 1930 1829 quod
1948 1796 2045 1823 insula
2063 1797 2222 1831 Majorica-

1217 1850 1230 1867 »
1251 1851 1315 1868 rum
1333 1843 1418 1875 longo
1430 1842 1520 1868 maris
1536 1846 1631 1869 tractu
1648 1843 1713 1869 sita
1728 1844 1990 1871 circumstantibus
2010 1845 2144 1878 sejuncta
2159 1854 2223 1880 pro·

1760 1733 1881 1766 Lati-an⁷
1896 1734 1930 1760 25
1944 1735 2150 1768 janvier1240.

1216 1900 1229 1915 n
1251 1891 1371 1922 vinciis,
1387 1894 1414 1917 et
1430 1891 1502 1917 illuc
1519 1891 1730 1924 navigantibus
1745 1900 1811 1926 sepe
1826 1893 1989 1926 periculum
2006 1894 2108 1920 mortis
2120 1894 2223 1921 immi-

1217 1948 1230 1965 »
1253 1943 1320 1966 neat
1332 1948 1355 1968 i),
1364 1939 1557 1973 —indulgere
1569 1943 1600 1966 ut
1613 1940 1674 1974 ipse
1685 1940 1838 1974 episcopus
1848 1942 1894 1967 vel
1904 1942 2004 1968 clerici
2017 1942 2223 1976 Majoricensis

1216 1988 1350 2014 civitatis
1364 1991 1392 2014 et
1407 1988 1561 2019 dioecesis,
1580 1996 1592 2013 (ι
1607 1997 1640 2015 ac
1656 1988 1750 2022 aliqui
1765 1989 1800 2015 de
1817 1990 1934 2016 familia
1949 1998 1962 2015 »
1977 1991 2069 2024 ipsius
2083 1991 2223 2025 episcopi,

1218 2046 1273 2063 non
1300 2037 1414 2071 possint
1434 2039 1516 2063 extra
1543 2037 1665 2063 eandem
1688 2038 1816 2064 insulam
1842 2045 1891 2072 per
1914 2029 2089 2072 apostolicas
2109 2039 2224 2066 litteras

1217 2086 1389 2117 conveniri,
1417 2095 1490 2120 quae
1515 2086 1550 2112 de
1577 2087 1629 2112 hac
1656 2087 1844 2120 indulgentia
1871 2096 1927 2113 non
1956 2089 2080 2115 fecerint
2105 2090 2223 2123 plenam

1218 2135 1412 2161 mentionem.
1431 2149 1461 2152 —
1478 2135 1565 2161 «Res.
1583 2134 1626 2167 19,
1644 2136 1663 2161 f.
1681 2134 1870 2170 149[143]1·⁰;
1887 2144 1956 2162 ann.
1975 2137 2056 2169 XIII,
2073 2146 2098 2163 c.
2114 2137 2189 2169 ⁶221.)

1260 2249 1272 2262 α
1297 2237 1411 2265 Eidem.
1442 2235 1612 2265 Intellecto
1635 2236 1721 2274 quod
1746 2236 1856 2265 insula
1880 2254 1929 2264 —.
1958 2238 2030 2266 Dat.
2059 2238 2223 2272 Laterani,

1218 2290 1298 2319 VIII
1315 2289 1474 2318 kalendas
1491 2289 1663 2318 februarIi.
1683 2298 1769 2318 anno
1787 2289 2021 2319 tertiodecimo.
2043 2302 2054 2315 n

1289 2468 1377 2496 5⁰ss
1382 2468 1400 2494 Ι

1254 2529 1357 2556 Eidem
1371 2528 1505 2555 concedit
1519 2532 1551 2554 ut
1569 2528 1730 2554 haereticos
1744 2528 1774 2554 in
1789 2536 1876 2561 regno
1890 2528 2100 2562 Majoricarum
2118 2531 2224 2556 consti-

1218 2582 1307 2611 tutos,
1320 2578 1369 2612 qui
1384 2578 1419 2604 ad
1435 2576 1666 2603 ecclesiasticam
1680 2576 1825 2602 unitatem
1841 2576 1936 2603 redire
1950 2581 2052 2611 sponte
2063 2578 2223 2611 voluerint,

1218 2628 1242 2654 si
1259 2627 1315 2661 ipsi
1332 2627 1467 2660 episcopo
1484 2633 1534 2659 per
1552 2624 1651 2651 debita
1667 2624 1751 2658 signa
1766 2624 1801 2650 de
1816 2624 1936 2651 illorum
1955 2625 2086 2652 evidenti
2101 2635 2223 2654 conver—

1217 2677 1299 2703 sione
1319 2674 1495 2702 constiterit.
1517 2674 1553 2700 ab
1576 2673 1882 2700 excommunicatione
1902 2673 2035 2701 absolvat
2057 2675 2156 2709 eisque
2179 2676 2222 2702 in-

1216 2726 1320 2759 jungat
1339 2723 1565 2758 paenitentiam,
1583 2729 1596 2746 «
1614 2721 1694 2755 prius
1715 2724 1814 2748 tamen
1830 2730 1847 2748 a
1862 2722 1950 2748 dictis
1967 2723 2104 2750 hereticis
2124 2732 2219 2751 coram

1218 2782 1231 2799 n
1253 2774 1330 2800 clero
1344 2776 1371 2798 et
1388 2772 1494 2806 populo
1508 2770 1602 2797 heresi
1623 2770 1828 2804 sollempniter
1843 2770 1989 2804 abjurata,
2006 2774 2034 2798 et
2046 2771 2083 2798 ab
2098 2772 2170 2806 ipsis
2186 2781 2222 2799 ne

1218 2831 1231 2847 υ
1253 2821 1377 2848 ulterius
1399 2821 1430 2847 in
1454 2819 1612 2854 pravitatis
1634 2819 1762 2845 heretice
1782 2819 1917 2853 contagia
1936 2819 2116 2853 relabantur,
2133 2830 2219 2855 quan]

1762 2467 1881 2499 Lati-an,
1894 2467 2057 2501 28janvie1·
2072 2468 2150 2495 1240.

1217 2937 1283 2960 c'est
1303 2943 1351 2966 par
1374 2941 1440 2965 pure
1464 2936 1621 2963 conjecture
1643 2940 1696 2963 que
1719 2940 1787 2956 nous
1809 2934 1846 2956 lui
1870 2934 2025 2957 attribuens
2046 2935 2071 2957 la
2089 2935 2150 2958 date
2171 2943 2223 2965 que

1218 2984 1295 3012 porte
1312 2981 1336 3003 la
1350 2979 1426 3009 piece
1443 2977 1616 3008 precedente.
