2553 3526
166 300 224 331 357
973 286 1282 332 QUATORZIEME
1305 288 1463 324 ΑΝΝΕΕ
2208 305 2267 335 35,3

239 365 356 394 53¹2ss

203 427 436 462 Archiepiscopo
462 426 660 460 Strigoniensi
683 426 805 452 mandat
828 428 983 460 quatenus,
1003 425 1037 451 ad
1063 432 1176 450 monas<

169 477 245 504 teria
266 476 379 503 ordinis
402 475 495 502 sancti
523 474 678 502 Benedicti
702 482 770 500 suae
794 473 964 508 provinciae
985 471 1179 506 personaliter

169 525 311 553 accedens
326 527 355 551 et
370 524 481 550 eisdem
505 523 633 550 officium
650 523 833 549 visitationis
849 521 1035 555 impendens,
1053 520 1179 553 corrigat

170 577 199 601 et
217 575 355 601 reformet
381 573 411 599 in
435 572 487 604 eis,
508 575 568 599 tam
593 572 623 598 in
648 571 744 605 capite
769 580 855 605 quam
878 571 907 597 in
932 569 1084 600 membris⁷
1106 577 1179 602 quae

170 622 361 650 correctionis
377 624 405 648 et
421 621 640 648 reformationis
657 620 750 647 officio
765 620 880 647 noverit
894 619 1041 652 indigere3
1063 618 1138 652 quod
1155 618 1179 644 si

170 672 225 698 illa
241 671 421 698 monasteria
436 671 472 697 de
487 679 548 702 suo,
564 670 593 696 id
610 673 653 696 est
672 669 767 696 sancti
784 668 951 699 Benedicti.
970 667 1073 694 ordine
1093 668 1180 693 refor-

172 720 248 747 mari
269 728 326 746 non
348 719 472 754 possint,
495 719 547 745 illa
567 718 603 744 de
625 717 817 746 Cisterciensi
837 717 884 743 vel
903 717 938 743 de
959 717 1180 743 Praemonstra-

172 769 249 796 tensi
274 768 377 795 ordine
401 769 550 794 reformet.
580 782 611 785 —
639 767 726 797 (Rae.
752 766 796 799 20,
827 767 847 792 f.
878 765 911 792 39
938 768 977 797 r⁹;
1000 774 1070 792 ann.
1097 765 1180 797 XIV,

171 825 197 844 c.
214 817 284 849 22&
304 832 337 835 —
359 817 514 844 ΡοττΗΑετ
530 815 638 847 10993.)

719 364 840 396 Latran,
857 364 890 390 26
905 363 1012 389 sevrier
1026 362 1104 388 1241.

214 937 227 951 ιι
253 947 272 953 ..
296 925 521 962 archiepiscopo
542 924 758 960 Sti-iyoniensi.
779 923 845 953 Sua
864 923 959 952 nobis
981 922 1181 952 karissimus

171 995 220 1007 —.
239 978 313 1008 Dat.
334 977 501 1011 Laterani,
525 977 591 1006 IIII
615 976 773 1006 kalendas
795 976 917 1011 martii,
943 984 1029 1006 anno
1046 980 1181 1014 quarto-

171 1030 308 1061 decimo.
330 1042 343 1056 ι)

241 1227 356 1256 ΰῧῖἵ

204 1290 446 1325 Archiepiscopis
461 1292 490 1316 et
506 1290 652 1325 episcopis
667 1290 702 1317 ad
720 1299 790 1325 quos
807 1293 974 1325 praesentes
987 1291 1103 1318 litterae
1115 1300 1180 1325 per-

168 1339 317 1371 venerint,
335 1339 457 1366 mandat
470 1341 615 1373 quatenus
629 1338 697 1365 illas
715 1339 865 1372 mutieres,
881 1348 964 1373 quae,
980 1348 1031 1374 per
1042 1340 1180 1367 civitates

170 1387 362 1415 discalciatae
376 1387 586 1420 discurrentes,
609 1396 639 1414 se
661 1396 722 1414 esse
744 1388 779 1415 de
801 1389 895 1415 sancti
916 1389 1057 1415 Damiani
1078 1389 1180 1416 ordine

716 1229 837 1261 Latran,
853 1229 885 1255 21
903 1229 1013 1255 fe'vrier
1028 1228 1107 1255 1241.

171 1437 404 1467 mentiebantur,
422 1440 449 1463 et
473 1436 608 1463 habitum
627 1437 838 1471 cingulumque
854 1437 1029 1464 monialium
1047 1438 1178 1471 ejusdem

171 1485 284 1513 ordinis
300 1489 329 1512 et
344 1486 479 1512 cordulas
493 1485 676 1518 deferebant,
694 1501 725 1504 —
742 1495 813 1520 quas
830 1487 969 1513 mulieres
985 1486 1105 1520 quidam
1123 1488 1181 1512 sns-

170 1535 301 1561 calciatus
316 1543 366 1561 seu
383 1535 574 1567 Cordulurias,
600 1535 652 1561 alii
673 1543 741 1561 vero
758 1535 904 1560 Minoreeas
925 1536 1128 1570 appellabant.
1149 1551 1180 1554 —

171 1583 208 1610 ad
219 1583 421 1617 abjiciendum
437 1583 563 1609 eundem
582 1583 717 1610 habitum
735 1592 801 1610 011111
816 1584 926 1610 eisdem
940 1584 1068 1618 cingulis
1082 1588 1110 1611 et
1122 1593 1181 1611 cor-

171 1632 251 1659 dulis
270 1640 322 1667 per
341 1640 495 1658 censuram
517 1632 749 1659 eeclesiasticam
770 1633 960 1666 compellant.
977 1648 1010 1651 ψ
1032 1634 1118 1665 (REO.
1136 1633 1180 1666 20,

171 1681 193 1708 f.
212 1680 246 1707 39
261 1684 300 1713 r⁰;
317 1689 387 1707 ann.
409 1681 493 1713 XIV,
511 1690 535 1707 c.
555 1681 621 1713 229;
638 1696 668 1699 -
686 1681 843 1708 ΡοττΗΑετ
858 1682 968 1713 10991.)

213 1801 226 1816 ιι
240 1789 480 1828 Archiepiscopis
495 1795 521 1819 et
536 1791 680 1828 episcopis
702 1791 741 1819 ad
762 1800 835 1828 quos
857 1792 953 1820 littere
970 1793 1023 1821 iste
1037 1801 1183 1830 pervene-

171 1843 248 1871 rim.
270 1841 319 1871 Ad
335 1842 541 1872 audientiam
564 1848 711 1872 nostram
733 1860 779 1872 —.
799 1844 872 1873 Dat.
898 1844 1064 1880 Laterani,
1084 1846 1182 1876 VIIII

170 1893 330 1925 kalendas
348 1895 470 1931 martii,
491 1904 578 1924 anno
595 1895 853 1934 quartodecimo.
876 1909 888 1922 »

242 2095 360 2124 5328

207 2157 318 2185 Abbati
332 2158 368 2184 de
385 2158 466 2184 Hida
485 2159 531 2188 <z
546 2158 645 2192 Hyde)
658 2158 743 2192 juxta
758 2158 947 2184 Vt'intoniam
969 2159 1091 2185 mandat
1111 2168 1183 2193 qua-

172 2208 258 2234 tenus
269 2206 405 2234 abbatem
418 2209 447 2233 et
458 2209 635 2233 conventum
651 2207 823 2233 monasterii
837 2207 1064 2240 Glastoniensis,
1075 2208 1183 2234 Bauio<

173 2255 286 2282 niensis
302 2255 455 2287 dioecesis,
474 2270 499 2273 -
514 2255 564 2289 qui
581 2256 615 2282 R.
633 2255 668 2281 de
685 2256 861 2282 Heret'ordia
876 2259 904 2282 et
921 2255 1097 2289 quibusdam
1115 2256 1183 2283 aliis

173 2304 290 2331 clericis
305 2303 526 2336 Bathoniensis,
547 2303 779 2330 Saresberiensis
795 2307 823 2330 et
840 2304 1059 2331 Lincolnicnsis
1075 2305 1183 2331 civita-

173 2355 237 2380 tum
256 2355 284 2379 et
306 2352 484 2379 dioecesium
510 2352 540 2378 in
557 2352 760 2386 pensionibus,
777 2352 868 2379 donec
885 2353 926 2379 eis
947 2353 1136 2386 providerent
1152 2353 1182 2379 in

173 2401 316 2429 beneficio
340 2400 532 2435 competenti,
558 2400 746 2433 tenebantur,
773 2415 805 2418 —
825 2401 862 2427 ab
885 2401 1073 2435 impetitione
1097 2402 1184 2428 cleri-

174 2458 272 2477 corum
297 2449 440 2484 ipsorum,
462 2449 512 2483 qui
533 2457 632 2475 eorum
659 2450 808 2481 ecclesias,
835 2450 899 2483 plus
922 2458 1009 2483 quam
1029 2450 1184 2484 pensiones

173 2499 318 2529 valentes,
331 2506 397 2524 cum
415 2497 487 2524 alibi
504 2497 647 2524 beneficia
662 2506 729 2524 cum
741 2498 907 2524 animarum
922 2507 991 2525 cura
1004 2499 1182 2532 obtinerent,

173 2546 211 2573 ab
235 2546 276 2573 eis
301 2546 431 2580 recipere
456 2546 714 2578 contradicebant,
739 2546 888 2577 absolvat,
912 2547 1072 2574 dummodo
1091 2548 1182 2574 iidem

173 2594 263 2622 abbas
296 2598 324 2621 et
355 2597 518 2621 conventus
553 2595 628 2629 quod
660 2596 755 2621 faeere
788 2596 967 2628 obtulerant,
999 2597 1122 2623 iaciant.
1151 2612 1183 2615 —

173 2643 260 2675 (Rae.
284 2643 328 2676 20,
354 2644 374 2670 f.
397 2643 430 2670 39
456 2647 499 2676 r⁰;
525 2652 595 2670 ann.
613 2644 696 2676 XIV,
713 2652 738 2670 c.
755 2644 829 2676 230.)

718 2096 838 2128 Latran,
854 2095 888 2122 28
900 2096 1017 2129 janvier
1031 2096 1109 2123 1241.

216 2765 230 2780 «
250 2776 271 2782 ..
287 2753 387 2782 abbati
403 2753 437 2781 de
452 2753 633 2790 Hidajuoeta
656 2754 855 2782 Wintoniam,
873 2754 918 2783 Ex
934 2758 1026 2792 parte
1045 2777 1064 2784 ..
1084 2754 1185 2784 abba-

172 2805 218 2836 tis
235 2810 266 2836 et
287 2810 468 2835 conventus
487 2805 683 2835 monasterii
701 2805 958 2842 Glastoniensis,
979 2807 1184 2837 Bathonien-

176 2859 222 2888 sis
244 2858 397 2893 diocesis,
421 2859 485 2888 fuit
503 2859 708 2897 propositum
732 2868 842 2889 coram
865 2860 961 2890 nobis
985 2861 1082 2899 quod,
1110 2870 1185 2890 cum

175 2914 215 2943 R.
232 2912 271 2942 de
288 2911 510 2951 Herefordfia]
535 2916 566 2942 et
589 2912 789 2951 quibusdam
812 2913 888 2943 aliis
912 2913 1043 2944 clericis
1060 2914 1184 2944 Batho-

175 2965 317 3001 niensis,
344 2965 611 2995 saresberiensis
634 2969 665 2995 et
686 2965 934 2996 Lincolniensis
959 2967 1130 2997 civitatum
1154 2971 1185 2997 et

1261 359 1427 389 diocesum
1452 361 1485 390 in
1512 362 1729 399 pensionibus
1754 367 1938 397 teneantur,
1964 366 2064 396 donec
2087 368 2133 397 eis
2157 371 2266 407 provi-

1261 412 1358 442 deant
1381 414 1414 442 in
1436 414 1597 444 beneficio
1616 417 1813 454 competenti
1832 427 1838 446 ε
1858 418 1995 455 predicti
2017 420 2128 450 clerici
2154 432 2266 453 eorum

1261 465 1434 501 ecclesias,
1466 467 1538 505 plus
1567 478 1664 506 quam
1690 470 1866 507 pensiones
1892 470 2054 507 valentes,
2083 473 2120 503 (le
2146 475 2267 513 quihus

1261 527 1404 556 congrue
1422 520 1612 557 providetur
1629 521 1764 557 eisdem,
1779 523 1910 561 quando
1926 529 2054 558 vacant,
2071 526 2208 559 oblatas,
2228 528 2269 556 ab

1262 571 1310 601 eis
1326 572 1482 609 recipere.
1506 582 1579 602 cum
1601 574 1680 603 alibi
1707 574 1868 605 beneficia
1888 585 1961 606 cum
1985 577 2171 608 animarum
2190 589 2269 609 cura

1262 622 1443 656 obtineant,
1463 626 1707 662 contradicunt3
1722 627 1834 666 sicque
1848 629 2064 666 pensionibus
2076 631 2270 663 inherentes

1263 685 1394 713 gravem
1419 686 1516 715 super
1536 678 1583 708 eis
1605 679 1750 717 ipsorum
1775 682 1975 711 monasterio
1997 682 2146 713 inferunt
2169 684 2269 715 lesio-

1262 738 1337 759 nem
1365 747 1413 758 —.
1443 731 1515 759 Dat.
1543 732 1713 767 Laterani,
1739 733 1768 762 V
1791 733 1949 764 kalendas
1975 735 2151 773 februarii,
2183 746 2270 767 anno

1263 783 1520 821 quartodecimo.
1541 796 1553 809 ι)

1333 983 1450 1011 53ἵ9
1806 987 1927 1019 Latran,
1941 987 1975 1013 28
1993 988 2101 1015 fevrier
2118 989 2198 1016 1241.

1298 1045 1394 1072 Priori
1416 1048 1444 1071 et
1466 1045 1607 1072 iratribus
1632 1048 1802 1074 monasterii
1821 1048 1856 1074 de
1881 1049 2065 1077 Montesfont
2085 1052 2129 1082 (z
2149 1051 2270 1079 Mettis-

1263 1094 1349 1126 sont),
1373 1093 1486 1120 ordinis
1510 1094 1604 1121 sancti
1628 1095 1800 1129 Augustini,
1824 1097 2044 1125 Wintoniensis
2064 1099 2215 1132 dioecesis,
2238 1115 2270 1118 —

1263 1143 1346 1176 cujus
1363 1143 1545 1175 monasterii,
1564 1151 1614 1177 pro
1630 1145 1725 1171 salute
1741 1145 1816 1179 regis
1830 1146 1956 1179 Angliae
1970 1147 2090 1181 ejusque
2107 1149 2271 1182 progenito-

1263 1199 1327 1217 rum
1350 1199 1442 1225 nuper
1471 1191 1602 1224 fundati,
1627 1192 1699 1219 adeo
1722 1196 1824 1219 tenues
1845 1197 1873 1220 et
1899 1195 1990 1221 exiles
2016 1199 2099 1223 erant
2126 1197 2270 1229 redditus,

1263 1239 1338 1273 quod
1361 1248 1396 1266 ex
1415 1240 1456 1266 eis
1480 1248 1536 1266 non
1558 1243 1692 1274 poterant
1709 1242 1861 1269 commode
1882 1244 2051 1276 sustentari,
2073 1259 2105 1262 —
2123 1245 2271 1279 significat

1262 1296 1302 1320 se,
1325 1288 1360 1314 ad
1383 1289 1513 1322 ejusdem
1538 1289 1614 1323 regis
1632 1292 1660 1316 et
1678 1290 1807 1324 ipsorum
1828 1291 1934 1325 prioris
1955 1293 2138 1327 fratrumque
2154 1294 2271 1328 petitio-

1263 1346 1347 1365 nem.
1379 1338 1420 1364 eis
1446 1338 1599 1372 indulgere
1625 1341 1658 1365 ut
1685 1339 1840 1366 ecclesiam
1868 1340 1904 1366 de
1928 1340 2089 1368 Sumburn.
2118 1343 2163 1373 (=
2189 1343 2271 1370 Som-

1262 1386 1395 1418 bourne),
1411 1387 1632 1414 Wintoniensis
1653 1387 1806 1421 dioecesis,
1828 1389 1858 1415 in
1880 1398 1937 1423 qua
1952 1398 1987 1416 ex
2003 1390 2097 1424 ipsius
2113 1391 2188 1425 regis
2204 1400 2271 1419 con-

1262 1435 1392 1461 cessione
1412 1435 1458 1468 jus
1474 1439 1647 1470 patronatus
1664 1437 1822 1469 habebant,
1840 1438 1963 1472 possint,
1979 1447 2044 1465 cum
2059 1441 2221 1474 vacaverit,
2238 1441 2269 1468 in

1262 1492 1331 1510 usus
1354 1484 1485 1518 proprios
1511 1484 1648 1517 retinere,
1675 1493 1688 1510 «
1715 1486 1865 1520 assignata
1888 1490 1986 1513 tamen
2009 1487 2120 1514 vicario
2145 1489 2194 1522 qui
2220 1498 2272 1524 pro

1264 1542 1276 1557 n
1299 1536 1429 1567 tempore
1443 1533 1615 1561 deservierit
1635 1534 1757 1567 ibidem,
1772 1535 1807 1561 de
1823 1536 2016 1569 proventibus
2029 1537 2159 1570 ejusdem
2178 1540 2271 1565 ecclc—

1264 1590 1276 1606 »
1299 1582 1350 1614 sie,
1378 1582 1526 1616 portione,
1550 1583 1627 1609 unde
1648 1584 1745 1610 valeat
1767 1592 1925 1617 congruam
1949 1585 2194 1613 sustentationem
2221 1588 2271 1614 ha-

1264 1639 1277 1656 »
1298 1631 1376 1664 bere,
1404 1640 1436 1658 ac
1459 1632 1525 1665 jura
1550 1632 1729 1667 episcopalia
1754 1634 1878 1665 solvere,
1904 1642 1957 1660 nec
1980 1643 2036 1660 non
2063 1635 2122 1661 alia
2149 1636 2271 1662 ecclesie

1265 1688 1277 1705 »
1298 1689 1384 1707 onera
1414 1684 1586 1715 supportare
1616 1689 1640 1708 1).
1670 1697 1701 1699 -
1727 1682 1812 1714 (Rea.
1843 1682 1887 1714 20,
1919 1683 1938 1708 f.
1963 1682 1996 1709 39
2025 1686 2064 1715 r‘’;
2089 1692 2158 1710 ann.
2188 1684 2270 1717 XIV,

1263 1738 1287 1756 c.
1307 1729 1382 1761 231.)

1306 1844 1318 1857 «
1338 1830 1385 1870 [..]
1402 1832 1502 1868 priori
1520 1837 1543 1860 el
1561 1832 1714 1866 sralribus
1738 1834 1917 1861 monosterii
1939 1834 1972 1861 sle
1994 1834 2199 1870 Jlontess02111,
2220 1844 2271 1864 or-

1264 1884 1347 1913 dinis
1373 1886 1473 1913 sancti
1502 1886 1686 1922 Anquslini,
1722 1886 1936 1915 ll'inloniensis
1964 1887 2100 1916 diocesis.
2128 1888 2273 1926 InjUncti

1264 1938 1363 1967 officii
1381 1938 1569 1968 sollicitudo
1587 1956 1634 1967 -—.
1647 1940 1720 1968 Dat.
1740 1940 1908 1975 Laterani,
1927 1940 1956 1969 II
1974 1940 2133 1970 kalendas
2147 1941 2271 1977 martii,

1265 2000 1351 2020 anno
1368 1991 1625 2029 quartodecimo.
1645 2004 1658 2018 »

1337 2190 1456 2218 5380

1301 2253 1428 2281 Jolianni
1442 2254 1476 2279 de
1493 2254 1648 2286 Civitolla,
1666 2254 1844 2281 subdiacono
1861 2258 1889 2281 et
1905 2256 2058 2289 capellano
2074 2264 2134 2287 suo,
2153 2256 2274 2283 mandat

1267 2306 1410 2336 quatenus
1427 2303 1600 2329 electionem
1617 2304 1724 2329 factam
1743 2303 1777 2329 (10
1795 2304 1934 2337 magistro
1949 2305 1996 2336 B„
2011 2304 2141 2330 Budensi
2154 2313 2272 2339 praepo-

1810 2193 1932 2225 Latran,
1948 2193 1982 2219 25
1998 2193 2106 2220 sevrier
2122 2193 2200 2220 1241.

1266 2352 1332 2383 sito,
1355 2353 1439 2378 aulae
1457 2352 1553 2385 regiae
1570 2352 1758 2381 cancellario,
1781 2361 1797 2378 a
1817 2352 1947 2386 capitulo
1966 2353 2101 2380 Albensis
2120 2354 2271 2386 ecclesiae,

1267 2400 1369 2427 habita.
1382 2401 1569 2427 concessione
1586 2401 1800 2435 archiepiscopi
1821 2401 2044 2435 Strigoniensis,
2063 2402 2092 2428 in
2109 2402 2269 2429 Albensem

1267 2450 1477 2484 praepositum,
1495 2450 1519 2476 si
1541 2450 1624 2476 illam
1642 2450 1677 2476 de
1698 2459 1821 2484 persona
1842 2450 1947 2477 idonea
1968 2451 2116 2478 invenerit
2132 2452 2273 2479 canonice

1266 2499 1456 2529 celebratam,
1470 2499 1632 2525 confirmet.
1650 2499 1867 2531 —(R130.20,f.
1883 2499 1916 2525 39
1928 2502 1956 2524 νο
1967 2507 1972 2531 ;
1985 2508 2054 2526 ann.
2069 2500 2152 2532 XIV,
2165 2508 2189 2526 c.
2204 2500 2270 2532 2323

1268 2561 1299 2564 —
1316 2547 1473 2573 POTTnAsr
1489 2546 1591 2577 10992;
1606 2561 1637 2564 -—
1652 2547 1689 2572 cf.
1708 2554 1802 2578 supra,
1820 2550 1849 2572 n⁰
1864 2547 1957 2578 5126.)

1308 2662 1320 2675 α
1340 2649 1475 2678 Jolmmzz'
1498 2649 1531 2677 (ie
1555 2649 1706 2684 civitella,
1729 2649 1912 2677 subdiacono
1935 2654 1960 2677 ec
1981 2649 2136 2686 capellano
2160 2655 2270 2679 nostro.

1266 2702 1475 2732 Transmissa
1494 2701 1589 2731 nobis
1606 2701 1799 2731 dilectorum
1816 2719 1864 2730 —.
1891 2703 1962 2731 Dat.
1985 2703 2149 2738 Laterani,
2170 2704 2198 2734 V
2213 2704 2272 2733 ka-

1266 2755 1381 2786 lendas
1399 2755 1521 2789 martii,
1540 2763 1625 2784 anno
1642 2755 1899 2793 quartodecimo.
1920 2767 1932 2781 n

1299 2882 1320 2906 l.
1345 2882 1522 2910 Moriiessonss
1544 2880 1611 2903 dans
1631 2881 1656 2903 la
1677 2881 1748 2903 table
1769 2880 1817 2903 des
1838 2882 1961 2910 capitula
1983 2881 2016 2904 de
2036 2881 2061 2904 la
2081 2881 2154 2904 XIV‘
2170 2881 2272 2909 311110ος

1267 2927 1445 2955 ΜοηιρῘῙοΗ.,
1467 2925 1513 2955 qui
1533 2927 1574 2948 est
1595 2925 1619 2948 le
1638 2924 1752 2948 resultat
1773 2925 1854 2950 d'une
1873 2925 2012 2949 mauvaise
2031 2925 2145 2955 lecture,
2162 2925 2229 2949 dans
2247 2926 2273 2949 la

1267 2972 1409 3001 rubrique.
