2553 3526
159 302 218 333 573
945 304 1159 335 REGISTRE
1181 304 1237 333 DE
1261 296 1470 336 PERousE.
2201 315 2258 344 574

156 372 239 397 stent
253 370 364 397 animo.
389 385 420 388 —
441 371 528 401 (Res.
547 371 621 397 PER.
646 372 666 397 1‘.
687 372 704 396 7
724 374 757 403 1¹⁰.
780 376 810 397 n⁰
829 371 879 402 18:
905 386 936 389 —
953 373 990 398 es.
1010 372 1166 398 Porrfflsr

156 418 252 449 8251.)

201 524 216 540 ει
236 513 391 542 Universis
405 514 601 542 ecclesiarum
616 515 754 551 prelatis.
772 515 953 549 Attendite,
972 523 1166 553 quesumus,

157 569 192 595 et
211 565 319 595 videte
339 565 368 595 si
387 570 435 595 est
451 565 542 596 dolor
561 566 677 596 sicuti¹
694 566 786 597 dolor
806 563 947 602 noster²,
965 567 1044 606 quia
1060 567 1167 597 filium

156 626 259 656 quem
277 618 435 648 enutrivit
453 623 484 648 et
497 619 653 649 exaltavit
672 620 830 654 Ecclesia.
849 629 986 658 sperans
1003 629 1078 650 eum
1092 629 1168 658 pro-

157 675 375 709 pugnatorem
390 671 511 702 habere
527 677 641 702 contra
654 673 795 711 perfidas
812 673 975 707 nationes,
993 682 1067 703 ecce
1080 682 1167 703 nunc

157 728 405 761 persecutorem
426 720 544 754 sentit³
560 725 730 755 inmanem
749 729 780 755 et
796 725 925 755 hostem
943 725 1090 755 validum
1111 735 1166 756 ex-

157 776 298 815 peritur.
314 778 358 808 Ut
373 778 462 807 enim
478 780 664 808 taceamus⁴
681 783 808 808 atroces
818 779 961 818 injurias
976 784 1007 809 et
1019 779 1167 818 jacturas

156 839 312 861 enormes
333 830 454 869 quibus
472 831 704 870 F[redericus].
720 832 828 862 dictus
847 832 1036 870 imperator.
1058 833 1167 863 Eccle-

157 884 267 914 siam⁵
289 888 321 914 et
338 893 496 922 personas
516 884 759 915 ecclesiasticas
776 885 1034 924 dampnabiliter
1054 886 1167 917 hacte-

159 945 224 966 nus
245 936 433 974 flagellavit,
453 937 690 975 patrimonium
705 938 892 975 Apostolice
907 939 1002 969 Sedis
1017 948 1073 976 per
1090 939 1167 969 Sar-

158 998 298 1019 racenos
323 993 354 1020 et
379 989 463 1019 alios
490 990 663 1028 impugnat
688 990 855 1021 hostiliter
884 996 914 1021 et
939 991 1078 1020 invadit.
1103 992 1167 1022 Sed

156 1041 280 1077 adhuc,
301 1042 407 1081 quod⁶
429 1043 661 1073 detestabilius
684 1048 744 1077 est,
769 1053 843 1073 cuni
871 1044 1014 1074 Soldano
1037 1049 1068 1074 et
1091 1045 1167 1074 aliis

157 1095 354 1126 Sarracenis
366 1095 578 1134 nephandas⁷
593 1096 793 1126 contrahens
806 1097 984 1134 pactiones,
999 1097 1068 1127 illis
1080 1098 1167 1128 favo-

157 1156 241 1183 rem,
264 1147 468 1179 Christianis
484 1149 597 1178 odium
609 1149 742 1179 exhibet
755 1150 984 1183 manifestum,
1003 1150 1043 1180 ad
1060 1155 1167 1180 exter-

158 1200 336 1231 minandas
352 1201 466 1231 domos
482 1201 666 1240 Hospitalis
686 1206 717 1232 et
734 1202 891 1240 Templiss,
915 1212 972 1241 per
987 1212 1069 1242 quas
1088 1203 1167 1233 reli-

155 1253 237 1292 quie
252 1254 353 1287 Terre
376 1254 495 1284 Sancte
511 1254 673 1284 hactenus
694 1259 771 1284 sunt
790 1260 947 1290 servate9,
966 1256 1067 1294 impie
1088 1265 1167 1287 ane-

156 1305 299 1336 laudow.
316 1307 364 1336 De
378 1307 532 1336 mandato
549 1307 639 1337 enim
654 1307 791 1345 ipsius¹¹
808 1308 896 1338 inter
911 1308 1122 1339 Christianos
1137 1314 1166 1339 et

156 1357 361 1389 Sarracenos
385 1359 497 1390 federe
525 1360 663 1389 fracto¹²
693 1365 919 1398 treuguarum.
947 1370 1021 1391 cum
1050 1362 1167 1392 Sarra-

155 1411 244 1447 eeni,
270 1416 393 1442 terram
415 1412 532 1442 domus
556 1412 677 1443 militie
699 1413 826 1452 Templi
849 1413 1049 1444 hostiliter¹³
1072 1415 1167 1453 equi-

158 1465 312 1500 tantesss,
338 1465 458 1496 occisis
487 1470 518 1496 et
543 1466 648 1504 captis
669 1466 923 1505 quampluribus
949 1467 1164 1498 Christianis.

156 1518 292 1556 predam
308 1517 434 1557 pluries
444 1520 469 1539 ¹⁵
487 1518 713 1555 abduxissent,
728 1519 919 1558 Templarii,
939 1529 977 1550 ex
995 1520 1056 1550 hoc
1072 1521 1164 1557 moti,

154 1571 413 1602 insurrexerunt
437 1571 581 1602 viriliter
606 1577 720 1602 contra
745 1574 848 1607 eos¹⁶;
875 1577 906 1603 et
929 1582 1004 1603 cum
1031 1574 1165 1612 predam

156 1623 202 1654 ad
235 1632 292 1654 sex
324 1624 457 1654 milium
489 1624 700 1655 marcharum
734 1625 914 1656 valentiam
949 1626 1166 1658 abstulissent

191 1731 213 1755 l.
231 1722 280 1755 ias.
298 1740 306 1755 .-
321 1731 402 1755 dotor
415 1731 514 1755 simius
530 1731 624 1756 sicuti.
646 1757 649 1760 ,

187 1775 213 1799 2.
231 1775 270 1800 Ce
285 1782 401 1806 passage
421 1776 485 1800 bien
501 1783 593 1800 connu
609 1776 658 1800 des
675 1776 883 1800 Lamentations
900 1777 933 1801 de
949 1777 1068 1801 Jeremie
1083 1778 1114 1807 (l,
1131 1779 1168 1802 1⁶3)

155 1827 188 1844 se
203 1822 302 1844 trouve
321 1820 382 1850 dejssa
398 1820 466 1844 dans
481 1821 507 1844 la
522 1821 602 1845 lettre
621 1821 655 1845 de
672 1820 805 1852 Gregoire
822 1821 858 1845 IX
875 1822 910 1845 du
932 1822 959 1846 lO
977 1823 1090 1846 octobre
1109 1823 1167 1847 1227

155 1865 204 1895 (cf.
219 1865 404 1894 RODENBERG,
415 1869 443 1889 n·
454 1865 507 1891 368.
523 1873 548 1896 p.
560 1865 625 1895 383),
635 1866 682 1896 qui
694 1866 780 1896 figure
792 1866 852 1896 plus
864 1866 929 1889 haut
943 1874 1009 1890 sous
1020 1867 1044 1890 le
1059 1872 1086 1890 η’
1098 1868 1167 1891 0104.

157 1909 256 1937 Dante,
273 1909 361 1933 taut-il
376 1910 401 1933 le
415 1910 550 1940 rappeler.
566 1910 600 1933 l'a
616 1910 719 1933 traduit
734 1910 927 1934 litteralement
943 1918 976 1934 au
997 1911 1081 1935 debut
1095 1912 1129 1935 de
1142 1913 1168 1936 la

153 1953 304 1978 Canzone:
320 1956 340 1978 ο
356 1955 410 1982 voi,
426 1956 475 1977 clue
494 1961 545 1983 per
559 1956 584 1978 ta
600 1956 644 1977 via
657 1954 773 1978 d'Amor
787 1958 908 1984 passate,
922 1955 956 1978 de
969 1956 994 1978 la
1010 1957 1071 1979 Vita
1084 1963 1167 1980 nova.

189 1998 212 2022 3.
232 1997 300 2022 rsa.
316 2005 390 2022 nunc
406 1999 539 2029 persentit
554 1999 650 2022 sentit.

188 2042 214 2066 4.
229 2042 315 2066 ΜΑτ-τ.
330 2042 415 2066 Panis
429 2042 484 2069 (ed.
501 2042 619 2072 Luano).
637 2042 669 2066 Et
686 2050 720 2066 ne
737 2046 886 2067 taceamus.

189 2087 214 2111 5.
233 2087 301 2111 Pssn.
318 2087 460 2110 ecclesias.

190 2132 214 2156 6.
229 2131 265 2156 M.
282 2132 311 2156 Ρ.
328 2135 355 2155 et
370 2132 440 2156 alios
455 2133 612 2162 impugnat;
628 2135 654 2156 et
670 2132 755 2162 quod.

189 2177 214 2200 7.
230 2177 334 2201 Toutes
347 2177 387 2200 les
402 2176 524 2200 editions
541 2177 666 2200 donnent
684 2179 826 2206 nefandis,
845 2178 891 2208 qui
908 2181 950 2201 est
968 2179 1167 2203 certainement

157 2227 214 2244 une
227 2221 369 2244 mauvaise
382 2221 473 2252 lecon.

191 2265 215 2290 8.
233 2265 269 2289 Μ.
288 2265 318 2289 P.
334 2265 431 2289 domos
448 2265 600 2296 Hospitalis
615 2268 642 2288 et
657 2266 771 2288 fratrum
788 2266 900 2290 militiae
911 2266 1027 2298 Templi.

191 2310 214 2335 9.
232 2310 269 2334 M.
285 2309 317 2333 P.
333 2311 505 2333 observatae.
523 2323 553 2326 —
572 2309 713 2333 Mauvaise
729 2311 821 2342 lecon3
842 2313 950 2334 servate
965 2315 1007 2335 est
1023 2312 1102 2342 exige
1121 2319 1170 2342 par

158 2354 186 2378 {e
203 2355 322 2385 rythme.

193 2399 232 2423 to.
243 2398 278 2422 M.
294 2399 322 2422 P.
337 2397 515 2422 annullando.
527 2411 556 2416 —
566 2398 914 2427 Hninmnn-Bariuomffis.
925 2400 1032 2423 Hister.
1049 2402 1168 2429 diplom.

160 2445 270 2467 Frider.
291 2444 421 2469 secundi.
443 2445 462 2466 t.
484 2442 531 2469 ΙΙΙ,
555 2450 580 2473 p.
597 2442 636 2470 7⁴,
658 2443 731 2466 avait
751 2443 806 2466 tres
827 2444 1041 2468 heureusement
1061 2445 1169 2476 corrige

156 2489 341 2512 annullando
353 2493 388 2510 en
403 2487 573 2510 anhelando.

193 2531 231 2556 ll.
246 2531 283 2555 M.
301 2531 330 2555 P.
347 2531 431 2555 illius.

194 2576 231 2601 l‘z.
247 2576 283 2600 M.
302 2576 329 2599 P.
347 2576 419 2599 inter
433 2575 601 2599 Sarracenos
617 2578 644 2598 et
659 2575 832 2599 Christianos
847 2576 900 2599 fide
917 2577 1012 2600 fracta.

193 2620 231 2645 13.
248 2620 284 2644 M.
303 2620 333 2644 Ρ.
349 2627 410 2643 cum
428 2619 588 2643 Sarracenis
606 2619 666 2650 [per
684 2619 782 2651 terras]
799 2620 943 2644 domorum
964 2622 1167 2651 praedictarum

159 2664 308 2689 hostiliter.

193 2709 231 2733 14.
253 2708 289 2733 M.
308 2708 337 2733 P.
359 2710 386 2731 et
406 2707 505 2731 Rei-‚nn
528 2713 562 2731 ne
579 2707 760 2736 Wmnoven,
785 2709 880 2731 Flores
899 2710 1102 2738 Historiarum,
1125 2709 1170 2733 ed.

161 2754 258 2784 fleury
272 2752 304 2777 G.
322 2752 472 2779 stcmr.
492 2754 510 2776 t.
533 2751 556 2775 11
578 2751 668 2781 (1887).
688 2759 714 2781 p.
729 2751 783 2778 345.
804 2752 940 2782 equitans.
959 2766 989 2770 —
1008 2753 1050 2777 On
1071 2756 1171 2777 trouve

158 2797 231 2821 dans
253 2797 374 2821 d‘autres
393 2796 515 2820 editions
536 2797 700 2825 inquietans
714 2795 839 2826 (Massi),
862 2798 1054 2826 inquietantes
1074 2798 1171 2828 (HUIL-

161 2840 439 2869 zano-Bneuomrs).

197 2885 234 2910 ¹5.
246 2884 282 2908 M.
298 2885 328 2908 P.
344 2885 444 2908 occisis
458 2887 485 2908 et
495 2884 583 2915 captis
595 2884 805 2915 quampluribus
817 2885 927 2915 (Rosea
941 2891 976 2909 niz
989 2884 1170 2916 Wssunoven,

159 2929 392 2959 quamplurimis),
409 2935 470 2952 cum
486 2928 601 2959 praedas
620 2929 721 2959 plures.

197 2972 236 2998 16.
251 2972 288 2997 Μ.
305 2973 334 2997 Ρ.
351 2973 564 2996 insurrexerunt
575 2976 671 2997 contra
684 2973 770 3003 ipsos.

1251 370 1390 405 eisdem,
1420 372 1604 412 T[homas]‚
1637 383 1745 404 comes
1776 378 2012 413 Acen-aruum,
2046 379 2257 416 imperatoris

1251 422 1394 461 bajulus.
1417 425 1490 454 istis
1509 426 1724 457 redeuntibus
1740 428 1942 458 furibundus
1962 439 2149 462 occurrens.
2176 441 2255 461 ean-

1250 475 1323 504 dem
1341 477 1473 513 predam
1492 478 1586 516 ipsis.
1608 489 1672 509 non
1689 481 1901 511 audentibus.
1920 483 2013 520 juxta
2031 478 2185 513 instituta
2205 486 2257 514 sui

1250 527 1394 558 ordinis.
1424 534 1537 559 arma²
1567 538 1681 562 contra
1707 533 1917 564 Christianos
1943 535 2088 572 erigere,
2120 536 2258 567 abstulit

1249 580 1411 612 violenter
1435 588 1466 613 et
1495 585 1637 615 reddidit
1659 586 1866 622 Sarracenis,
1893 592 2002 625 preter
2026 589 2167 626 quedam
2193 599 2257 628 que

1250 633 1314 663 sibi
1330 635 1452 665 dicitur
1476 641 1670 668 retentasse.
1688 639 1781 675 Quod
1798 640 1826 668 si
1850 640 2024 670 Sarraceni
2047 642 2181 679 predam
2198 651 2258 672 au-

1250 688 1360 717 ferunt
1379 688 1593 725 Christianis,
1612 691 1718 721 dictus
1742 692 1873 731 bajulus
1891 702 1955 722 non
1977 694 2083 723 solum
2104 695 2144 724 ad
2162 704 2257 725 recu-

1250 741 1453 777 perationem
1477 743 1547 781 ejus
1573 753 1782 783 nequaquam
1805 746 1984 776 intendit3.
2010 747 2066 777 sed
2090 757 2149 778 nee
2172 749 2258 786 pati-

1250 797 1302 821 tur
1324 799 1359 823 ut
1384 794 1568 825 Christiani
1594 797 1727 834 predam
1754 798 1899 837 aliquam
1923 800 2076 829 auferant
2102 801 2258 830 Sarrace-

1250 845 1335 874 nis‘.
1361 847 1469 882 Quare
1495 848 1617 878 factum
1640 855 1689 879 est
1710 855 1745 879 ut
1766 850 1828 885 illi,
1854 860 1892 880 ex
1915 851 1974 880 hoc
1998 852 2258 883 insolentiores⁵

1249 898 1366 934 effecti,
1387 904 1516 929 nostros
1533 901 1905 940 audacterimpugnent.
1924 909 1953 933 et
1972 905 2086 934 nostri.
2104 906 2259 943 proditio-

1250 950 1302 979 nis
1318 952 1503 988 periculum
1519 954 1736 984 formidantes
1745 958 1769 990 ⁸,
1787 956 1898 985 minus
1917 957 2059 986 audeant
2077 959 2256 996 refragari;

1249 1007 1279 1031 et
1296 1003 1343 1032 sic
1360 1004 1478 1033 effusio
1492 1007 1667 1043 sanguinis
1683 1007 1869 1037 Christiani
1887 1018 2126 1048 nonnunquam
2142 1010 2177 1039 in
2194 1011 2258 1039 im-

1249 1056 1411 1092 peratoris
1427 1057 1636 1095 dampnabile
1651 1059 1780 1089 lucrum
1797 1061 1892 1089 cedit.
1913 1061 2029 1091 Adhuc
2047 1071 2176 1101 quoque
2188 1072 2258 1101 pre-

1249 1109 1440 1138 nominatus
1456 1110 1599 1148 bajulus.
1618 1111 1667 1141 vel
1687 1113 1796 1149 potius
1815 1113 1994 1151 imperator
2011 1124 2068 1152 per
2085 1124 2170 1149 eum,
2188 1125 2258 1154 pre-

1249 1160 1369 1190 dictam
1385 1163 1512 1201 Templi
1532 1163 1686 1193 domum⁷
1707 1165 1877 1195 inmanius
1897 1176 2110 1205 persequens.
2131 1168 2258 1206 ipsam⁸

1249 1213 1401 1243 domibus
1425 1219 1455 1244 et
1473 1217 1739 1253 possessionibus
1762 1228 1844 1256 quas
1866 1219 2030 1249 hahebat-‘³
2053 1221 2086 1249 in
2104 1222 2256 1251 Acconw.

1250 1275 1307 1304 per
1332 1267 1521 1297 violentiam
1552 1270 1723 1307 spoliavit,
1750 1273 1919 1310 eamque¹¹
1945 1273 2129 1311 privilegiis
2153 1276 2259 1312 Apos-

1251 1319 1346 1349 tolice
1372 1320 1466 1350 Sedis
1493 1322 1624 1359 privare
1644 1324 1856 1354 contendens.
1882 1325 2080 1362 imperiali¹²
2098 1326 2257 1364 jurisdic-

1251 1372 1333 1401 tioni
1362 1373 1513 1404 subicere
1541 1375 1671 1406 nititur.
1702 1376 1737 1405 in
1768 1377 1980 1407 manifestam
2005 1378 2257 1410 subversionem

1250 1424 1474 1456 ecclesiastice
1502 1426 1676 1457 libertatis.
1709 1429 1876 1459 Sclavos¹³
1904 1431 2004 1460 etiam
2029 1440 2110 1470 quos
2141 1432 2257 1462 domus

1250 1479 1433 1516 Hospitalis
1447 1485 1476 1509 et
1493 1481 1619 1519 Templi
1636 1481 1803 1512 habebant
1818 1483 1853 1512 in
1870 1483 1986 1513 Sicilia
2003 1489 2031 1513 et
2050 1484 2181 1522 Apulia.
2195 1485 2259 1515 col-

1250 1530 1308 1569 ligi
1321 1532 1459 1566 faciens,
1477 1542 1532 1562 eos
1546 1534 1688 1564 reddidit
1703 1535 1909 1566 Sari-arenis.
1928 1536 2019 1566 nulla
2036 1537 2153 1567 exinde
2170 1546 2258 1567 com-

1249 1585 1476 1622 pensatione¹⁴
1502 1586 1589 1615 facta
1617 1587 1768 1617 domibus
1794 1589 2015 1626 supradictis;
2043 1594 2073 1619 et
2102 1590 2160 1625 sic.
2188 1599 2258 1620 ser-

1250 1637 1300 1666 vis
1313 1637 1439 1668 Christi
1451 1647 1563 1669 servos
1574 1641 1596 1659 ¹⁵
1610 1641 1780 1678 preferens
1792 1641 2014 1677 Machometti,
2031 1643 2084 1672 cui
2098 1642 2257 1672 libentius

1249 1690 1455 1729 obsequitur,
1473 1693 1555 1722 satis
1571 1693 1689 1731 prodit.
1707 1694 1788 1730 Quis
1805 1694 1908 1732 igitur
1924 1694 1990 1725 hiis
2007 1704 2072 1725 non
2088 1695 2257 1734 obstupes-

1283 1816 1303 1840 1,
1323 1816 1358 1840 M.
1380 1817 1410 1841 P.
1429 1820 1455 1840 et
1471 1825 1532 1840 cum
1550 1818 1664 1848 praedas
1680 1819 1860 1842 abstulissent
1876 1819 1908 1842 ad
1924 1820 2070 1843 valentiam
2087 1827 2135 1843 sex
2153 1821 2257 1844 milium

1250 1868 1414 1890 marcarum,
1431 1862 1549 1885 Thomas
1565 1869 1656 1886 comes
1676 1864 1842 1886 Atterarum.

1280 1906 1303 1929 ¹2.
1323 1905 1356 1929 M.
1374 1906 1403 1929 P.
1418 1908 1495 1936 juxta
1509 1907 1615 1930 ordinis
1629 1908 1672 1930 sui
1689 1908 1815 1931 instituta
1834 1914 1943 1930 inanum
1960 1910 2100 1930 armatam.

1281 1950 1302 1973 3.
1322 1950 1357 1974 M.
1372 1950 1401 1974 P.
1420 1952 1478 1980 ejus
1494 1950 1571 1981 [non]
1588 1951 1716 1974 intendit.

1281 1995 1303 2019 4.
1319 1995 1354 2018 M.
1372 1995 1400 2018 P.
1418 1995 1546 2025 praedam
1561 1996 1686 2018 auferant
1702 1996 1850 2026 aliquando
1867 1996 2038 2020 Sarracenis.
2057 2009 2086 2013 —
2104 1996 2204 2020 Rom-:n
2222 2002 2257 2019 DE

1250 2039 1434 2068 annovzn,
1452 2042 1547 2063 Flores
1567 2042 1774 2069 Historiarum,
1799 2042 1877 2069 ibid„
1897 2041 1988 2064 donne
2005 2048 2011 2064 2
2038 2050 2049 2061 α
2068 2041 2195 2070 praedam
2212 2041 2259 2064 ali-

1250 2083 1361 2112 quando
1377 2085 1502 2107 auferant
1524 2084 1669 2108 Saracenis
1686 2093 1712 2114 i»,
1734 2089 1809 2108 texte
1826 2085 1873 2115 qui
1890 2091 1919 2108 sc
1936 2086 2088 2115 rapproclie
2104 2085 2258 2115 davantage

1251 2129 1288 2151 du
1305 2129 1394 2152 notre.

1282 2174 1303 2197 5.
1324 2173 1422 2197 Rosea
1441 2179 1475 2196 ns
1493 2171 1663 2196 Wexooven
1681 2176 1707 2196 et
1723 2173 1761 2196 les
1782 2173 1949 2196 manuscrits
1968 2172 2000 2196 O.
2023 2176 2047 2195 et
2066 2171 2108 2196 W.
2130 2172 2164 2196 de
2184 2172 2259 2196 Mn-

1249 2223 1335 2242 ΤΒιευ
1353 2224 1386 2242 οε
1405 2217 1489 2241 Panis
1507 2218 1629 2240 donnent
1647 2219 1853 2240 insolentiores.
1872 2218 2012 2241 l'lusieurs
2030 2212 2209 2247 impressions
2226 2217 2260 2239 de

1251 2266 1322 2285 cette
1334 2261 1411 2292 piece
1428 2265 1537 2291 portent
1552 2263 1732 2285 violentiores
1748 2261 1858 2290 (Maxsn
1874 2261 1966 2284 Lamia
1980 2264 2005 2284 ct
2023 2262 2159 2288 CossAnT.
2177 2261 2260 2284 Heu.-

1251 2305 1527 2334 Lanu-Baeaorffis),
1542 2312 1594 2335 que
1607 2305 1640 2329 M.
1658 2305 1748 2329 Luard
1767 2312 1900 2328 conserve
1917 2306 1985 2328 dans
2004 2305 2028 2328 le
2050 2308 2123 2328 texte
2141 2305 2174 2327 de
2189 2304 2260 2328 Mat-

1252 2351 1327 2374 thieu
1345 2350 1379 2373 de
1396 2350 1484 2372 Paris.

1283 2396 1306 2419 6.
1325 2395 1360 2418 M.
1376 2395 1404 2418 P.
1421 2398 1448 2418 ct
1464 2395 1550 2417 nostri
1562 2394 1728 2424 proditionis
1745 2393 1919 2424 [periculum]
1938 2393 2128 2416 formidantes.
2141 2405 2172 2408 —
2184 2391 2259 2415 Dans

1253 2441 1291 2463 les
1300 2441 1394 2462 Flores
1406 2440 1591 2462 historiarum
1604 2438 1637 2460 de
1649 2437 1749 2461 ROGER
1761 2444 1795 2461 nr.
1807 2437 1988 2463 XVENDOYER,
2005 2437 2110 2460 edition
2127 2435 2258 2466 precitee.

1252 2489 1270 2508 t.
1288 2484 1321 2511 11.
1339 2491 1364 2514 p.
1379 2483 1433 2511 345,
1450 2490 1485 2506 on
1505 2483 1533 2506 lit
1551 2483 1614 2506 bien
1630 2489 1635 2505 :
1653 2490 1665 2503 «
1677 2486 1703 2505 et
1719 2482 1807 2505 nostri
1822 2481 1987 2512 proditionis
2003 2480 2155 2511 periculum
2168 2480 2260 2503 sormi-

1253 2529 1358 2552 dantes.
1378 2536 1390 2550 u

1282 2573 1305 2596 7.
1323 2571 1356 2595 M.
1375 2571 1404 2594 P.
1424 2577 1471 2600 per
1489 2570 1588 2599 ipsum,
1605 2569 1760 2599 praedictas
1776 2568 1882 2592 domos.

1283 2616 1306 2639 8.
1326 2615 1360 2638 M.
1379 2615 1406 2638 P.
1425 2615 1507 2644 ipsas.
1591 2610 1596 2613 “

1284 2660 1307 2684 9.
1325 2659 1361 2684 Μ,
1378 2659 1407 2682 P.
1424 2658 1570 2681 habebant.

1287 2704 1322 2728 10.
1341 2703 1376 2726 Μ.
1390 2703 1418 2726 P.
1435 2702 1461 2725 vi
1475 2701 1598 2724 arctiori.

1286 2748 1323 2771 ll.
1342 2747 1376 2770 M.
1395 2747 1424 2769 P.
1440 2752 1550 2775 easque.

1286 2792 1323 2815 12.
1339 2792 1374 2815 M.
1393 2791 1421 2814 P.
1438 2794 1463 2813 et
1479 2789 1625 2820 imperiali.

1287 2836 1323 2860 13.
1342 2835 1376 2859 M.
1395 2835 1424 2858 P.
1439 2834 1555 2858 Centum
1569 2833 1687 2856 sclavos.

1287 2880 1323 2904 14.
1341 2879 1377 2903 M.
1404 2879 1432 2902 P.
1454 2877 1719 2908 recompensatione.
1736 2890 1766 2893 —
1789 2876 1888 2900 Rosea
1909 2881 1943 2899 ns
1961 2874 2132 2898 &Vexnovx-:R
2154 2873 2256 2902 donne,

1254 2930 1359 2948 comme
1375 2924 1399 2946 le
1416 2922 1542 2952 Registre
1557 2921 1591 2944 de
1608 2921 1729 2944 Perouse
1746 2927 1752 2943 z
1769 2928 1780 2942 <i
1795 2918 2030 2950 compensatione.
2047 2925 2060 2939 υ

1288 2970 1324 2993 15.
1341 2968 1419 2992 Cette
1435 2966 1522 2997 partie
1539 2965 1575 2988 du
1591 2968 1676 2993 texte,
1694 2964 1792 2995 depuis
1809 2971 1815 2987 :
1833 2972 1846 2986 «
1863 2964 1964 2988 Christi
1982 2967 2078 2986 servos
2094 2969 2116 2989 n,
2130 2960 2239 2990 jusqu’a
2253 2967 2260 2984 z
