2553 3526
133 292 172 322 89
980 287 1215 323 TREtzOEME
1237 287 1396 324 ANNEE.

135 358 186 387 fra
201 357 288 388 idem
305 363 433 396 tempus
449 358 605 393 obtinuit,
623 364 752 388 constat
773 368 846 389 eum
865 359 993 389 nullum
1016 369 1052 389 ex
1081 359 1141 389 hoc

134 411 316 450 perjurium
333 411 526 446 incurrisse,
546 419 611 440 non
625 411 776 441 obstante
794 412 879 450 quod
897 421 915 441 a
928 417 1019 450 parte
1038 412 1141 442 altera

132 463 305 493 dicebatur
335 464 512 493 canonicos
539 467 684 502 tempore
707 464 841 494 licentie
872 465 945 494 date
970 470 1140 503 presentes

131 517 173 546 ad
195 517 383 546 faciendum
408 516 589 555 capitulum
615 517 752 546 minime
775 517 959 553 suffecisse,
984 526 1058 546 cum
1085 527 1140 555 per

133 569 317 600 residentes
334 570 366 598 in
383 569 522 599 ecclesia
538 569 745 603 Belvacensi,
765 574 921 608 tanquam
942 579 998 607 per
1014 570 1139 608 capitu-

131 622 212 659 lum,
233 623 271 653 de
293 623 399 662 ipsius
417 623 570 661 negotiis,
591 623 734 661 exceptis
752 623 1024 658 alienationibus,
1054 623 1140 653 elee-

132 676 279 706 tionibus
303 676 445 715 aliisque
463 676 587 712 arduis,
615 676 825 706 consueverit
846 676 1010 712 ordinari;
1040 681 1082 712 et,
1111 677 1139 707 si

130 729 270 759 dubium
288 734 357 759 erat
373 729 448 759 illos
465 729 668 759 sufficientes
685 729 725 759 ad
746 729 935 759 faciendum
957 729 1138 768 capitulum

131 782 290 818 extitisse,
314 787 405 821 parte
428 782 566 812 adversa
589 783 792 812 contrarium
815 787 996 817 asserente,
1014 792 1139 822 nequa-

132 844 230 874 quam
256 835 290 864 in
314 835 375 865 hoc
395 835 496 865 dubio
523 835 704 874 perjurium
737 835 948 873 probabatur.
977 836 1045 865 Nec.
1076 835 1139 864 suit

132 888 337 927 negligentia
360 888 435 918 talis
457 888 595 922 offensa,
619 893 751 926 propter
772 898 871 927 quam
892 888 997 927 ipsius
1021 889 1137 918 decani

131 941 265 972 deberet
279 942 441 980 promotio
457 941 628 980 impediri;
647 942 703 971 sed
716 942 825 980 potius
841 942 1013 980 probatum
1031 942 1138 972 extitit

131 1004 206 1026 eum
220 995 324 1025 fuisse
340 995 375 1024 in
392 995 572 1025 decanatus
589 995 695 1024 officio
711 994 916 1032 diligentem.
938 996 1006 1025 Nec
1026 1000 1138 1025 osten-

128 1056 203 1078 sum
220 1047 283 1077 suit
300 1048 410 1086 ipsum
428 1047 462 1077 in
487 1047 628 1078 ecclesia
648 1047 855 1082 Belvacensi,
877 1057 933 1086 per
956 1047 1137 1077 Belvacen-

127 1110 198 1131 sem
227 1101 416 1139 episcopum
445 1101 638 1138 interdie-ta,
671 1101 802 1139 publice
835 1110 871 1131 ac.
909 1101 1137 1138 sollempniter

126 1153 330 1189 celebrasse;
361 1154 433 1190 sed,
463 1154 596 1183 civitate
628 1158 659 1184 et
686 1153 809 1183 diocesi
837 1153 1134 1193 Belvacen[sibus],

125 1207 271 1246 exceptis
289 1207 405 1246 Majori
427 1212 458 1237 et
479 1207 591 1237 Sancti
615 1207 745 1237 Nicolai
772 1206 934 1240 ecclesiis,
955 1207 1136 1245 suppositis

126 1261 313 1296 interdicto,
337 1261 499 1291 decanum
519 1265 550 1290 et
577 1260 760 1298 capitulum
784 1260 980 1290 auctoritate
1004 1260 1136 1298 propria

124 1323 249 1352 organa
272 1313 499 1352 suspendisse,
526 1322 590 1352 que
617 1312 826 1351 postmodum
857 1313 970 1343 eadem
997 1313 1136 1342 auctori-

127 1370 192 1396 tate
223 1375 390 1397 resumere
421 1370 616 1404 potuerunt;
649 1370 680 1395 et
708 1375 782 1395 cum
809 1366 1001 1404 jurisdictio
1035 1375 1136 1404 penes

124 1419 321 1458 capitulum,
358 1418 483 1457 prelato
513 1419 686 1453 defuncto,
726 1419 884 1454 resideat,
920 1419 1134 1448 interdictum

126 1472 230 1502 latum
261 1472 359 1502 etiam
392 1481 448 1510 per
478 1472 667 1510 episcopum
699 1472 897 1510 potuissent,
929 1481 966 1501 eo
994 1477 1134 1506 mortuo,

127 1525 287 1556 relaxare.
313 1525 406 1562 Quod
429 1530 539 1555 autem
565 1525 709 1554 decanus
739 1524 912 1554 ecclesiam
939 1525 972 1553 in
998 1525 1134 1562 Anglia,

127 1587 240 1608 curam
265 1578 450 1608 animarum
477 1578 665 1612 habentem,
694 1577 866 1607 electionis
892 1583 1048 1616 tempore,
1078 1578 1137 1607 ha-

129 1632 267 1666 buisset,
293 1631 465 1670 probatum
484 1640 548 1661 non
567 1631 686 1666 extitit,
710 1630 787 1660 licet
812 1640 887 1669 pars
905 1631 1041 1661 adversa
1063 1640 1136 1670 pro-

127 1685 275 1724 posuerit
312 1693 376 1714 non
411 1684 544 1714 stetisse
573 1693 629 1722 per
662 1693 748 1719 eam,
789 1693 862 1713 cum
893 1684 1136 1714 examinatores

128 1737 262 1768 testium
284 1747 383 1775 super
406 1737 467 1767 hoc
486 1738 521 1766 in
538 1737 659 1774 Anglia
680 1737 862 1775 petivisset,
886 1737 1058 1776 etjudices
1080 1738 1136 1767 de-

125 1791 269 1821 liberare
288 1790 446 1824 volentes,
466 1799 522 1828 per
538 1790 682 1828 spatium
707 1790 847 1819 duorum
869 1790 1034 1819 mensium
1062 1799 1136 1820 con-

126 1843 203 1874 silio
220 1843 386 1873 malitiose
403 1847 578 1881 protracto,
596 1843 726 1872 tandem
745 1843 935 1872 interlocuti
952 1844 1075 1873 fuerint
1088 1853 1134 1878 se,

126 1901 259 1936 propter
275 1897 432 1934 temporis
451 1896 647 1926 brevitatem
666 1896 815 1925 concessi
834 1905 851 1925 a
866 1896 961 1926 nobis
979 1897 1018 1925 ad
1037 1906 1136 1934 nego-

127 1951 209 1981 tium
231 1950 466 1981 remittendum
489 1950 702 1984 instructum,
728 1949 767 1978 ad
787 1954 886 1979 testes
909 1950 1136 1988 recipiendum

126 2004 160 2033 in
181 2003 312 2042 Anglia,
328 2003 394 2032 nisi
411 2003 449 2032 de
466 2011 630 2032 consensu
648 2002 803 2040 partium,
827 2011 890 2031 non
910 2003 1082 2036 missuros,
1103 2003 1135 2032 in

125 2065 191 2095 quo
210 2051 388 2086 noluerunt
411 2055 556 2085 decanus
574 2059 604 2084 et
628 2060 822 2093 procurator
845 2054 1040 2092 eligentium
1059 2064 1137 2085 con-

125 2109 268 2144 sentire3
289 2118 308 2138 a
324 2117 389 2147 qua
406 2107 658 2138 interlocutoria
675 2116 709 2136 se
723 2108 867 2137 asseruit
881 2108 1136 2138 archidiaconus

126 2162 323 2202 appellasse,
357 2170 543 2200 proponens
575 2161 815 2190 nichilominus
844 2170 915 2190 eam
949 2161 1020 2199 ipso
1049 2161 1134 2200 jure,

127 2220 259 2255 propter
282 2214 567 2254 pronuntiationis
586 2214 717 2249 vitium,
738 2223 810 2244 esse
837 2214 974 2249 nullam,
995 2224 1068 2243 cum
1082 2215 1136 2253 ju-

127 2268 251 2298 dicium
282 2277 379 2298 suum
399 2267 529 2307 judices
558 2268 591 2297 in
620 2268 724 2306 partis
753 2268 892 2297 arbitrio
928 2268 1134 2306 posuissent3

127 2322 276 2352 adiciens
296 2321 396 2352 etiam
413 2321 501 2360 quod
519 2325 588 2351 erat
608 2321 637 2350 ei
657 2325 687 2350 et
713 2320 945 2359 appellationis
964 2321 1136 2360 interJecte

128 2374 274 2405 remedio
297 2379 411 2404 contra
433 2374 571 2404 eandem
595 2373 893 2409 interlocutoriam,
924 2383 986 2413 que
1020 2374 1137 2413 iniqua

128 2428 248 2462 fuerat,
289 2431 320 2457 et
361 2426 615 2465 supplicationis
662 2426 823 2456 beneficio
862 2427 1134 2462 succurrendum,

126 2480 216 2520 quia,
235 2489 309 2510 cum
327 2480 433 2518 primo
455 2479 575 2509 fuisset
589 2479 760 2518 judicibus
788 2484 822 2508 ut
844 2489 978 2509 causam
996 2480 1136 2510 instruc-

128 2538 195 2564 tam
218 2533 436 2569 remitterent,
462 2532 534 2563 sine
561 2533 717 2570 temporis
740 2533 906 2563 taxatione
930 2534 1134 2569 mandatum,

127 2586 294 2616 restrictio
328 2586 484 2624 temporis
521 2590 720 2624 postsecuta,
756 2594 819 2624 que
857 2595 990 2615 causam
1032 2587 1137 2616 inter-

127 2639 287 2669 locutorie
303 2639 435 2669 dedisse
460 2638 602 2673 videtur,
633 2647 697 2667 non
720 2637 878 2667 debuerat
902 2639 966 2668 sibi
990 2640 1137 2678 preJ’udi-

126 2692 216 2722 cium
245 2691 408 2722 attulisse.
441 2691 515 2726 Sed,
552 2700 626 2721 cum
657 2691 791 2720 testium
830 2691 1071 2722 examinatores
1103 2694 1135 2722 in

128 2744 250 2783 Anglia
280 2745 448 2774 contraria
477 2748 569 2782 parte
600 2747 742 2782 petente,
776 2753 834 2773 sue
865 2745 1018 2782 petitioni
1052 2746 1137 2784 apud

123 2798 254 2838 judices
270 2798 409 2828 minime
426 2798 617 2831 institisset,
643 2797 671 2826 si
687 2801 799 2835 postea
825 2797 974 2827 obtinere
992 2807 1057 2828 non
1080 2809 1137 2837 po-

129 2852 203 2887 tuit,
227 2856 359 2890 propter
381 2851 507 2881 residui
532 2850 689 2888 temporis
708 2849 915 2885 brevitatem,
946 2856 1001 2881 aut
1021 2851 1048 2880 si
1065 2861 1136 2881 eam

125 2904 267 2944 judices,
288 2905 464 2934 consilium
491 2903 723 2942 protrahendo,
749 2908 953 2940 gravassent,
979 2913 1050 2933 cum
1072 2914 1136 2933 non

129 2957 354 2995 appellaverit,
380 2961 430 2987 est
451 2956 537 2995 quod
565 2956 629 2985 sibi
651 2956 767 2986 debeat
788 2956 962 2994 imputari:
991 2966 1049 2986 nec
1081 2967 1138 2995 per

2194 300 2237 329 91)

1224 359 1345 388 dictam
1370 360 1653 391 interlocutoriam
1683 363 1746 391 fuit
1776 372 1952 398 gravamen
1985 364 2124 399 illatum,
2156 375 2228 394 cum

1224 422 1310 442 unus
1329 413 1554 451 delegatorum
1574 419 1604 443 et
1621 414 1684 443 duo
1704 414 1909 452 subdelegati
1932 416 1964 444 in
1990 421 2080 453 parte
2100 417 2156 454 qui
2184 422 2229 446 tu-

1224 464 1344 497 lerunt,
1364 466 1500 495 eandem
1521 467 1799 496 examinationem
1816 468 2022 497 committere
2041 469 2172 497 testium
2191 469 2228 498 de

1219 517 1293 556 jure
1309 518 1445 548 minime
1463 519 1659 557 potuissent,
1685 529 1723 549 eo
1739 520 1825 558 quod
1852 529 1915 549 non
1938 520 2002 549 nisi
2022 521 2190 558 delegatus
2213 532 2231 550 a

1224 571 1370 609 principe
1393 572 1538 611 judicem
1564 573 1640 603 dare
1665 578 1781 611 potest,
1801 578 1831 602 et
1861 574 1887 603 si
1906 574 1991 612 quod
2015 574 2144 609 fuisset,
2165 584 2228 604 non

1223 624 1262 652 ad
1284 633 1342 653 nos
1369 625 1426 654 sed
1449 625 1487 654 ad
1515 625 1681 663 delegatos
1708 627 1815 655 suerat
1842 626 2085 664 appellandum,
2113 635 2230 665 quam-

1223 686 1320 715 quam
1339 677 1421 707 alias
1444 678 1633 717 hujusmodi
1652 678 1872 717 appellatione
1888 679 1998 718 juvari
2024 688 2086 709 non
2107 684 2225 717 posset,

1222 739 1285 768 que
1305 740 1319 759 a
1341 730 1409 760 solo
1432 731 1581 769 delegato
1604 732 1711 761 extitit
1731 732 1915 771 interjecta,
1944 742 2051 761 cuma
2080 732 2228 762 subdele-

1222 784 1306 820 gatis
1325 793 1388 813 non
1408 785 1471 814 nisi
1491 790 1562 823 post
1579 785 1665 815 diem
1684 786 2005 823 quartumdecimum
2024 796 2041 814 a
2057 786 2109 815 die
2128 787 2227 816 inter-

1221 835 1380 866 locutorie
1413 837 1621 875 appellasset,
1651 838 1727 867 licet
1763 838 1848 867 infra
1883 843 2010 876 ternpus
2041 838 2226 876 legitimum

1220 889 1347 927 copiam
1359 889 1532 920 habuisset
1547 891 1703 928 ipsorum,
1722 896 1752 921 et
1764 891 1924 929 potuisset
1940 891 1979 920 ad
1996 891 2225 928 subdelegatos

1220 941 1303 971 alios
1324 942 1409 971 infra
1430 943 1515 972 idem
1535 948 1663 981 tempus
1689 952 1787 981 super
1804 944 1874 981 ipso
1897 944 2086 979 gravamine
2104 944 2225 973 habere

1220 1004 1403 1029 recursum,
1424 1005 1524 1034 aquo
1548 1001 1655 1026 tamen
1675 1006 1784 1025 coram
1809 997 1933 1026 eisdem
1958 997 2127 1035 judicibus
2154 1001 2225 1034 post

1220 1048 1415 1085 premissam
1430 1048 1716 1078 interlomitoriam
1733 1053 1832 1079 testes
1849 1049 2056 1086 producendo
2071 1050 2223 1080 recessit:

1220 1110 1283 1138 que
1302 1110 1360 1130 nec
1376 1105 1445 1130 erat
1465 1101 1536 1139 ipso
1550 1102 1624 1140 jure
1650 1101 1740 1131 nulla
1760 1102 1910 1133 dicenda,
1935 1111 2007 1131 cum
2026 1111 2089 1131 non
2118 1103 2151 1131 in
2170 1112 2226 1132 vo-

1220 1152 1346 1183 luntate
1364 1154 1466 1191 partis
1480 1154 1610 1192 judices
1628 1164 1725 1183 suum
1743 1154 1958 1193 reliquissent
1977 1154 2151 1192 judicium,
2170 1155 2227 1184 sed

1220 1206 1406 1245 quodjuris
1419 1211 1500 1241 erat,
1516 1207 1623 1245 potius
1638 1207 1890 1244 expressissent,
1909 1207 2049 1236 maxime
2065 1216 2136 1236 cum
2155 1216 2226 1237 eam

1220 1267 1295 1295 pars
1308 1258 1411 1288 altera
1426 1259 1624 1289 reddidisset
1637 1259 1782 1298 aliquam
1796 1259 2019 1297 appellandol.
2035 1260 2076 1289 De
2089 1259 2227 1289 homici-

1219 1312 1272 1341 dio
1290 1317 1400 1341 autem
1420 1312 1524 1341 nichil
1541 1313 1660 1347 extitit,
1677 1318 1732 1341 aut
1749 1313 1938 1345 ambitione,
1959 1313 2142 1350 probatum.
2162 1313 2228 1342 Lit-

1220 1370 1288 1394 tere
1303 1374 1433 1404 quoque
1444 1365 1645 1395 venerabilis
1660 1366 1773 1394 fratris
1787 1365 1924 1394 nostri..
1942 1365 2180 1403 archicpiscopi
2198 1370 2228 1395 et

1219 1418 1413 1448 dilectorum
1432 1418 1575 1448 filiorum
1596 1442 1615 1447 ..
1633 1419 1748 1449 decani
1766 1423 1796 1448 et
1816 1418 1952 1457 capituli
1970 1419 2227 1448 Eboracensiuni

1220 1472 1474 1501 inducebantur.
1489 1472 1575 1511 quod
1593 1472 1779 1510 sepedictus
1796 1472 1940 1501 decanus
1955 1472 2114 1510 prefatam
2128 1471 2226 1501 eccle-

1220 1525 1314 1560 siam,
1350 1534 1413 1564 que
1445 1525 1592 1563 subJ'ecta
1624 1530 1673 1555 est
1707 1525 1767 1559 eis,
1799 1530 1874 1554 ante
1907 1534 2000 1554 suam
2031 1525 2225 1554 electionem

1220 1578 1326 1616 spatio
1347 1587 1401 1607 sex
1423 1578 1587 1608 mensium
1605 1578 1800 1608 dimisisset.
1823 1579 1891 1608 Nos
1913 1579 2026 1615 igitur,
2046 1578 2123 1607 hinc
2149 1578 2224 1607 inde

1220 1632 1396 1669 propositis
1415 1631 1593 1669 diligenter
1609 1632 1780 1669 inspectis,
1800 1631 1994 1661 electionem
2020 1631 2168 1664 eandem,
2185 1631 2223 1660 de

1220 1684 1359 1713 fratrum
1385 1688 1571 1713 nostrorum
1594 1683 1748 1719 consilio,
1776 1684 1929 1713 duximus
1953 1684 2224 1713 confirmandam.

1219 1737 1380 1773 Quocirca
1400 1737 1608 1766 universitati
1632 1742 1738 1767 vestre
1756 1746 1813 1774 per
1834 1736 2014 1774 apostolica.
2036 1736 2155 1774 scripta
2178 1736 2227 1765 di-

1220 1790 1333 1819 stricte
1346 1790 1557 1828 precipiendo
1572 1791 1766 1819 mandamus
1785 1795 1962 1828 quatenus,
1979 1795 2134 1828 tanquam
2153 1799 2227 1827 pas-

1221 1849 1323 1873 torem
1350 1843 1536 1872 animarum
1563 1848 1747 1873 vestrarum
1780 1843 1894 1872 devote
1923 1843 2120 1880 recipientes
2146 1851 2228 1872 eun-

1220 1897 1304 1930 dem,
1330 1896 1400 1934 ejus
1424 1896 1560 1925 monitis
1587 1901 1617 1926 et
1645 1896 1810 1925 mandatis
1839 1896 2029 1925 salubribus
2056 1895 2228 1925 humiliter

1220 1949 1401 1978 intendatis
1417 1959 1422 1983 ;
1441 1949 1588 1987 alioquin
1608 1949 1806 1978 sententiam
1823 1958 1919 1987 quam
1939 1948 2023 1977 idem
2038 1948 2099 1977 rite
2118 1948 2228 1977 tulerit

1220 2002 1253 2031 in
1277 2002 1427 2036 rebelles,
1453 2007 1557 2031 ratam
1581 2002 1778 2031 habebimus
1796 2006 1826 2031 et
1844 2002 2016 2035 faciemus,
2040 2006 2147 2030 actore
2163 2002 2227 2030 Do-

1221 2055 1320 2085 mino.
1345 2063 1450 2093 usque
1467 2055 1505 2083 ad
1523 2055 1786 2084 satisfactionem
1808 2054 2004 2091 condignam
2024 2053 2228 2082 inviolabili-

1222 2112 1270 2137 ter
1286 2107 1467 2137 observari.
1486 2109 1556 2137 Dat.
1573 2108 1735 2145 Anagnie,
1752 2108 1828 2137 XVI
1843 2107 2001 2137 kalendas
2019 2106 2225 2145 septembris,

1221 2169 1307 2190 anno
1325 2160 1560 2190 tertiodecimo.
1590 2174 1602 2186 ι)

1289 2327 1406 2354 4912

1255 2390 1351 2417 Priori
1369 2390 1546 2424 provinciali
1566 2390 1678 2416 ordinis
1698 2390 1938 2416 praedicatorum
1960 2388 2125 2415 Lundensis
2143 2388 2225 2414 dioe-

1799 2327 1927 2360 Anagni,
1944 2327 1977 2353 24
1991 2328 2058 2352 aout
2075 2326 2152 2352 1239.

1219 2439 1293 2465 cesis
1314 2438 1449 2465 concedit
1467 2441 1497 2465 ut
1513 2447 1529 2465 a
1546 2442 1627 2464 reatu
1650 2438 1794 2464 simoniae
1815 2438 1972 2463 nonnullos
1991 2437 2120 2470 ejusdem
2143 2436 2225 2462 dioe-

1219 2488 1292 2514 cesis
1309 2488 1429 2514 elerieos
1446 2487 1589 2514 absolvat.
1605 2502 1636 2504 —
1651 2487 1737 2517 (tim
1754 2486 1796 2517 19,
1815 2484 2126 2520 f.126[120]v⁰;a11n.
2142 2485 2223 2517 XIII,

1219 2545 1243 2562 e.
1259 2535 1328 2567 105,
1345 2551 1375 2554 -
1392 2536 1547 2562 Porrimsr
1564 2535 1672 2565 10782.)

1262 2648 1274 2662 «
1300 2659 1318 2664 ..
1345 2637 1446 2673 priori
1468 2637 1658 2673 provinciali
1686 2636 1806 2663 ordinis
1831 2636 1966 2671 fratrum
1996 2635 2226 2662 Pmlicalorum

1219 2690 1387 2718 Lundensis
1408 2690 1542 2717 diocesis.
1574 2688 1667 2723 Cum,
1696 2688 1781 2717 sicut
1802 2687 2002 2717 venerabilis
2028 2687 2130 2715 frater
2153 2695 2228 2715 nos-

1221 2747 1269 2771 ter
1299 2765 1317 2770 ..
1349 2741 1536 2771 Lundensis
1565 2741 1835 2779 archiepiscopus
1867 2740 1961 2769 nobis
1989 2740 2143 2769 intimare
2171 2748 2228 2768 cu-

1220 2795 1315 2828 ravit,
1338 2794 1415 2823 laici
1435 2794 1622 2823 Lundensis
1646 2794 1799 2828 diocesis,
1827 2792 2060 2823 accedentibus
2077 2791 2229 2821 volunta-

1221 2847 1309 2876 tibus
1329 2846 1540 2885 prelatorum,
1562 2846 1726 2875 ministris
1747 2845 1974 2884 episcoporum
1997 2845 2029 2873 in
2050 2844 2231 2874 dedicatio-

1253 2966 1274 2989 1.
1292 2966 1327 2989 Lo
1344 2969 1418 2989 texte
1434 2965 1467 2988 de
1484 2972 1514 2988 ce
1530 2972 1644 2995 passage
1661 2968 1701 2988 est
1718 2964 1849 2988 douteux.
