2553 3526
304 316 364 344 ‘219
1038 309 1276 341 REGISTRES
1298 307 1353 337 DE
1376 300 1598 338 GREGomE
1622 309 1680 339 lx.
2352 313 2410 341 φεμ,

307 391 364 419 per
388 390 447 410 nos
470 380 573 410 nobili
595 380 664 409 viro
685 403 704 408 ..
722 379 834 409 comiti
852 378 1040 408 Brittannic
1063 376 1114 406 vel
1133 375 1234 406 alicui
1258 373 1314 403 alii

307 443 462 464 concesse
480 442 544 462 non
562 437 683 463 essent.
701 432 813 469 colligi
837 436 867 461 et
890 431 951 461 sub
974 439 1087 460 eorum
1104 428 1237 466 sigillis,
1257 436 1315 456 no-

306 487 396 517 mine
414 486 519 524 ipsius
537 484 738 525 G[uidonis],
760 484 793 513 in
809 492 926 513 securo
943 483 1014 512 loco
1031 481 1223 512 conservari
1239 480 1316 509 fide-

306 539 383 569 liter
400 539 570 573 facientes,
590 537 666 571 sibi,
685 546 758 566 cum
776 536 816 566 ad
836 535 1078 565 transmarinas
1095 538 1216 573 partes,
1234 533 1315 562 duce

306 592 449 625 Christo,
465 590 652 629 perveniret
662 598 736 619 eum
748 588 937 618 honorabili
951 597 1089 617 numero
1105 586 1314 619 bellatorum,

302 649 460 674 «curarent
476 644 548 673 sine
563 642 785 672 diminutione
802 641 915 680 aliqua
927 640 1116 678 assignare3
1135 637 1316 668 contradic-

305 701 393 727 tores
424 701 484 726 etc.
517 695 590 730 sed,
623 694 700 724 licet
732 694 771 724 de
800 692 1086 731 redemptionibus
1116 690 1316 730 supradictis

307 750 534 788 septingentas
553 753 584 778 et
600 747 822 787 quadraginta
844 755 984 781 marcas,
1011 750 1046 775 ut
1067 744 1198 779 asserit,
1217 743 1316 773 colle-

306 803 425 840 gerint.
444 801 519 830 illas
537 805 645 830 tamen
671 809 772 838 penes
791 808 825 829 se
847 799 1046 833 detinentes,
1065 797 1193 836 prefato
1211 796 1316 826 nobili

306 855 488 892 assignare,
509 863 583 883 cum
595 853 658 883 iter
670 856 867 891 proponeret
880 850 1142 881 transmarinum
1155 849 1314 887 arripere,

306 908 523 945 denegarunt,
542 915 733 945 quanquam
750 906 789 935 ab
806 906 878 944 ipso
895 913 994 943 super
1011 904 1071 933 hoc
1088 903 1232 933 fuissent
1248 901 1316 940 plu-

306 961 371 991 ries
403 960 568 999 requisiti.
602 960 710 996 Quare
743 959 831 989 idem
862 957 985 987 nobilis
1017 956 1112 986 nobis
1144 954 1317 985 humiliter

305 1013 505 1053 supplicavit
520 1017 568 1049 ut,
586 1022 671 1048 cum,
686 1012 724 1042 de
740 1011 932 1051 hujusmodi
950 1010 1056 1048 gratia
1068 1010 1131 1039 sibi
1145 1009 1230 1039 sacta
1243 1017 1317 1038 con-

305 1068 422 1102 fidens,
441 1071 509 1097 tota
529 1071 616 1096 terra
633 1075 693 1096 sua
710 1074 770 1095 nec
787 1074 852 1095 non
869 1064 937 1094 filio
954 1064 1025 1103 ejus
1042 1062 1173 1101 pignori
1189 1061 1316 1099 obliga-

304 1121 357 1155 tis,
378 1129 412 1150 se
433 1120 472 1149 ad
490 1123 600 1158 partes
618 1118 827 1148 transtulerit
848 1116 1103 1148 transmarinas,
1122 1124 1181 1145 nec
1198 1115 1239 1145 ad
1253 1115 1317 1144 mi-

305 1173 479 1203 nistranda
509 1172 573 1202 sibi
605 1176 636 1202 et
668 1176 801 1202 centum
831 1170 1020 1209 equitibus,
1052 1169 1140 1199 inter
1169 1168 1314 1203 milites,

305 1227 487 1264 armigeros
511 1230 542 1255 et
563 1224 755 1254 balistarios
772 1232 855 1262 quos
878 1231 992 1253 secum
1013 1222 1114 1257 duxit,
1136 1221 1313 1260 stipendia.

304 1284 371 1309 tota
400 1288 457 1317 per
487 1288 542 1308 eos
566 1277 703 1307 collecta
731 1277 872 1315 pecunia
898 1284 958 1305 nec
980 1274 1112 1313 proprie
1139 1278 1318 1312 suppetant

302 1332 490 1365 facultates,
513 1331 746 1360 mandaremus
765 1329 940 1368 pecuniam
959 1328 1065 1367 ipsam
1085 1327 1153 1357 filio
1169 1336 1240 1362 suo,
1266 1326 1317 1357 vel

304 1384 488 1422 Reginaldo
511 1384 549 1414 de
576 1385 694 1413 Perata
719 1386 750 1412 et
777 1384 815 1412 A.
842 1382 880 1412 de
902 1382 1019 1418 Bosco,
1045 1380 1316 1419 procuratoribus

304 1438 451 1477 ejusdem
471 1437 605 1473 nobilis,
625 1441 681 1467 aut
698 1445 812 1467 eorum
827 1435 934 1470 alteri,
953 1434 1131 1472 assignari.
1154 1434 1317 1471 Quocirca

303 1491 499 1521 mandamus
513 1494 689 1529 quatenus,
708 1489 737 1519 si
753 1493 802 1519 est
818 1489 875 1523 ita,
895 1487 1071 1527 pecuniam
1088 1487 1225 1517 eandem
1244 1486 1317 1516 sine

303 1544 525 1574 diminutione
555 1542 704 1582 qualibet
733 1542 831 1572 dictis
860 1541 928 1571 filio
957 1540 1009 1571 vel
1033 1540 1314 1579 procuratoribus,

304 1602 360 1628 aut
388 1597 485 1628 alteri
514 1600 765 1635 procuratorum
798 1596 963 1634 ipsorum,
1000 1594 1105 1624 facias
1137 1592 1316 1631 assignari.

304 1650 572 1682 Contradictores
584 1655 645 1680 etc.
664 1650 736 1679 Dat.
754 1648 920 1683 Laterani,
935 1648 1003 1678 IIII
1014 1646 1175 1677 kalendas
1187 1645 1316 1685 aprilis,

304 1712 391 1733 anno
409 1702 667 1741 quartodecimo.
689 1713 701 1728 n

374 1908 487 1936 5¹31
902 1907 1023 1939 Latran,
1040 1906 1056 1933 9
1072 1906 1149 1933 avril
1165 1905 1244 1933 1240.

338 1969 506 1997 Abbatibus
532 1970 635 1997 Sancti
661 1969 785 1996 Vedasti
811 1969 1034 1999 Atrebatensis,
1063 1968 1166 1995 Sancti
1192 1967 1316 1995 Auberti

304 2019 527 2047 Cameracensis
541 2021 569 2045 et
585 2018 687 2045 Sancti
706 2018 837 2046 Cornelii
855 2017 1102 2052 Compendiensis
1115 2017 1237 2043 mandat
1249 2025 1317 2050 qua-

303 2071 388 2095 tenus
407 2068 547 2102 quosdam
567 2067 739 2094 monasterii
762 2067 958 2097 Corbeiensis,
975 2066 1189 2093 Ambianensis
1202 2066 1317 2092 dioece-

302 2117 353 2150 sis,
369 2118 538 2149 monachos,
555 2117 586 2144 in
603 2117 730 2143 diversis
745 2115 912 2143 excessibus
923 2116 1106 2150 pestilente&
1120 2130 1151 2133 —
1164 2115 1199 2141 de
1211 2115 1317 2149 quibus

302 2167 339 2193 ab
355 2167 456 2193 eodem
474 2166 652 2193 monasterio
667 2166 842 2192 amovendis
858 2166 921 2199 ipse
941 2174 1016 2199 papa
1032 2165 1141 2191 eisdem
1160 2165 1317 2191 abbatibus

301 2216 361 2249 jam
387 2216 554 2249 scripserat,
572 2218 599 2242 et
616 2224 686 2249 quos
707 2215 797 2241 iidem
823 2214 943 2241 abbates
960 2214 1059 2240 minus
1080 2216 1164 2240 caute
1187 2214 1317 2240 fecerant

301 2264 415 2291 absolvi
433 2264 469 2290 ab
488 2263 808 2290 excommunicationis
829 2263 977 2289 sententia
998 2271 1083 2297 quam
1108 2263 1138 2288 in
1160 2271 1207 2289 eos
1227 2262 1316 2289 abbas

302 2313 490 2341 Corbeiensis
516 2313 636 2343 tulerat,
662 2314 691 2339 et
716 2312 752 2339 ad
778 2312 984 2338 testimonium
1013 2311 1208 2343 admiserant,
1234 2326 1266 2329 —
1291 2312 1315 2338 si

302 2362 377 2396 quod
402 2362 438 2388 de
463 2370 562 2388 eorum
588 2360 782 2395 perversitate
806 2360 1033 2395 proponebatur,
1061 2360 1228 2387 eonstiterit
1255 2368 1316 2387 esse

301 2419 416 2441 verum,
434 2411 469 2436 de
490 2411 622 2444 praefato
645 2410 833 2440 monasterio,
857 2409 941 2442 juxta
964 2409 1179 2436 continentiam
1199 2409 1315 2436 littera-

301 2469 364 2486 rum
382 2460 441 2493 jam
458 2460 493 2485 ad
509 2459 586 2493 ipsos
607 2458 728 2485 abbates
742 2458 935 2489 directarum,
948 2459 1127 2493 propellant,
1143 2466 1243 2484 eorum
1260 2460 1315 2484 tes-

301 2507 426 2534 timonio
450 2510 552 2533 contra
576 2507 650 2533 alios
676 2515 732 2533 non
759 2506 898 2533 admisso.
923 2521 955 2524 —
981 2507 1067 2536 (REG.
1098 2505 1142 2537 20,
1173 2507 1192 2532 f.
1223 2505 1239 2531 2
1266 2508 1314 2537 v⁰;

300 2565 370 2582 ann.
393 2556 475 2588 XIV,
493 2564 517 2582 c.
535 2555 568 2587 9;
587 2571 618 2573 —
633 2557 670 2582 ct'.
688 2563 785 2588 snpra,
804 2558 832 2581 n⁰
848 2555 941 2586 4492.)

342 2671 353 2683 ι(
375 2680 394 2686 ..
411 2658 517 2687 Sam—tt
542 2658 658 2686 Verlusti
681 2658 895 2691 Atrebatemis,
918 2679 937 2685 ..
959 2657 1067 2685 Sancti
1089 2657 1187 2685 oberti
1209 2657 1314 2686 Came-

302 2712 435 2739 racensis
451 2716 476 2738 el
496 2732 515 2738 ..
534 2711 638 2739 Sancti
656 2711 791 2739 Cornelii
810 2710 1056 2747 Cempemliensis
1072 2710 1237 2737 abbatibus.
1258 2709 1314 2738 In-

301 2763 430 2792 tellecto
456 2762 579 2791 dudum
611 2762 649 2791 dc
683 2762 883 2801 quibusdam
918 2762 1092 2791 monachis
1118 2761 1313 2791 monasterii

299 2816 530 2849 Corbeiensis,
560 2815 687 2845 ordinis
722 2815 828 2844 sancti
858 2815 1045 2849 Benedicti,
1076 2814 1314 2844 Ambianensis

299 2868 452 2902 diocesis,
480 2868 519 2897 ad
547 2868 731 2897 Romanam
758 2867 940 2897 Ecclesiam
964 2867 1054 2896 nullo
1081 2867 1190 2896 medio
1210 2866 1313 2904 perti-

299 2921 420 2955 nentis,
440 2920 526 2959 quod
543 2920 618 2958 ipsi,
648 2920 733 2949 bona
756 2920 904 2959 ejusdem
926 2919 1121 2949 monasterii
1144 2927 1231 2948 nunc
1255 2928 1312 2957 per

297 2973 489 3002 vi‹1›l·3›ntiam
518 2982 604 3002 nunc
631 2973 752 3002 furtive
778 2972 945 3010 surripere
971 2981 1007 3001 ac
1032 2971 1217 3001 distrahere
1236 2980 1311 3009 pre-

1400 380 1581 409 sumentes,
1613 375 1648 404 in
1676 375 1748 414 ipso
1775 376 1968 406 continuam
1999 377 2209 407 seminabant
2236 379 2409 408 materiam

1400 427 1642 462 scandalorum,
1664 432 1704 463 et,
1726 429 1909 467 superioris
1931 438 1996 459 non
2022 430 2124 468 petita
2143 430 2193 461 vel
2217 430 2351 461 obtenta
2369 431 2410 460 li-

1400 480 1519 515 centia,
1538 480 1721 510 claustrum
1743 481 1975 511 indifferenter
1992 482 2125 512 exibant
2142 486 2172 513 et
2188 492 2245 521 per
2261 483 2410 513 seculum

1401 533 1616 571 vagabantur,
1635 538 1762 564 ceteros
1783 534 1930 573 ejusdem
1948 535 2143 565 monasterii
2162 536 2341 566 monachos
2358 536 2411 565 in-

1400 586 1504 616 fames
1524 586 1661 617 reddere
1678 586 1861 616 moliendo:
1877 587 1970 617 vobis
1985 588 2108 618 nostris
2124 587 2246 618 litteris
2258 589 2410 619 dedimus

1401 639 1435 668 in
1454 639 1619 669 mandatis
1633 644 1679 673 ut,
1697 639 1918 678 personaliter
1931 640 2125 671 accedentes
2142 641 2182 670 ad
2198 641 2317 676 locum,
2336 641 2411 671 illos

1400 701 1437 722 ex
1454 692 1578 722 eisdem
1596 702 1678 731 quos
1690 693 1888 723 inveniretis
1905 693 1970 731 ipsi
1989 693 2192 724 monasterio
2203 694 2409 732 pestilentes.

1401 745 1441 774 ab
1465 754 1502 775 eo
1527 744 1770 783 imperpetuum
1798 754 1950 776 amovere
1976 755 2013 775 ac
2037 745 2073 775 in
2098 745 2174 775 aliis
2196 747 2411 776 monasteriis

1401 798 1479 827 dicti
1496 797 1657 828 collocare
1675 798 1803 828 ordinis
1827 799 1999 833 curaretis,
2023 799 2211 829 mandando
2228 808 2282 829 eos
2303 800 2412 830 taliter

1401 850 1553 884 detineri,
1569 850 1666 889 quod,
1681 850 1812 880 sublata
1827 851 1983 881 facultate
2000 851 2152 889 vagandi,
2170 852 2410 882 monasterium

1401 903 1511 941 ipsum
1530 908 1586 932 aut
1609 903 1680 942 ejus
1706 904 1936 942 possessiones
1961 904 2128 934 offendere
2152 914 2217 934 non
2244 904 2410 941 valerent3

1401 956 1660 987 contradictores
1687 957 1776 994 [etc.,
1803 966 1909 996 usque
1938 957 1958 997 ε]
1980 958 2232 996 compescendo3
2259 958 2412 988 invocato

1401 1009 1517 1039 adhoc
1536 1009 1623 1049 [etc.,
1647 1018 1754 1048 usque
1778 1009 1799 1049 ι]
1820 1009 1951 1040 brachii
1975 1010 2148 1040 secularis.
2173 1012 2240 1041 Vos
2264 1011 2410 1050 quidem,

1401 1062 1488 1092 sicut
1510 1062 1714 1101 accepimus,
1737 1062 1862 1092 dictum
1883 1063 2124 1093 monasterium
2148 1064 2320 1100 adeuntes,
2346 1065 2412 1095 eis·

1401 1116 1475 1146 dem
1494 1115 1667 1146 monachis
1684 1116 1725 1146 ad
1738 1120 1882 1146 vestram
1899 1117 2102 1155 presentiam
2116 1117 2271 1154 evocatis,
2290 1117 2413 1149 ,Iohan-

1403 1178 1477 1200 nem
1504 1169 1543 1200 de
1570 1169 1732 1208 Chessoy,
1759 1171 1894 1200 Petrum
1918 1170 2056 1206 Meuret,
2081 1170 2260 1201 Girardum
2287 1171 2412 1201 dictum

1402 1223 1646 1258 Infirmarium,
1678 1223 1858 1254 Robiotum
1885 1223 1924 1253 de
1953 1224 2044 1253 Bova
2068 1228 2100 1254 et
2131 1224 2345 1254 Gamelinum
2374 1224 2413 1255 de

1402 1276 1617 1311 Esclemuler,
1636 1276 1742 1315 ipsius
1764 1276 1960 1307 monasterii
1982 1277 2172 1313 monachos,
2201 1277 2235 1306 in
2255 1278 2413 1316 predictis

1401 1337 1437 1358 ac
1461 1328 1538 1358 aliis
1561 1329 1703 1359 diversis
1727 1329 1920 1359 excessibus
1943 1329 2147 1368 pestilentes,
2173 1335 2305 1369 propter
2330 1340 2412 1370 quos

1402 1381 1592 1419 specialiter
1608 1382 1647 1412 de
1663 1382 1735 1420 ipso
1752 1382 1954 1412 monasterio
1972 1382 2183 1421 expellendos
2204 1392 2222 1413 a
2237 1384 2333 1413 nobis
2348 1383 2413 1414 hu-

1397 1434 1545 1473 jusmodi
1578 1444 1751 1465 emanasse
1786 1435 1895 1465 littere
1930 1436 2134 1471 referuntur,
2168 1445 2225 1475 per
2254 1437 2412 1467 dilectum

1402 1487 1508 1517 filium
1525 1511 1544 1517 ..
1563 1487 1715 1518 abbatem
1734 1488 1882 1527 ipsorum
1901 1488 1941 1518 ab
1964 1489 2318 1519 excommunicationis
2335 1499 2413 1520 sen-

1403 1540 1506 1570 tentia
1527 1550 1626 1579 quam
1643 1541 1730 1571 idem
1753 1541 1788 1571 in
1810 1550 1876 1575 eOS,
1895 1541 2043 1580 ipsorum
2065 1542 2172 1581 culpis
2189 1543 2411 1580 exigentibus,

1403 1593 1533 1629 tulerat,
1552 1603 1627 1624 cum
1648 1593 1781 1625 nolletis
1802 1594 1899 1625 aliter
1921 1594 1956 1624 in
1978 1595 2110 1632 negotio
2130 1595 2202 1633 ipso
2224 1596 2412 1634 procedere,

1402 1647 1531 1677 fecistis
1555 1646 1694 1683 absolvi,
1717 1647 1861 1682 eosdem,
1885 1647 1942 1686 qui
1968 1647 2076 1686 potius
2096 1647 2213 1686 repelli
2237 1649 2412 1684 debebant,

1402 1709 1476 1730 cum
1499 1700 1575 1730 aliis
1599 1700 1639 1730 ad
1662 1700 1893 1731 testimonium
1918 1700 2148 1735 admittentes3
2171 1707 2304 1740 propter
2328 1703 2414 1741 quod

1403 1758 1508 1783 status
1519 1753 1714 1784 monasterii
1730 1753 1872 1783 nimium
1887 1753 2009 1783 dicitur
2021 1754 2221 1792 perturbari,
2238 1755 2415 1793 presertim

1403 1816 1478 1835 cum
1501 1806 1580 1836 dieti
1603 1806 1769 1841 monachi,
1796 1807 1872 1836 dum
1898 1806 1963 1836 sibi
1983 1807 2100 1837 timent
2119 1807 2213 1846 culpe
2236 1808 2414 1839 imminere

1400 1860 1575 1899 judicium,
1594 1859 1742 1898 reliquos
1758 1869 1816 1898 per
1832 1860 2006 1889 infamiam
2019 1860 2126 1891 socios
2142 1860 2265 1891 habere
2279 1862 2415 1900 cupiant

1403 1913 1582 1942 criminum
1599 1917 1630 1943 et
1646 1922 1819 1951 penarum.
1836 1914 1973 1949 Verum,
1992 1922 2066 1943 cum
2084 1913 2283 1944 intentionis
2303 1919 2414 1945 nostre

1402 1966 1504 1996 fuerit
1525 1970 1560 1995 ut
1585 1965 1673 1996 idem
1696 1966 1947 2001 monasterium,
1971 1966 2139 2004 propulsis
2164 1976 2200 1996 ex
2221 1967 2293 2005 ipso
2311 1968 2414 2006 pesti-

1402 2018 1565 2053 lentibus,
1592 2019 1726 2048 deberet
1753 2019 1913 2057 consequi
1939 2023 2045 2049 status
2072 2020 2213 2058 gratiam
2243 2021 2412 2056 salutaris,

1402 2072 1599 2101 mandamus
1619 2076 1795 2110 quatenus,
1824 2072 1852 2101 si
1874 2072 1961 2111 quod
1979 2072 2018 2102 de
2041 2072 2265 2110 predictorum
2285 2074 2413 2104 dohan—

1403 2125 1467 2159 nis,
1494 2125 1592 2160 Petri,
1619 2125 1770 2160 Gerardi,
1797 2125 1931 2155 Robioti
1951 2130 1982 2155 et
2004 2125 2172 2156 Gamelini
2196 2127 2412 2165 perversitate

1402 2178 1604 2216 proponitur,
1628 2178 1767 2208 veritate
1790 2178 1939 2213 fulcitur,
1962 2187 2028 2214 eos,
2049 2179 2197 2217 ipsorum
2222 2180 2413 2211 testimonio

1402 2236 1516 2261 contra
1544 2231 1626 2262 alios
1656 2241 1721 2262 non
1750 2232 1906 2267 admisso,
1931 2233 2025 2271 juxta
2050 2233 2199 2271 priorum
2223 2233 2411 2264 litterarum

1401 2285 1652 2321 continentiam,
1688 2285 1726 2316 de
1760 2286 1887 2324 prefato
1918 2286 2121 2316 monasterio
2148 2287 2349 2326 propellatis,
2383 2288 2412 2317 si

1401 2347 1483 2376 quos
1506 2338 1589 2368 alios
1612 2338 1646 2367 in
1669 2347 1706 2369 eo
1729 2338 1924 2377 pestilentes
1942 2339 2152 2375 inveneritis,
2175 2340 2213 2370 de
2229 2340 2301 2379 ipso
2318 2341 2413 2371 simi-

1400 2390 1476 2421 liter
1494 2391 1736 2421 nichilominus
1753 2391 1943 2430 propulsuri
1960 2409 2009 2421 ——.
2027 2393 2100 2422 Dat.
2118 2393 2285 2428 Laterani,
2298 2394 2326 2423 V
2338 2393 2413 2424 idus

1400 2444 1528 2482 aprilis,
1550 2454 1636 2474 anno
1654 2445 1915 2484 quartodecimo.
1938 2458 1950 2471 n

1469 2622 1591 2650 5132
2002 2624 2122 2656 Latran,
2137 2624 2153 2650 5
2169 2625 2245 2652 avril
2261 2625 2338 2653 1240.

1433 2685 1665 2720 Archiepiscopo
1683 2685 1922 2720 Compostellano
1939 2686 2074 2713 coneedit
2090 2687 2273 2721 supplicanti
2295 2690 2327 2714 ut
2344 2696 2410 2714 eum

1399 2734 1568 2768 illegitimis
1594 2734 1853 2768 Compostellanae
1880 2735 2052 2769 provinciae
2075 2735 2191 2762 clericis
2213 2736 2242 2762 in
2268 2737 2414 2764 [rontaria

1399 2784 1628 2809 Sarracenorum
1643 2791 1694 2817 pro
1705 2783 1876 2810 defensione
1891 2783 1959 2810 fidei
1972 2783 2135 2811 catholicae
2147 2784 2409 2818 commorantibus,

1398 2834 1426 2858 et
1442 2840 1508 2858 cum
1527 2832 1651 2865 triginta
1664 2832 1833 2866 illegitimis
1850 2832 2108 2867 Compostellanae
2121 2833 2273 2866 dioecesis,
2290 2842 2360 2868 quos
2373 2834 2411 2861 ad

1397 2880 1649 2914 dispensationem
1667 2880 1860 2908 obtinendam
1884 2881 2000 2908 noverit
2022 2889 2084 2908 esse
2103 2881 2217 2916 dignos,
2234 2883 2333 2910 valeat
2349 2882 2411 2909 dis-

1397 2936 1520 2962 pensare
1534 2929 1609 2962 quod
1626 2929 1657 2955 in
1672 2929 1816 2963 susceptis
1833 2929 2003 2956 ministrare
2018 2929 2171 2957 ordinibus
2187 2933 2215 2956 et
2231 2930 2267 2957 ad
2284 2931 2410 2964 majores

1397 2977 1574 3012 promoveri,
1596 2986 1629 3004 ac
1648 2977 1792 3004 beneficia
1812 2977 2013 3004 ecclesiastica
2032 2977 2164 3005 obtinere
2184 2979 2309 3012 possint,
2327 2986 2340 3004 «
2358 2987 2411 3006 ex—
