2553 3526
330 299 384 327 115
1058 297 1295 327 REGISTHES
1318 296 1372 325 DE
1396 289 1619 325 GREGoIRE
1645 297 1701 325 lx.
2379 296 2433 324 116

329 373 343 389 1)
365 365 525 391 terminare
540 373 683 398 procures.
698 373 710 388 1)
724 365 854 396 —(1tm.
871 364 912 392 19.
927 366 945 390 f.
960 364 1006 390 131
1024 362 1097 398 [125]
1111 367 1155 395 v”;
1171 372 1240 389 ann.
1254 363 1337 393 XIII,

329 422 353 440 c.
372 414 437 443 126:
459 428 487 431 —
502 413 633 440 Momm
651 413 730 442 1192,
749 415 767 439 f.
785 413 858 443 38⁷1.)

372 528 383 540 «
409 538 427 542 ..
444 516 577 552 ‹mist-0110
598 515 782 542 penestrina
802 515 964 551 Aposlolr'ce
984 514 1067 542 Sedis
1089 515 1192 551 lesynlo.
1216 514 1259 543 Ut
1281 513 1341 542 ka-

330 568 463 596 rissimo
485 567 516 595 in
540 585 586 596 —.
607 568 679 595 Dat.
703 567 864 601 Anas-rute.
884 566 1055 595 kalendis*
1080 566 1234 595 octobris.
1254 574 1340 594 anno

330 620 567 649 tertiodecimo.
588 632 600 645 >³

401 824 520 851 4935

368 886 462 913 Priori
477 889 505 912 et
525 886 685 912 conventui
702 886 737 912 de
760 885 943 912 Bromholim
969 887 1014 917 (=
1036 886 1249 917 Bromlmlme),
1269 884 1340 912 Clu-

809 823 938 857 Anagni,
956 824 988 849 17
1005 823 1171 857 septembre
1188 823 1268 849 1239.

330 935 476 962 niaconsis
493 935 615 965 ordinis,
632 934 834 961 Norwicensis
850 934 1003 963 dioecesis.
1022 943 1144 968 qnorum
1167 933 1340 960 monasterii

330 985 463 1011 redditus
476 984 512 1010 ad
527 983 712 1010 commodam
730 984 859 1017 ipsorum
876 983 1121 1010 sustentatirmem
1141 991 1198 1008 non
1213 982 1341 1009 sufficie-

330 1034 412 1061 bant.
433 1033 565 1067 undique
582 1033 619 1059 ad
641 1033 718 1066 ipsos
739 1032 955 1058 confluentibus
977 1032 1156 1066 pauperibus
1179 1034 1205 1058 et
1230 1031 1340 1065 egenis,

330 1083 466 1115 indulget
490 1085 523 1108 ut
545 1081 700 1108 ecclesiam
725 1081 760 1106 de
784 1081 937 1114 Hanniges
963 1082 1007 1111 (Ξ
1034 1081 1182 1114 Honing),
1207 1080 1340 1113 ejusdem

330 1131 482 1162 dioecesis,
510 1130 539 1156 in
571 1139 626 1164 qua
656 1131 702 1163 jus
726 1132 899 1163 patronatus
922 1138 951 1156 se
974 1129 1107 1156 obtinere
1127 1128 1341 1163 proponebant,

331 1180 414 1213 cujus
432 1182 591 1213 proventus
608 1179 716 1212 viginti
735 1187 847 1204 marcas
864 1178 951 1204 annis
968 1177 1176 1204 communibus
1191 1186 1247 1204 non
1260 1186 1341 1204 exce-

331 1228 450 1259 debant,
467 1227 589 1261 possint.
608 1236 673 1253 cum
692 1227 854 1259 vacaverit,
873 1227 903 1252 in
921 1235 988 1253 usus
1003 1227 1135 1260 proprios
1150 1226 1287 1255 retinere,
1301 1226 1342 1252 ita

332 1280 430 1303 tamen
449 1276 524 1310 quod
546 1276 639 1302 cidem
662 1275 804 1301 ecclesiae
829 1275 939 1301 faciant
963 1284 1013 1309 per
1035 1275 1171 1301 idoneum
1194 1275 1340 1301 vicarium

331 1325 486 1356 deserviri,
504 1327 530 1351 et
548 1324 643 1351 eidem
659 1324 771 1350 vicario
787 1323 939 1357 assignent
955 1324 990 1350 de
1010 1324 1102 1358 ipsius
1118 1323 1259 1350 ecclesiae
1276 1331 1342 1357 pro-

330 1373 470 1400 ventibus
495 1381 652 1406 congruam
684 1372 861 1406 portionem,
888 1380 901 1396 <‹
921 1372 956 1398 de
985 1380 1040 1406 qua
1064 1372 1218 1398 commode
1244 1372 1343 1398 valeat

331 1431 344 1448 n
366 1422 536 1455 sustentari,
559 1425 586 1448 et
604 1422 662 1448 alia
680 1422 773 1455 ipsius
789 1421 912 1448 ecclesie
930 1430 1018 1447 onera
1037 1422 1066 1447 in
1086 1421 1343 1455 procurationibus

331 1480 344 1497 ν)
366 1475 393 1499 ct
413 1471 481 1498 aliis
500 1471 660 1502 sustinere;
687 1471 836 1497 diocesani
860 1471 889 1497 in
913 1470 1050 1497 omnibus
1075 1471 1139 1504 jure
1164 1471 1287 1497 salvo».
1311 1485 1342 1488 —

330 1521 416 1552 (um.
436 1520 478 1552 19,
497 1521 515 1546 f.
534 1520 584 1546 132
599 1518 672 1554 [126]
690 1525 732 1551 r⁰;
751 1528 819 1545 ann.
838 1519 920 1552 XIII,
938 1519 1052 1550 (2127.)

370 1634 381 1647 «
404 1645 422 1649 ..
441 1622 539 1658 priori
561 1626 586 1649 el
603 1622 767 1649 conventui
784 1621 816 1648 dr
841 1621 1037 1649 Bromlzolim.
1060 1621 1270 1649 (lamacensis
1293 1629 1343 1648 or-

329 1676 421 1704 dinis.
443 1675 644 1702 Xorzricensis
664 1674 800 1702 diocesis.
823 1672 906 1703 Cum
931 1681 1058 1701 sacram
1080 1672 1275 1709 religionem
1292 1690 1341 1700 —.

330 1729 402 1757 Dat.
428 1727 589 1764 Anagnie.
617 1727 675 1756 XV
703 1726 863 1755 kalendas
889 1726 1043 1759 octobris,
1073 1735 1159 1755 anno
1187 1725 1343 1755 tertiode-

328 1780 425 1809 cimo.
449 1793 460 1805 ›·

402 1988 519 2015 493ss

366 2050 509 2084 Episcopo
534 2050 738 2081 Praenestino,
770 2049 931 2083 apostolico
953 2050 1058 2082 legato,
1084 2049 1247 2075 committit
1271 2058 1343 2082 qua-

331 2102 426 2130 tenus,
447 2107 512 2125 cum
536 2099 734 2125 Bituricensis
758 2098 998 2132 archiepiscopus
1023 2098 1207 2132 provinciam
1232 2098 1343 2124 Burde-

883 1987 1013 2020 Anagni,
1030 1988 1046 2012 7
1061 1986 1178 2013 octobre
1191 1986 1270 2013 1239.

331 2149 479 2182 galensem
496 2148 560 2181 jure
577 2148 735 2182 primatiae
751 2148 932 2173 desideraret
949 2147 1082 2179 visitare,
1102 2147 1125 2173 si
1147 2147 1343 2180 archicpisco-

332 2205 384 2230 pus
406 2197 650 2230 Burdegalensis,
674 2205 727 2222 nec
749 2205 805 2222 non
828 2196 957 2230 episcopi
979 2198 1007 2222 et
1029 2196 1081 2222 alii
1102 2195 1294 2222 ecclesiarum
1316 2198 1344 2221 et

330 2247 530 2271 conventuum
559 2244 683 2278 praelati
713 2244 844 2277 ejusdem
871 2244 1053 2278 provinciae,
1079 2252 1166 2278 super
1194 2243 1344 2270 divisione

331 2293 570 2328 procurationum
590 2293 740 2327 praedicto
755 2293 938 2320 Bituricensi
963 2293 1185 2326 archiepiscopo
1205 2301 1238 2319 ea
1257 2301 1344 2319 occa-

330 2343 411 2369 sione
427 2341 594 2368 debitarum
619 2342 696 2368 inter
719 2350 747 2367 se
770 2342 916 2373 facienda,
942 2342 1021 2368 intra
1037 2344 1208 2375 competens
1226 2344 1343 2375 tempus

331 2391 368 2418 ab
386 2391 447 2425 ipso
462 2392 555 2424 legato
572 2391 634 2417 illis
651 2390 884 2424 praefigendum,
901 2399 958 2416 non
982 2390 1177 2424 providerint,
1202 2390 1264 2424 ipse
1281 2398 1344 2416 eas-

335 2440 401 2466 dem
419 2440 640 2474 procurationes
658 2440 735 2466 inter
752 2440 818 2466 illos
839 2440 966 2466 dix-idat.
997 2455 1027 2458 —
1058 2441 1145 2471 (Rea.
1177 2439 1220 2471 19,
1247 2441 1267 2466 f.
1294 2439 1345 2466 132

332 2488 405 2524 [126]
419 2493 456 2521 ¹¹⁹3
474 2498 543 2516 ann.
561 2490 643 2522 xm,
662 2498 686 2516 c.
705 2489 770 2521 12&
788 2504 818 2507 —-
833 2489 965 2516 MOREAU
983 2489 1062 2521 1192,
1079 2490 1097 2516 f.
1114 2489 1188 2520 386.)

375 2605 385 2615 «ι
407 2614 425 2619 .,
441 2592 573 2628 rpiscopo
588 2591 772 2620 Peneszrino.
788 2592 952 2628 Apostolice
970 2591 1055 2620 Sedis
1074 2592 1179 2627 leonto.
1194 2590 1280 2621 Olim
1294 2591 1346 2619 in-

334 2649 382 2672 ter
400 2644 481 2673 bone
499 2643 656 2672 memorie
678 2668 697 2672 ..
718 2643 962 2673 Bituricensem
984 2647 1015 2673 et
1036 2642 1260 2673 venerabilem
1278 2643 1346 2672 fra-

335 2702 417 2726 trem
439 2702 587 2726 nostrum
611 2720 630 2724 ..
654 2696 936 2733 Bnrdegalensem
959 2696 1224 2735 archiepiscopos
1248 2706 1347 2735 super

331 2750 405 2788 jure
425 2749 577 2787 primatie
595 2749 680 2787 quod
699 2749 786 2778 idem
804 2749 1027 2779 Bituricensis
1048 2749 1081 2778 in
1105 2749 1346 2787 But-degalensi

336 2803 505 2841 provincia
531 2812 565 2833 se
593 2802 714 2832 habere
743 2802 882 2837 dicebat,
910 2803 1084 2841 questione
1111 2802 1257 2838 suborta,
1286 2803 1345 2837 sic,

369 2929 388 2952 1.
413 2929 449 2952 Le
465 2929 571 2959 copiste
588 2929 623 2951 dn
642 2930 765 2957 [reyistre
781 2929 854 2951 avait
871 2928 982 2951 d'abord
1001 2928 1067 2952 ecrit
1083 2931 1147 2952 XIII
1164 2931 1232 2957 liam
1251 2932 1316 2953 XIII
1333 2937 1348 2953 a

334 2974 377 2997 cte
393 2974 455 2997 bitte
472 2973 486 2996 a
501 2974 601 2996 l'encre
619 2974 705 2998 noire.

1423 362 1509 391 inter
1533 366 1653 396 cetera,
1679 362 1834 391 duximus
1861 361 2127 400 providendum&
2153 366 2187 390 ut
2211 361 2433 391 Bituricensis

1422 414 1703 453 archiepiscopus,
1723 415 2003 452 Burdegalensem
2020 415 2222 452 provinciam
2240 415 2380 444 visitans
2394 414 2432 444 de

1422 468 1595 506 septennio
1613 468 1646 496 in
1666 468 1890 506 septennium,
1907 467 1946 497 ad
1963 467 1996 496 id
2012 467 2155 505 spatium
2174 467 2320 497 obtineat
2339 467 2435 506 quin-

1422 521 1582 559 quaginta
1595 521 1735 555 dierum,
1753 526 1783 550 et
1796 530 1852 559 per
1866 520 2071 558 supradictos
2084 520 2154 550 dies
2168 520 2429 558 procurationes,

1423 573 1510 602 inter
1531 573 1678 603 dioceses
1697 574 1844 612 ejusdem
1863 573 2030 611 provincie
2047 573 2253 606 dividendas,
2275 573 2308 601 in
2333 572 2434 602 eccle-

1424 626 1483 655 siis
1501 626 1568 655 illis
1586 626 1718 656 debebit
1738 627 1894 664 recipere.
1916 626 1955 655 ad
1975 635 2056 664 quas
2073 625 2167 655 illum
2188 626 2365 663 contigerit
2382 625 2434 655 de-

1423 678 1560 708 clinare.
1573 679 1681 715 Quare
1694 679 1894 709 venerabilis
1908 680 2010 708 frater
2023 683 2135 708 noster
2146 678 2194 718 [..]
2211 678 2434 708 Bituricensis

1424 731 1693 770 archiepiscopus
1728 732 1823 762 nobis
1852 732 2024 762 humiliter
2052 732 2251 770 supplicavit
2279 736 2326 766 ut,
2360 740 2434 761 cnm

1424 784 1543 813 dictam
1563 785 1766 822 provinciam
1785 786 1920 815 visitare
1938 785 2113 820 desideret,
2130 785 2298 824 aliquibus
2315 785 2435 814 discre-

1426 837 1466 866 tis
1492 837 1573 867 viris
1597 838 1683 876 qnod
1709 838 1959 876 procurationes
1983 839 2071 867 iuter
2096 838 2260 876 predictas
2286 838 2435 868 dioceses

1424 890 1584 923 dividant,
1608 891 1803 920 auctoritate
1826 891 2006 929 apostolica
2028 891 2273 921 mandaremus.
2293 891 2361 920 Nos
2381 900 2435 920 au-

1425 947 1489 972 tem
1506 943 1625 972 dilecto
1647 943 1715 972 filio
1734 967 1752 972 ..
1772 943 1881 973 abbati
1905 944 2017 973 Sancti
2039 943 2207 973 Μαι-(310115
2227 944 2436 974 [lemovicen-

1425 996 1471 1025 sis
1489 1001 1517 1026 et
1540 996 1611 1034 ejus
1634 996 1758 1033 college
1777 997 1928 1026 dedimus
1947 997 1980 1025 in
2001 997 2177 1031 mandatis,
2196 1001 2230 1026 ut
2245 996 2387 1035 prelatos
2406 1001 2437 1027 et

1424 1049 1569 1087 capitula
1595 1058 1653 1079 seu
1681 1054 1863 1079 conventus
1893 1049 2110 1079 ecclesiarum
2141 1049 2227 1079 dicte
2256 1049 2436 1088 provincie.

1425 1111 1565 1140 quorum
1582 1102 1744 1132 interesse
1763 1102 1922 1132 viderent.
1943 1107 1976 1131 ut
1999 1102 2085 1131 infra
2107 1103 2285 1131 terminum
2308 1111 2438 1140 compe-

1425 1160 1547 1185 tentem
1576 1155 1623 1185 eis
1650 1156 1869 1194 peremptorie
1900 1155 2139 1193 prelis-sendum,
2169 1156 2207 1185 ad
2236 1155 2436 1194 presentiam

1426 1214 1572 1239 nostram
1590 1214 1819 1247 procuratores
1837 1209 2111 1243 transmitterent,
2131 1218 2229 1246 super
2250 1208 2316 1238 hiis
2334 1208 2440 1246 provi—

1425 1263 1512 1292 sioni
1541 1262 1719 1300 apostolice
1747 1262 1924 1300 parituros.
1954 1262 2019 1291 nisi
2048 1262 2296 1300 procurationes
2322 1261 2440 1300 hujus-

1426 1316 1513 1345 modi
1531 1316 1617 1345 inter
1636 1325 1670 1345 se
1691 1316 1827 1345 interim
1845 1316 1927 1346 forte
1945 1315 2142 1348 dividerent.
2162 1324 2199 1345 ex
2216 1320 2308 1353 parte
2326 1320 2439 1345 nostra

1425 1369 1577 1398 citarent.
1592 1369 1729 1398 Verum,
1748 1368 2018 1406 procuratoribus
2040 1368 2283 1406 archiepiscopi
2306 1373 2335 1397 et
2356 1368 2440 1406 epis-

1426 1431 1581 1460 coporum
1609 1422 1837 1460 prenominate
1866 1421 2034 1460 provincie
2066 1422 2098 1450 in
2131 1426 2240 1451 nostra
2273 1421 2440 1460 presentia

1426 1475 1628 1509 constitutis,
1648 1484 1705 1513 pro
1725 1475 1861 1513 prelatis
1878 1474 1953 1504 aliis
1971 1479 2001 1504 et
2018 1474 2172 1512 capitulis
2194 1484 2251 1504 sen
2274 1474 2440 1504 conventi-

1427 1529 1487 1558 bus
1505 1528 1617 1558 nullus
1640 1529 1824 1566 comparuit
1848 1534 2059 1566 p1·ocurator;
2082 1528 2142 1557 suit
2165 1532 2273 1557 tamen
2296 1528 2442 1566 proposi-

1428 1587 1495 1611 tum
1520 1591 1629 1612 coram
1656 1582 1751 1611 nobis
1775 1582 1863 1620 qnod
1884 1582 1923 1611 ad
1946 1581 2020 1611 illos
2046 1581 2160 1611 citatio
2187 1590 2252 1611 non
2278 1581 2440 1619 pervenit.

1426 1635 1511 1671 Quia
1535 1644 1612 1665 vero
1637 1640 1700 1664 tam
1727 1635 1993 1665 consideratione
2019 1635 2162 1665 locorum
2187 1644 2285 1673 qnam
2308 1635 2441 1665 advoca-

1428 1688 1516 1717 tione
1534 1687 1624 1717 sacili
1642 1697 1871 1726 personarum.
1889 1688 2049 1726 premissa
2068 1697 2126 1725 per
2143 1693 2172 1717 te
2188 1692 2339 1726 poterunt
2357 1697 2440 1717 com-

1427 1741 1557 1770 modius
1579 1741 1737 1778 expediri,
1762 1750 1818 1778 por
1839 1740 2019 1778 apostolica
2041 1741 2099 1770 tibi
2122 1741 2244 1779 scripta
2266 1740 2440 1770 committi-

1426 1803 1500 1823 mus
1531 1798 1708 1832 quatenns,
1742 1794 1770 1822 si
1802 1793 2072 1832 archiepiscopus
2110 1798 2139 1823 et
2178 1794 2332 1832 episcopi,
2366 1802 2440 1823 cum

1428 1847 1564 1885 prelatis
1582 1846 1657 1876 aliis
1677 1847 1896 1885 capitulorum
1913 1856 1970 1876 sen
1989 1851 2211 1876 conventuum
2225 1846 2440 1876 ecclesiarum

1427 1900 1596 1938 provincie
1627 1900 1804 1938 sepedicte.
1839 1909 1937 1938 super
1970 1899 2134 1929 divisione
2169 1900 2440 1938 procurationum

1426 1953 1618 1992 hujusmodi
1642 1953 1728 1983 inter
1752 1962 1786 1982 se
1812 1953 1965 1983 facienda
1991 1953 2081 1982 infra
2103 1957 2292 1991 competens
2312 1957 2441 1991 tempus

1427 2007 1513 2045 quod
1530 2006 1643 2036 adhoc
1658 2006 1727 2036 illis
1742 2006 1924 2044 prefixeris,
1940 2015 2004 2035 non
2019 2006 2171 2035 duxerint
2187 2006 2439 2044 providendum,

1429 2065 1462 2089 tu
1482 2069 1537 2090 eas
1560 2060 1795 2089 distributione
1820 2068 1965 2097 congrua
1988 2059 2117 2089 dividas
2142 2064 2172 2089 et
2195 2064 2283 2088 certa
2306 2058 2440 2088 distinc-

1429 2114 1517 2143 tione
1534 2113 1700 2151 designes.
1719 2113 1987 2143 Contradictores
2004 2129 2053 2141 —.
2072 2113 2144 2141 Dat.
2161 2112 2324 2150 Anagnie,
2343 2111 2441 2141 nonis

1427 2166 1582 2201 octobris,
1599 2175 1685 2195 anno
1704 2166 1943 2195 tertiodecimo.
1965 2177 1978 2191 n

1498 2365 1615 2393 493?

1463 2428 1580 2455 Decano
1606 2431 1634 2455 et
1662 2428 1840 2455 cancellario
1866 2427 1990 2460 Maioris
2015 2427 2166 2454 Ecclesiae
2193 2426 2385 2456 Turonensis,
2411 2429 2439 2452 et

1909 2365 2039 2398 Anagni,
2055 2364 2089 2390 24
2105 2363 2272 2398 septembre
2288 2363 2367 2390 1239.

1429 2477 1569 2511 magistro
1584 2477 1725 2509 Gnidoni,
1741 2477 1883 2504 canonico
1901 2477 2003 2503 Sancti
2021 2476 2147 2503 Martini
2164 2475 2354 2508 Turonensis,
2370 2484 2440 2502 cau—

1428 2535 1490 2553 sam
1511 2535 1584 2560 quae
1600 2527 1678 2553 inter
1695 2526 1926 2558 thesaurarium,
1944 2526 2087 2552 decanum
2106 2527 2134 2552 et
2150 2525 2314 2559 capitulum
2335 2524 2438 2551 Sancti

1428 2576 1539 2603 Hilarii
1558 2575 1756 2607 pictavensis,
1779 2583 1813 2601 ex
1837 2583 1897 2601 una
1917 2577 2011 2608 parte,
2033 2577 2059 2600 et
2082 2571 2302 2608 A[ynordini]²,
2326 2573 2437 2600 dictam

1428 2625 1581 2652 dominam
1603 2625 1681 2651 Belli
1700 2625 1778 2655 Joci,
1804 2624 1938 2650 relictam
1960 2623 2107 2657 quondam
2129 2622 2263 2649 oddonis
2284 2622 2319 2648 de
2342 2621 2439 2649 Soteio

1429 2677 1474 2706 (=
1491 2673 1771 2708 Sully-sur-Loire),
1788 2681 1823 2699 ex
1840 2674 1943 2704 altera,
1958 2680 2044 2706 super
2057 2680 2088 2697 eo
2104 2671 2180 2705 quod
2195 2671 2296 2697 eadem
2313 2669 2442 2705 A[ynor-

1429 2721 1485 2757 dis]
1507 2722 1617 2749 eisdem
1636 2722 1830 2754 thesaurario,
1846 2721 1955 2747 decano
1976 2724 2004 2747 et
2024 2720 2154 2754 capitulo
2173 2727 2331 2753 eorumque
2348 2718 2442 2745 homi*

1463 2845 1484 2868 1.
1503 2843 1540 2868 Ce
1557 2843 1641 2867 debut
1656 2846 1696 2866 est
1712 2844 1737 2866 le
1755 2843 1842 2866 meme
1857 2849 1910 2872 que
1929 2842 1999 2865 celui
2017 2841 2050 2864 de
2066 2841 2090 2864 la
2106 2840 2183 2871 piece
2200 2841 2270 2864 4120.

1461 2888 1484 2912 2.
1502 2888 1539 2911 La
1553 2887 1631 2910 dame
1644 2887 1677 2910 de
1691 2887 1812 2917 BeauJeu
1830 2886 1897 2909 dont
1917 2886 1934 2909 il
1950 2889 1991 2909 est
2005 2885 2040 2908 ici
2052 2885 2190 2915 question,
2205 2887 2245 2908 est
2259 2884 2372 2915 appelee
2387 2887 2443 2913 Ay-

1431 2934 1531 2955 nor-dis
1545 2931 1612 2955 dans
1626 2931 1748 2957 TEULET.
1766 2933 1891 2960 Layettes
1905 2932 1943 2953 du
1959 2930 2058 2953 Τι’ῥεοι·
2072 2931 2121 2953 des
2135 2930 2258 2957 Char-tes,
2270 2930 2289 2952 t.
2303 2928 2336 2956 11,
2349 2936 2374 2959 p.
2388 2927 2442 2958 158,

1431 2977 1482 2999 col.
1499 2976 1519 3004 1,
1537 2980 1564 2998 η’
1580 2975 1649 3003 2006,
1667 2977 1693 2998 et
1709 2976 1873 3004 Haynorais
1889 2974 1956 2997 dans
1972 2977 2052 2997 notre
2068 2972 2144 3004 piece
2159 2973 2228 2997 4021.
