2553 3526
163 275 220 304 249
969 271 1279 314 QUATORZIEME
1302 281 1460 311 ANNEE.
2199 296 2255 323 ‘250

161 341 239 368 senti
265 341 452 375 indulgentia
475 351 531 368 non
553 342 677 368 fecerint
698 343 891 374 mentionem,
917 344 992 370 nulli
1013 346 1170 370 teneantur

161 389 325 424 providere.
343 405 375 408 —
389 391 476 422 (Bao.
493 391 536 419 20.
556 392 574 417 f.
593 391 625 417 12
643 394 679 423 r⁰;
697 400 766 418 ann.
784 392 867 425 XIV,
884 401 908 418 c.
926 392 983 423 62.)

202 503 215 517 α
236 513 255 520 ..
273 492 373 520 abbaci
387 497 413 520 el
429 493 591 521 conventui
609 493 716 522 Sancti
738 494 818 522 Petri
840 493 1044 522 carnotensis.
1067 494 1169 523 Intel-

159 543 244 574 lecto
266 544 353 582 quod
376 545 523 583 quinque
550 562 598 574 —-.
625 546 698 575 Dat.
723 546 890 581 Laterani,
921 547 952 576 II
976 546 1050 576 idus
1076 547 1167 582 maii,

157 605 246 626 anno
263 597 520 635 quartodecimo.
541 610 553 624 »

228 789 345 817 5189

193 851 352 879 Palentino
376 851 511 886 episcopo
538 851 686 885 significat
711 861 740 877 se
766 853 993 886 postulationem
1021 855 1055 880 de
1086 855 1166 882 Oxo-

156 900 251 927 mensi
273 901 407 935 episcopo
425 909 442 927 a
457 900 567 926 decano
590 903 618 927 et
639 900 769 934 capitulo
791 902 950 933 But-gensis
971 904 1111 930 ecelesiae
1134 904 1164 930 in

752 791 874 823 Latran,
891 792 924 818 29
940 792 997 818 mai
1015 792 1093 819 1240.

154 950 337 983 Burgensem
353 949 521 983 episcopum
539 949 730 982 celebratam,
744 950 846 976 fecisse
863 952 1039 983 examinari,
1051 956 1077 978 et
1091 953 1164 986 ejus-

152 998 222 1024 dem
239 998 447 1032 postulationis
460 998 606 1032 processui
618 1007 675 1025 non
691 998 810 1025 duxisse
827 1008 840 1024 (ι
854 1000 1015 1034 plurimum
1032 1001 1165 1027 inniten—

155 1054 170 1072 »
190 1047 261 1074 dum
274 1055 299 1080 n,
316 1047 365 1074 sed
380 1050 489 1081 postea,
500 1047 695 1074 consideratis
709 1049 884 1075 necessitate
901 1052 928 1076 et
941 1050 1072 1077 utilitate
1084 1059 1164 1084 prae-

152 1096 252 1123 dictae
262 1096 423 1130 Burgensis
436 1096 588 1128 ecclesiae,
603 1096 729 1123 eundem
744 1097 941 1124 Oxomensem
955 1099 1137 1133 episcopum,
1147 1109 1164 1126 a

151 1153 224 1172 cura
233 1145 411 1172 Oxomensis
421 1145 562 1172 ecclesiae
573 1145 752 1172 absolutum.
763 1146 857 1172 eidem
869 1147 1012 1179 Burgensi
1023 1148 1164 1175 ecclesiae

154 1194 184 1221 in
201 1194 369 1229 episcopum
395 1194 584 1228 praefecisse;
606 1194 685 1221 unde
704 1194 729 1220 ei
753 1195 876 1222 mandat
892 1199 1035 1230 quatenus
1051 1206 1066 1223 a
1084 1197 1163 1224 dicto

150 1243 287 1277 episcopo
303 1242 437 1277 recipiat,
450 1242 600 1269 Ecclesiae
622 1243 772 1269 Romanae
794 1245 925 1272 nomine.
947 1245 1101 1272 fidelitatis
1117 1255 1162 1272 so-

150 1291 445 1326 litaejuramentum,
458 1291 620 1318 secundun]
634 1293 757 1318 formam
776 1292 831 1326 ipsi
847 1293 1069 1321 Palentinosub
1081 1295 1162 1321 bulla

149 1341 372 1373 transmissam3
388 1342 512 1367 forman]
526 1344 625 1368 autem
642 1341 804 1374 juramenti
817 1343 893 1376 quod
909 1343 986 1369 idem
1002 1344 1161 1377 Burgensis

150 1389 304 1424 episcopus
320 1390 513 1424 praestiterit,
530 1390 593 1424 ipse
613 1390 791 1417 Palentinus
813 1391 848 1417 de
871 1392 959 1418 verbo
979 1393 1015 1418 ad
1038 1393 1160 1419 verbum

150 1447 201 1473 per
216 1438 347 1472 ejusdem
366 1438 526 1473 Burgensis
546 1438 672 1471 litteras,
690 1439 821 1472 ejusdem
839 1440 938 1473 sigillo
953 1441 1094 1475 signatas,
1112 1450 1161 1475 per

149 1487 301 1522 proprium
317 1488 456 1514 nuntium
474 1488 649 1522 quantocius
670 1488 706 1515 ad
723 1489 829 1515 Sedem
849 1490 1051 1523 Apostolicam
1068 1491 1160 1517 des-ti-

148 1539 210 1564 net.
232 1551 264 1555 —-
284 1537 371 1568 (Rau.
395 1537 439 1569 20,
462 1538 481 1564 f.
503 1537 536 1564 12
556 1541 598 1570 r·¹;
620 1546 689 1564 ann.
715 1538 798 1571 XIV,
821 1548 845 1565 c.
867 1539 917 1571 63;
945 1554 975 1557 ——
1002 1540 1039 1566 cf.
1063 1547 1158 1572 supra,

149 1588 179 1612 11⁰
193 1585 286 1617 5079.)

189 1699 204 1714 «
228 1710 248 1717 ..
268 1688 429 1717 Palentino
450 1689 595 1726 episcopo.
622 1688 883 1719 Postulationem
910 1689 949 1719 de
974 1690 1159 1720 venerabili

146 1758 197 1770 —.
214 1742 288 1771 Dat.
306 1741 473 1777 Laterani,
492 1742 559 1771 IIII
578 1740 737 1772 kalendas
755 1742 855 1781 junii,
878 1752 964 1772 anno
982 1743 1159 1782 quartode-

146 1803 246 1825 cimo.
265 1807 278 1821 n

218 1980 339 2008 5190

184 2044 329 2078 Episcopo
344 2044 518 2077 Oxomensi,
536 2044 714 2071 cancellario
735 2044 816 2078 regni
838 2044 985 2071 Castellae
1006 2048 1033 2072 et
1054 2046 1158 2079 Legio-

148 2093 206 2126 nis,
223 2093 258 2120 de
273 2093 375 2120 cadem
392 2101 422 2120 re
438 2093 580 2126 scribens,
594 2093 742 2127 significat
756 2102 786 2119 se
802 2094 1030 2127 postulationem
1048 2094 1084 2121 de
1095 2095 1158 2129 ipso

148 2142 284 2177 episcopo
299 2151 316 2169 a
331 2142 441 2169 decano
458 2145 486 2169 et
501 2142 632 2176 capitulo
647 2142 808 2176 Burgensis
824 2143 965 2169 ecclesiae
981 2143 1011 2169 in
1027 2143 1158 2177 Burgen-

147 2199 209 2218 sem
222 2191 390 2225 episcopum
401 2190 592 2222 celebratam,
605 2190 708 2217 fecisse
720 2190 898 2223 examinari,
908 2194 936 2218 et
948 2192 1079 2225 ejusdem
1095 2200 1158 2226 pos-

147 2239 304 2267 tulationis
318 2239 465 2273 processui
482 2247 539 2265 non
558 2239 677 2265 duxisse
698 2239 860 2273 plurimum
883 2239 1086 2267 innitendum.
1108 2241 1157 2267 sed

149 2290 259 2323 postea,
276 2287 470 2315 consideratis
485 2288 660 2315 necessitate
670 2291 699 2315 et
707 2288 839 2315 utilitate
850 2289 1017 2322 praedictae
1027 2290 1158 2323 Burgen-

147 2337 189 2364 sis
205 2336 346 2364 ecclesiae
359 2339 387 2363 et
403 2336 471 2363 aliis
487 2336 733 2368 circumstantiis,
746 2337 855 2371 ipsum,
867 2346 883 2363 a
899 2346 967 2364 cura
979 2338 1157 2365 Oxomensis

148 2385 291 2413 ecclesiae
305 2385 487 2417 absolutum,
504 2385 599 2412 eidem
618 2386 763 2419 Burgensi
780 2386 921 2412 ecclesiae
938 2386 967 2412 in
986 2387 1156 2422 episcopum

149 2434 339 2469 praefecisse;
357 2434 435 2461 unde
446 2443 512 2461 eun]
527 2437 626 2461 monet
637 2438 664 2461 et
679 2435 813 2461 hortatur
826 2438 971 2468 quatenus
982 2435 1157 2470 impositum

146 2482 206 2510 sibi
219 2491 292 2510 onus
305 2483 459 2517 suscipiat,
477 2483 514 2510 ad
531 2484 693 2517 praefatam
709 2483 889 2517 Burgensem
905 2484 1061 2510 ecclesiam
1075 2493 1158 2511 acce-

147 2531 199 2559 dat
214 2531 335 2566 ejusque
355 2540 456 2558 curam
477 2531 605 2558 fideliter
625 2534 653 2558 et
675 2532 835 2566 prudenter
854 2535 931 2565 agat.
950 2547 985 2550 —-
1005 2533 1091 2565 (Rae.
1112 2533 1157 2566 20,

148 2581 170 2607 f.
186 2580 221 2607 12
236 2583 275 2612 r⁰;
292 2589 362 2607 ann.
380 2581 463 2612 XIV,
481 2589 505 2607 c.
522 2580 579 2612 64.)

749 1982 870 2012 Latran,
882 1982 916 2008 ‘26
932 1982 990 2008 mai
1006 1982 1084 2009 1240.

191 2694 205 2709 α
224 2704 244 2712 ..
261 2684 396 2720 episcopo
414 2683 585 2717 oxomensi,
610 2683 794 2712 cancellario
816 2684 904 2720 regni
921 2684 1044 2713 Castelle
1064 2689 1089 2714 et
1107 2685 1159 2714 Le-

146 2737 260 2774 9tom’s.
293 2735 444 2766 Ecclesia
470 2735 637 2773 Burgensi
663 2735 805 2774 pastoris
836 2736 958 2766 solacio
988 2737 1158 2774 destituta,

147 2788 262 2819 dilecti
286 2788 349 2818 filii
381 2812 400 2817 ..
431 2788 576 2819 decanus
607 2793 638 2818 et
663 2788 845 2827 capitulum
870 2789 976 2828 ipsius
1007 2790 1157 2826 ecclesie,

150 2841 386 2872 convenientes
402 2841 438 2871 in
454 2851 569 2877 unum,
588 2841 626 2871 de
646 2841 752 2871 futuri
772 2841 1009 2873 substitutione
1026 2843 1160 2881 pontifi-

148 2895 199 2924 cis
210 2895 394 2929 tractaturi,
412 2895 556 2931 tandem,
573 2899 646 2933 post
660 2899 818 2925 tractatus
832 2896 940 2926 varios
955 2900 986 2926 et
997 2896 1156 2933 diversos,

149 2956 207 2978 sex
228 2947 266 2978 de
289 2947 428 2985 collegio
452 2952 647 2986 potestatem
668 2948 863 2987 providendi
889 2949 996 2980 eidem
1020 2949 1159 2980 ecclesie

1252 344 1291 374 de
1308 355 1447 383 persona
1467 349 1585 380 idonea
1606 353 1826 383 contulerunt.
1845 357 2072 392 promittentes
2091 360 2183 390 illum
2203 372 2255 390 rs·-

1251 398 1371 436 cipere,
1395 410 1492 439 quem
1515 412 1629 434 omnes
1651 405 1702 435 vel
1728 407 1831 445 maj0r
1855 418 1929 446 pars
1953 419 2065 440 corum
2095 413 2253 451 eligerent

1251 451 1302 480 vel
1319 453 1366 482 eis
1384 456 1600 486 concederent
1615 458 1650 486 in
1667 464 1842 497 pastorem,
1864 471 1967 500 usque
1985 464 2023 492 ad
2036 465 2255 502 pulsationem

1250 504 1329 535 hore
1347 515 1431 537 none
1443 508 1509 538 diei
1520 512 1690 549 sequentis
1706 518 1865 550 potestate
1880 515 2069 554 hujusmodi
2086 518 2253 550 duratura.

1250 559 1387 595 prestito
1404 569 1421 589 a
1441 570 1495 591 sex
1515 563 1671 600 predictis
1694 566 1932 597 nichilominus
1951 569 2150 607 juramento,
2169 574 2254 610 quod

1250 610 1289 639 de
1311 611 1368 641 illo
1392 613 1522 644 viduato
1546 616 1683 647 ecclesie
1708 620 1929 656 providerent,
1947 632 2055 660 quem,
2074 625 2253 655 secundum

1250 663 1354 693 Deum
1372 670 1402 695 et
1425 668 1647 699 conscientias
1671 680 1758 703 suas,
1782 673 1952 704 meliorem
1975 681 2005 705 et
2027 677 2194 708 utiliorem
2219 679 2252 707 in

1250 716 1481 754 spiritualibus
1491 726 1521 750 et
1536 723 1772 760 temporalibus
1788 731 1988 764 reputarent.
2005 730 2138 760 Duobus
2152 731 2253 769 igitur

1249 779 1285 799 ex
1301 780 1355 801 sex
1369 773 1567 810 supradictis
1584 777 1854 808 renuntiantibus
1868 780 1982 811 tradite
2000 782 2063 811 sibi
2078 792 2095 812 a
2109 784 2252 821 capitulo

1248 825 1411 860 potestati.
1444 831 1585 864 quatuor
1611 829 1744 868 reliqui.
1779 832 1968 863 secedentes
1999 835 2032 864 in
2063 841 2187 873 partem
2215 847 2250 867 ac

1247 881 1369 906 statum
1388 879 1571 916 But-gensis
1588 882 1725 912 ecclesie
1749 885 1966 917 attendentes.
1991 888 2250 920 circumstantiis

1246 938 1473 967 personarumy
1489 937 1553 961 tam
1568 934 1605 964 de
1620 936 1744 972 gremio
1758 937 1894 967 ecclesie
1907 948 2002 977 quam
2015 941 2159 972 aliunde.
2173 943 2250 972 dili-

1247 983 1337 1020 genti
1357 984 1570 1016 meditatione
1587 989 1744 1024 pensatis.
1763 994 1791 1018 te
1808 990 1842 1019 in
1860 1000 1955 1020 suum
1971 993 2158 1032 episcopum
2175 1005 2249 1033 pos-

1247 1035 1405 1066 tularunt.
1433 1038 1541 1074 Quare
1564 1039 1643 1069 dicti
1666 1041 1810 1071 decanus
1836 1048 1866 1072 et
1891 1045 2081 1082 capitulum,
2105 1051 2170 1076 tarn
2193 1058 2250 1086 per

1245 1088 1374 1119 litteras
1390 1100 1489 1129 quam
1506 1101 1562 1129 per
1579 1093 1714 1123 dilectos
1732 1095 1817 1125 filios
1832 1119 1850 1124 ..
1865 1097 2015 1127 abbatom
2032 1099 2136 1130 Vallis
2151 1101 2247 1136 Oleti,

1245 1142 1422 1179 magistros
1452 1144 1662 1181 Rodericum,
1693 1147 1974 1185 archidiaconum,
1998 1156 2028 1180 et
2058 1153 2248 1183 Mat-tinum.

1245 1197 1505 1226 concanonicum
1532 1202 1562 1227 et
1585 1200 1719 1230 nuntios
1740 1210 1828 1236 suos,
1852 1203 1939 1232 viros
1962 1205 2113 1242 providos
2137 1211 2166 1236 et
2183 1207 2251 1237 dis-

1245 1252 1362 1279 cretos,
1388 1250 1444 1288 qui
1468 1251 1553 1288 apud
1583 1260 1640 1281 nos
1665 1262 1763 1291 super
1785 1257 1945 1294 assumpti
1966 1259 2170 1295 promotione
2194 1269 2251 1290 ne-

1245 1302 1325 1339 gotii
1355 1302 1497 1333 fideliter
1532 1305 1744 1340 institerunt,
1780 1308 1883 1337 nichil
1913 1309 1950 1339 de
1982 1311 2250 1349 contingentibus

1244 1355 1436 1389 omittendo,
1456 1356 1550 1386 nobis
1569 1357 1741 1388 humiliter
1757 1361 1983 1398 supplicarunt
2006 1368 2039 1392 ut
2056 1365 2250 1401 postulatio-

1244 1416 1319 1437 nem
1332 1408 1479 1446 ipsorum
1496 1410 1669 1441 admittere
1686 1412 1723 1442 de
1736 1412 1941 1452 benignitate
1955 1416 2048 1445 Sedis
2064 1418 2249 1455 Apostolice

1244 1470 1447 1492 cut-areimis.
1466 1464 1534 1493 Nos
1551 1473 1638 1501 ergo,
1659 1466 1914 1503 postulationem
1935 1470 2070 1499 eandem
2089 1471 2249 1503 facientes

1243 1515 1437 1551 examinari,
1460 1522 1553 1554 prout
1572 1519 1736 1549 convenit.
1759 1520 1946 1558 diligenter.
1967 1522 2041 1553 licet
2060 1525 2248 1562 postulatio-

1243 1568 1296 1597 nis
1325 1569 1495 1606 processui
1521 1579 1586 1599 non
1614 1571 1795 1602 viderimus
1819 1574 1997 1611 plurimum
2023 1577 2245 1609 innitendum.

1242 1622 1461 1652 consideratis
1485 1627 1593 1653 tamen
1618 1625 1815 1656 necessitate
1840 1636 1875 1656 ac
1903 1628 2045 1659 utilitate
2068 1630 2173 1668 ipsius
2193 1641 2245 1661 ec-

1242 1674 1353 1710 clesie,
1382 1676 1446 1709 cui,
1477 1681 1633 1715 tanquam
1660 1679 1807 1709 Romane
1831 1681 1976 1711 Ecclesie
2003 1683 2069 1712 filie
2096 1684 2242 1722 speciali,

1241 1729 1328 1767 quod
1345 1738 1418 1758 cum
1437 1731 1504 1759 Deo
1521 1740 1706 1768 possumus,
1725 1733 1930 1764 intendimus
1955 1736 2061 1766 facere
2081 1741 2145 1766 tam
2161 1737 2245 1767 libe-

1241 1782 1356 1811 raliter
1374 1792 1473 1821 quam
1495 1783 1648 1814 libenter.
1670 1794 1706 1814 ac
1731 1787 1938 1824 prerogativa
1957 1789 2149 1819 meritorum
2173 1795 2245 1820 tuo-

1242 1844 1325 1866 rum.
1343 1836 1410 1874 qui,
1436 1836 1476 1865 ob
1500 1841 1592 1874 grata
1614 1837 1798 1868 devotionis
1820 1839 1989 1878 obsequia.
2010 1842 2043 1870 in
2069 1843 2191 1873 nostris
2214 1848 2244 1873 et

1241 1889 1380 1917 fratrum
1398 1894 1585 1919 nostrorum
1601 1890 1706 1920 oculis
1720 1892 1872 1922 meruisti
1887 1894 2024 1931 gratiam
2042 1900 2072 1924 et
2086 1896 2242 1931 favorem,

1241 1950 1299 1971 nec
1326 1951 1390 1971 non
1415 1946 1444 1971 et
1467 1942 1587 1973 litteris
1609 1943 1780 1974 karissimi
1802 1946 1837 1974 in
1861 1946 1994 1977 Christo
2015 1948 2076 1977 filii
2100 1950 2204 1979 nostri
2223 1972 2242 1978 ..

1240 1995 1329 2033 regis
1352 1995 1494 2025 Castelle
1521 2005 1556 2025 ac
1581 1997 1736 2035 Legionis
1757 1997 1909 2034 illustris,
1936 2001 2111 2031 affectuose
2134 2012 2191 2040 pro
2216 2007 2244 2033 te

1240 2048 1468 2086 supplicantis,
1493 2059 1574 2088 quas
1597 2055 1765 2088 gratanter
1787 2053 1983 2091 recepimus.
2003 2055 2190 2091 intellectis,
2216 2061 2244 2086 et

1241 2102 1432 2140 supplentes
1456 2102 1637 2138 defectum,
1665 2104 1693 2133 si
1717 2105 1791 2143 quis
1820 2106 1852 2135 in
1882 2116 2037 2144 processu
2061 2109 2179 2138 fuerat.
2207 2110 2244 2139 sle

1241 2155 1347 2192 gratia
1363 2159 1393 2184 et
1411 2160 1520 2185 nostre
1537 2155 1744 2194 plenitudine
1760 2159 1944 2196 potestatis,
1966 2164 2005 2192 te,
2026 2170 2043 2190 a
2060 2170 2137 2190 cura
2161 2163 2244 2192 Oxo-

1240 2208 1366 2238 mensis
1386 2208 1523 2239 ecclesie
1547 2209 1749 2245 absolutum,
1771 2211 1875 2241 eidem
1904 2213 2068 2251 Burgensi
2094 2214 2242 2250 ecclesie,

1240 2261 1278 2291 de
1295 2262 1434 2291 fratrum
1453 2267 1640 2292 nostrorum
1664 2264 1814 2300 consilio,
1841 2266 2040 2303 prefecimus
2061 2267 2094 2296 in
2119 2268 2244 2306 episco-

1240 2324 1318 2353 pum
1337 2319 1368 2345 et
1391 2320 1566 2353 pastorem.
1590 2317 1733 2355 Ideoque
1754 2318 1996 2349 fraternitatem
2020 2325 2107 2349 tuam
2131 2330 2244 2351 mone-

1240 2377 1314 2398 mus
1331 2373 1361 2398 et
1375 2369 1547 2399 hortamur
1562 2370 1595 2399 in
1611 2371 1762 2406 Domino,
1781 2380 1838 2409 per
1850 2372 2029 2410 apostolica
2045 2374 2104 2403 tihi
2122 2375 2242 2413 scripta

1241 2421 1437 2452 mandantes
1458 2427 1632 2461 quatenus,
1658 2423 1849 2461 impositum
1871 2425 1929 2454 tibi
1952 2435 2034 2455 onus
2056 2428 2242 2465 suscipiens

1241 2479 1442 2509 reverenter,
1457 2475 1496 2504 ad
1509 2476 1669 2513 prefatam
1687 2477 1891 2514 Burgensem
1904 2479 2038 2508 accedas
2056 2479 2240 2513 ecclesiam,

1241 2533 1375 2558 acturus
1393 2538 1505 2558 curam
1522 2529 1592 2567 ejus
1612 2530 1658 2558 ita
1674 2529 1815 2559 fideliter
1832 2535 1862 2560 et
1875 2531 2062 2568 prudenter,
2081 2533 2167 2570 quod
2183 2534 2243 2563 sub

1242 2586 1297 2611 tuo
1313 2581 1487 2619 regimine.
1504 2586 1535 2611 ut
1556 2586 1716 2620 speratur,
1731 2582 1870 2612 ecclesia
1884 2583 1954 2621 ipsa
1966 2584 2000 2612 in
2013 2585 2244 2622 spiritualibus

1243 2638 1273 2664 et
1285 2634 1522 2672 temporalibus
1535 2635 1671 2672 recipiat
1684 2635 1899 2671 incrementa⁷
1914 2641 1955 2670 ct,
1970 2640 2125 2675 tanquam
2138 2638 2245 2668 fidelis

1243 2696 1358 2717 servus
1377 2692 1407 2717 et
1426 2687 1569 2725 prudens
1587 2696 1684 2726 super
1700 2688 1862 2718 familiam
1879 2690 2012 2718 Domini
2032 2691 2243 2726 constitutus,

1241 2740 1370 2770 lucrum
1387 2745 1534 2778 optatum
1550 2741 1588 2770 de
1605 2741 1728 2771 credito
1747 2741 1805 2771 tibi
1824 2742 1945 2772 talento
1963 2745 2138 2782 reportes¹‚
2157 2744 2247 2774 salu-

1242 2798 1307 2823 tem
1327 2793 1480 2823 videlieet
1498 2794 1696 2823 animarum.
1720 2795 1794 2824 Dat.
1822 2796 1987 2831 Laterani,
2005 2797 2067 2826 VII
2088 2797 2248 2827 kalendas

1239 2847 1339 2886 junii.
1356 2856 1442 2876 anno
1457 2847 1715 2885 quartodecimo.
1736 2860 1748 2873 n

1276 2955 1296 2979 l.
1313 2954 1353 2978 Cf.
1370 2953 1474 2977 ΜΑΤΤΗ.
1491 2952 1574 2982 XXV,
1591 2953 1670 2976 14:28.
