2553 3526
156 303 213 332 517
992 293 1236 337 ocmzlEME
1258 294 1417 331 ANNEE.
2197 315 2253 342 513

157 369 193 396 ad
208 377 314 396 manus
330 376 397 394 suas
414 368 553 402 recipere,
575 370 601 394 et
619 376 681 395 eam
705 368 741 395 ab
763 369 900 395 oneribus
921 371 1065 395 rectorum
1083 367 1166 393 Mar-

157 417 243 443 chiae
258 416 308 451 qui
326 424 377 451 pro
394 419 525 450 tempore
539 416 660 448 fuerint,
675 417 815 443 eximere.
833 432 865 435 -
881 417 968 448 (Res.
980 416 1024 447 20,
1042 417 1062 442 f.
1077 415 1111 442 80
1127 418 1165 447 r⁰;

158 474 229 492 ann.
248 465 317 497 XV,
337 473 362 491 c.
379 464 429 496 65;
447 479 478 483 -—
494 465 651 492 Porrimsr
663 464 766 497 11020;
784 480 816 483 —
833 466 1016 492 RonENBx-:Ro
1033 464 1113 495 817.)

201 577 213 591 «
235 565 350 594 Eidem.
373 564 592 595 Attendentes
609 569 701 602 grata
716 565 876 604 obsequia
891 566 979 602 [etc.
1000 568 1035 593 ut
1055 572 1165 601 supra,

158 618 194 647 in
215 617 337 647 litteris
363 617 403 647 ad
424 626 598 647 commune
622 617 823 647 Esculanum
844 617 989 651 directis,
1019 616 1080 646 sub
1106 625 1167 645 nu-

160 679 250 701 mero
267 670 343 700 6005
363 670 497 705 notatis,
516 679 621 709 usqne
639 670 673 699 in
690 670 814 706 finem}
829 671 902 699 Dat.
916 674 950 698 ut
970 678 1106 707 supra.»

232 854 350 882 6643
760 855 880 886 Latran,
897 854 931 881 30
945 854 1004 881 mai
1017 854 1096 880 1241.

197 914 322 942 Buttaro
342 915 377 941 de
394 915 505 941 Sancta
518 914 615 941 Maria
631 915 660 940 in
680 915 793 945 Monte,
817 914 1038 942 Camerinensis
1058 915 1170 941 dioece—

161 963 212 995 sis,
233 963 284 997 qui
301 963 453 989 Romanae
469 962 619 989 Ecclesiae
639 963 767 990 fideliter
780 963 923 990 servierat
938 971 971 990 ac
984 966 1101 997 propter
1117 963 1170 989 hoc

160 1011 272 1038 damna
288 1019 386 1038 rerum
406 1015 434 1038 et
455 1020 598 1046 expensas
612 1012 787 1044 incurrerat,
804 1012 952 1045 significat
971 1020 1000 1038 se
1016 1012 1043 1038 ei
1060 1012 1170 1037 molen-

160 1059 277 1092 dinum,
299 1060 455 1094 pedagium
480 1063 508 1086 et
531 1062 622 1086 terras
645 1068 719 1094 quae
740 1060 870 1087 Gentilis
892 1060 927 1086 de
948 1060 1059 1086 Franco
1082 1059 1170 1085 castri

161 1108 292 1135 Rotundi
309 1108 346 1135 ab
360 1108 494 1135 Ecclesia
511 1109 645 1135 Romana
661 1109 691 1135 in
711 1111 805 1135 castro
822 1109 999 1135 Mattecclae
1015 1110 1059 1140 (Ξ
1073 1106 1088 1134 Ῥ
1103 1107 1170 1134 Ma-

160 1158 261 1190 telica)
281 1161 428 1189 tenuerat,
451 1174 484 1177 —
507 1159 557 1193 qui
574 1159 715 1191 Gentilis,
736 1159 886 1186 Friderico
902 1159 981 1185 dicto
998 1158 1169 1192 imperatori

160 1210 263 1235 contra
277 1207 442 1235 Ecclesiam
458 1208 623 1239 serviendo,
644 1207 729 1234 Sedis
744 1207 932 1242 Apostolicae
949 1207 1043 1241 gratia
1059 1216 1089 1233 se
1104 1207 1170 1233 red-

160 1256 277 1283 diderat
302 1255 472 1290 indignum,
495 1271 528 1274 —
553 1256 584 1282 in
606 1256 725 1282 feudum
750 1256 937 1282 concessisse.
961 1270 993 1273 —
1017 1256 1103 1287 (Rae.
1125 1255 1168 1288 20,

160 1305 182 1332 f.
199 1304 233 1331 80
248 1307 289 1337 r‘·;
305 1312 375 1331 ann.
393 1304 462 1337 XV,
479 1312 504 1331 c.
522 1304 571 1336 66;
586 1319 619 1322 —
634 1305 791 1332 PorrnAsr
806 1304 916 1335 11024.)

202 1418 215 1433 α
239 1407 381 1435 Βιιιιανο·
405 1406 439 1435 de
461 1406 574 1435 Sancta
605 1406 705 1435 Maria
732 1407 763 1434 in
787 1406 893 1440 Monte,
918 1404 1168 1444 Ca⁷71e7·1'nen[sis]

159 1459 296 1489 diocesis.
318 1459 419 1490 Sedes
439 1458 630 1497 Apostolica
653 1458 807 1488 fidelibus
829 1476 877 1488 —.
902 1459 975 1488 Dat.
1000 1459 1165 1495 Laterani,

160 1512 211 1542 III
226 1511 385 1542 kalendas
398 1512 498 1551 junii,
514 1521 602 1542 anno
617 1512 875 1551 quintodecimo.
896 1524 908 1537 n

231 1697 350 1725 (3⁰44
760 1696 880 1729 Latran,
895 1696 930 1723 30
943 1697 1002 1723 mai
1019 1697 1098 1724 1241.

197 1759 342 1794 Episcopo
360 1758 558 1786 Recanatensi
574 1758 677 1786 scribit
695 1767 700 1785 :
718 1766 731 1784 «
749 1758 833 1785 Fidei
850 1759 1048 1786 constantiam
1072 1762 1100 1786 et
1120 1760 1171 1786 de-

160 1815 175 1834 »
195 1807 325 1835 votionis
337 1807 540 1834 sinceritatem
557 1815 644 1841 quam
660 1808 755 1834 clerus
771 1810 797 1834 et
815 1808 940 1842 populus
952 1808 1171 1835 Racanatenses

161 1856 232 1884 »ad
262 1865 314 1883 nos
339 1858 368 1883 et
392 1856 616 1883 Sacrosanctan]
646 1856 811 1883 Romanam
838 1856 1018 1889 Ecclesiam,
1045 1860 1170 1884 matrem

160 1912 175 1930 »
195 1913 292 1938 suam,
316 1903 483 1932 habuerunt
507 1905 649 1931 hactenus
669 1907 698 1931 et
719 1904 825 1932 habere
846 1908 1007 1932 noscuntur
1028 1906 1117 1932 etiam
1139 1906 1169 1932 in

160 1961 174 1979 »
195 1953 336 1988 presenti,
361 1953 438 1980 sicut
461 1953 611 1985 convenit,
636 1953 834 1986 attendentes,
856 1954 1105 1987 quemadmodum
1124 1963 1171 1982 ec-

159 2009 174 2029 »
195 2002 317 2029 clesiam
343 2001 447 2029 Sancti
469 2002 609 2029 Flaviani
635 2000 819 2037 Racanat[is]
841 2002 1002 2036 episcopali
1025 2003 1107 2034 sede,
1129 2003 1171 2030 ita

159 2057 174 2077 ›)
194 2050 348 2078 ecclesiam
368 2050 471 2078 Sancti
488 2050 564 2081 Viti,
587 2050 721 2077 civitatis
739 2051 883 2084 ejusdcm,
900 2051 1065 2078 cathedrali
1086 2060 1171 2078 cano-

159 2107 174 2126 »
195 2099 263 2127 nica
275 2099 416 2126 duximus
431 2099 640 2126 decorandam.
657 2100 803 2130 Quocirca
821 2100 998 2127 mandamus
1014 2104 1170 2134 quatenus,

160 2155 174 2173 ))
195 2148 388 2175 consideratis
404 2148 527 2174 ecclesie
544 2147 648 2175 Sancti
666 2148 731 2175 Viti
754 2148 885 2182 predicte
908 2149 1112 2181 facultatibus,
1129 2152 1171 2176 tot

160 2205 174 2223 »
195 2197 226 2224 in
242 2205 276 2224 ea
289 2197 447 2224 canonicos
465 2197 642 2224 auctoritate
658 2197 819 2231 apostolica
834 2200 957 2230 statuas,
972 2200 1042 2232 quot
1057 2206 1093 2224 ex
1110 2198 1171 2225 illis

160 2253 174 2271 ))
195 2245 307 2273 videris
324 2254 407 2280 posse
421 2245 575 2272 commode
593 2245 764 2272 sustentari.
783 2254 797 2271 n
815 2260 846 2264 —
862 2246 949 2277 (Rau.
968 2246 1013 2278 20,
1036 2247 1056 2273 f.
1078 2246 1113 2273 80
1133 2249 1170 2279 r⁰;

159 2302 230 2321 ann.
247 2294 317 2327 XV,
334 2303 358 2321 c.
376 2293 426 2326 673
445 2309 477 2312 -
492 2294 530 2320 ef.
548 2301 644 2326 snpra,
660 2302 688 2320 n.
703 2293 783 2326 5330,
799 2294 869 2320 5345
884 2298 912 2321 et
928 2294 1020 2325 5346.)

202 2406 215 2421 ι
234 2417 255 2424 ..
272 2395 406 2432 episcopo
422 2395 635 2424 Racanatensi.
651 2393 744 2423 Fidei
756 2394 977 2424 constantiam
990 2399 1020 2424 et
1034 2412 1081 2424 —.
1096 2396 1169 2424 Dat.

160 2447 325 2483 Laterani,
348 2447 396 2477 III
412 2446 572 2476 kalendas
586 2446 687 2485 junii.
704 2455 791 2475 anno
807 2446 1065 2485 quintodecimo.
1085 2460 1097 2474 n

231 2632 352 2661 6⁰45

197 2694 353 2722 Universis
367 2694 525 2721 abbatissis
540 2697 567 2721 et
583 2694 764 2721 monialibus
780 2694 903 2720 inclusis
925 2695 1170 2722 monasteriorum

159 2743 273 2771 ordinis
286 2743 381 2770 sancti
396 2743 537 2770 Damiani
553 2743 675 2769 intimat
688 2752 718 2769 se
734 2743 875 2769 fratribus
889 2743 1057 2770 Minoribus
1069 2752 1170 2770 earum

158 2792 308 2826 obsequiis
330 2792 491 2826 deputatis,
525 2791 649 2818 liberam
681 2792 839 2818 concedere
873 2793 1045 2818 facultatem
1069 2801 1170 2819 earum

159 2841 341 2868 monasteria
362 2840 392 2867 in
417 2840 593 2874 quibusdam
618 2841 734 2867 casibus
755 2840 898 2872 intrandi,
923 2841 1063 2868 videlieet
1085 2849 1098 2866 (ι
1121 2850 1171 2875 pro

753 2633 874 2665 Latran,
892 2633 926 2659 1⁷*
938 2633 1002 2666 juin
1019 2633 1098 2660 1241.

194 2968 215 2992 l.
231 2968 306 2992 Dans
322 2968 347 2991 la
363 2967 435 2991 table
451 2967 500 2991 des
515 2968 640 2997 capitula
658 2977 665 2991 ;
680 2970 792 2991 Batai-o.

1248 373 1261 392 »
1283 368 1444 394 exercendo
1461 370 1703 396 monasteriorum
1724 371 1853 405 ipsorum
1875 381 1970 406 opere,
1992 376 2039 401 vel
2060 375 2121 402 illis
2138 386 2254 405 conscr-

1248 423 1261 439 »
1283 415 1390 442 vandis
1405 416 1442 443 ab
1458 417 1595 444 incendio
1616 427 1665 445 seu
1679 427 1695 445 a
1712 420 1875 447 latronibus
1889 421 2082 450 defendendis
2101 433 2125 455 n,
2140 434 2189 453 seu
2204 436 2254 461 pro

1248 470 1348 489 earum
1366 465 1600 492 confessionibus
1618 467 1784 494 audiendis.
1807 470 2000 497 sacramentis
2017 471 2058 497 eis
2078 473 2255 501 exhibendis

1249 513 1277 536 et
1293 512 1462 545 corporibus
1483 522 1612 541 sororum
1631 515 1836 543 decedentium
1854 518 2043 551 sepeliendis.
2062 535 2093 538 —
2110 522 2196 552 (Hac.
2209 523 2254 552 20,

1250 559 1269 585 f.
1283 558 1318 585 80
1329 563 1366 591 r⁹;
1384 569 1454 588 ann.
1470 562 1538 595 XV,
1555 572 1580 588 c.
1595 563 1643 593 68:
1662 578 1692 581 —
1710 564 1866 592 Por-nun
1882 566 1991 597 11026.)

1292 672 1303 685 «
1325 661 1480 691 l'nirersis
1491 664 1649 692 abbatissis
1666 670 1691 693 el
1712 667 1896 695 monialibus
1915 668 2042 697 inclusis
2057 672 2255 699 monasterio-

1249 721 1319 741 rum
1338 714 1457 743 ordinis
1473 717 1571 744 sancti
1591 717 1747 748 Damiazzi.
1767 718 1895 748 Vestris
1919 720 1982 757 piis
2004 721 2257 759 supplicationi·

1251 765 1311 795 bus
1327 783 1375 795 -.
1402 768 1473 796 Dat.
1498 769 1664 800 Laterani,
1686 769 1838 800 kalendis
1857 772 1956 810 junii.
1975 782 2062 802 anno
2081 775 2257 812 quintode-

1251 827 1347 848 cmio.
1369 832 1380 845 »

1323 1011 1439 1039 (3046

1287 1073 1431 1107 Episcopo
1456 1077 1484 1100 ct
1509 1075 1639 1109 capitulo
1668 1076 1934 1105 Hercsordensibus
1965 1080 2085 1106 mandat
2113 1084 2257 1114 quatenus

1251 1121 1395 1148 Thomam
1414 1122 1541 1154 Folioth,
1556 1123 1708 1157 clericum,
1721 1126 1971 1159 consanguineum
1986 1125 2140 1162 R[oberti],
2154 1128 2257 1156 Sancti

1250 1168 1531 1197 Eustachiidiaconi
1542 1172 1714 1205 cardinalis,
1731 1173 1762 1199 in
1779 1174 1953 1201 canonicum
1966 1178 1995 1201 et
2007 1175 2036 1201 in
2049 1176 2168 1203 fratrem
2187 1178 2259 1204 reci-

1837 1016 1956 1049 Latran,
1978 1017 2012 1043 1‘¹
2024 1017 2088 1050 juin
2106 1018 2184 1045 1241.

1251 1217 1346 1251 piant,
1363 1226 1376 1243 (ι
1393 1227 1450 1245 non
1466 1219 1601 1247 obstante
1620 1225 1698 1248 certo
1717 1222 1924 1249 canonicorum
1943 1232 2074 1255 numero,
2091 1225 2259 1258 juramento

1252 1274 1265 1291 »
1286 1275 1336 1293 seu
1352 1267 1411 1293 alia
1428 1268 1568 1295 firmitate
1582 1270 1696 1296 vallato
1713 1277 1738 1302 )),
1755 1271 1801 1297 vel
1819 1271 1843 1297 si
1860 1271 1932 1305 ipsis
1947 1280 1998 1306 pro
2016 1273 2084 1299 aliis
2100 1273 2162 1307 ipse
2182 1283 2259 1308 papa

1250 1315 1309 1348 Jam
1327 1315 1494 1349 scripserit;
1512 1317 1575 1351 ipse
1595 1318 1759 1352 episcopus,
1776 1319 1812 1345 ad
1829 1328 1914 1353 quem
1937 1321 2055 1348 collatio
2076 1322 2258 1356 praebenda-

1250 1371 1315 1389 rum
1331 1363 1555 1391 Herefordensis
1567 1366 1708 1393 ecclesiae
1719 1366 1873 1394 dicebatur
1886 1368 2043 1402 pertinere,
2060 1370 2256 1404 praebendam

1251 1420 1337 1445 quam
1356 1413 1414 1440 cito
1434 1422 1463 1439 se
1484 1415 1609 1441 facultas
1629 1414 1781 1448 obtulerit,
1803 1417 1953 1450 praedicto
1976 1418 2082 1445 clerico
2105 1420 2256 1452 conferat;

1252 1461 1389 1488 noverint
1410 1461 1506 1495 ipsum
1531 1471 1637 1497 papam
1664 1464 1774 1491 decano
1795 1464 1984 1498 Eboracmsi,
2006 1475 2058 1493 nec
2079 1475 2136 1494 non
2160 1468 2258 1495 archi-

1251 1509 1384 1536 diaconis
1400 1511 1648 1544 Richemunfflae,
1663 1512 1855 1540 Eboracensis
1866 1514 2018 1547 dioecesis,
2033 1519 2061 1542 et
2076 1516 2112 1542 de
2125 1515 2258 1543 Norban-

1251 1557 1366 1593 ton[ia],
1388 1558 1607 1587 Lincolniensis
1623 1561 1775 1594 dioecesis,
1792 1571 1878 1596 super
1893 1564 2080 1591 exsecutione
2096 1565 2258 1598 praesentis

1252 1607 1387 1635 mandati
1403 1608 1566 1643 scripsisse.
1584 1624 1616 1627 —-
1633 1610 1718 1642 (Rae.
1739 1610 1783 1643 20,
1805 1611 1825 1638 f.
1843 1611 1877 1637 80
1892 1615 1930 1644 r⁰;
1947 1620 2016 1639 ann.
2034 1613 2102 1646 XV,
2120 1622 2144 1640 c.
2161 1613 2218 1644 69.)

1294 1721 1306 1735 (ε
1327 1733 1347 1740 ..
1364 1711 1497 1748 episcopo
1513 1716 1538 1740 et
1554 1712 1687 1749 capitulo
1706 1713 1980 1748 Herefordensibus.
2000 1714 2145 1752 Dignum
2162 1719 2260 1745 estut

1251 1779 1299 1791 —.
1316 1763 1390 1792 Dat.
1407 1763 1572 1798 Laterani,
1588 1764 1738 1794 kalendis
1750 1765 1852 1803 junii,
1868 1774 1955 1795 anno
1971 1766 2228 1805 quintodecimo.
2244 1780 2257 1794 »

1324 1955 1441 1983 6042

1287 2018 1552 2052 Arcliiepiscopum
1570 2019 1844 2053 Compostellanum
1866 2024 1947 2054 rogat
1963 2024 1991 2048 et
2009 2022 2141 2048 hortatur
2157 2025 2260 2056 quate-

1253 2074 1307 2092 nus
1324 2067 1428 2093 fratres
1443 2066 1584 2100 Minores,
1602 2076 1672 2101 quos
1684 2068 1905 2102 Portugalensis
1917 2069 2069 2103 episcopus
2081 2078 2115 2096 ex
2130 2070 2258 2104 ipsorum

1253 2114 1350 2146 domo,
1367 2115 1423 2141 sita
1438 2115 1467 2141 in
1486 2116 1575 2142 fundo
1591 2116 1640 2150 qui
1658 2117 1838 2143 Retundella
1859 2118 2024 2151 vulgariter
2045 2119 2264 2152 appellabatur,

1254 2163 1391 2196 ejecerat,
1412 2164 1448 2190 ad
1473 2165 1597 2191 eundem
1627 2166 1723 2192 locum
1748 2169 1875 2195 revocet,
1902 2175 2006 2200 eosque
2026 2167 2061 2193 de
2078 2171 2173 2194 cetero
2193 2177 2263 2195 con-

1254 2215 1351 2238 servet
1371 2212 1497 2244 ibidem:
1520 2213 1561 2239 eis
1579 2214 1747 2240 volentibus
1769 2214 1832 2241 illic
1853 2215 2008 2242 ecclesiam
2029 2219 2057 2242 et
2077 2216 2177 2242 domos
2193 2225 2262 2243 con-

1253 2264 1376 2293 struere,
1390 2262 1565 2295 primarium
1584 2263 1713 2296 lapidem
1732 2263 1883 2295 concedat,
1901 2267 1929 2290 et
1941 2273 1987 2290 eos
2001 2273 2158 2298 eorumque
2174 2265 2262 2292 bene-

1254 2311 1377 2336 factores
1393 2313 1420 2337 et
1432 2311 1578 2344 operarios
1591 2320 1608 2337 a
1622 2312 1766 2338 molestiis
1779 2315 1904 2339 tueatur.
1920 2327 1952 2331 --
1968 2313 2055 2344 (Rm.
2067 2313 2111 2345 20,
2130 2314 2148 2340 f.
2167 2313 2201 2340 80
2216 2317 2261 2346 v⁰;

1253 2367 1323 2385 ann.
1341 2359 1409 2391 XV,
1427 2368 1451 2386 c.
1469 2359 1521 2392 703
1539 2374 1570 2378 —-
1588 2360 1746 2387 Pommsr
1761 2361 1871 2391 10999.)

1824 1958 1944 1990 Latran,
1960 1959 1994 1985 22
2010 1968 2088 1986 mars
2108 1960 2187 1987 1241.

1296 2472 1308 2486 «
1334 2482 1353 2489 ..
1375 2461 1599 2498 archiepiscopo
1624 2462 1867 2498 Composteclano.
1892 2461 2048 2491 Dolentes
2074 2461 2261 2500 accepimus

1254 2517 1285 2542 et
1300 2531 1349 2541 —.
1367 2514 1440 2543 Dat.
1460 2513 1626 2549 Laterani,
1640 2514 1687 2543 XI
1707 2513 1865 2544 kalendas
1883 2514 2009 2552 aprilis,
2026 2523 2112 2544 anno
2126 2514 2260 2553 quinto-

1254 2565 1392 2595 decimo.
1411 2577 1424 2591 »

1325 2755 1441 2784 6048
1859 2756 1980 2790 Latran,
1997 2757 2013 2784 6
2027 2758 2092 2791 juin
2109 2758 2187 2786 1241.

1290 2817 1428 2845 Gener-ali
1446 2817 1582 2843 ministro
1599 2819 1625 2843 ct
1642 2817 1789 2843 universis
1807 2818 1954 2845 ministris
1969 2819 2201 2853 provincialibus
2217 2830 2259 2846 or—

1253 2866 1332 2892 dinis
1353 2866 1504 2892 Minorum
1528 2866 1699 2892 facultatem
1723 2866 1857 2893 concedit
1876 2867 2008 2894 subditos
2029 2876 2093 2894 suos
2115 2869 2174 2901 qui„
2197 2869 2260 2895 sive

1254 2915 1424 2949 priusquam
1444 2914 1577 2940 ordinem
1602 2914 1794 2947 intraverint,
1819 2915 1882 2941 sive
1902 2919 2011 2949 postea,
2030 2916 2060 2942 in
2077 2916 2192 2943 casibus
2209 2926 2260 2944 ex-

1255 2963 1406 2993 cesserint,
1425 2962 1454 2988 in
1473 2962 1578 2996 quibus
1595 2963 1912 2990 excommunicationis
1926 2965 2102 2991 sententiam
2119 2969 2147 2992 ot
2160 2969 2258 2992 notam
