2553 3526
285 281 341 310 499
1012 277 1250 308 REGISTRES
1274 275 1328 305 DE
1351 268 1572 306 GREGOIRE
1599 277 1655 306 tx.
2326 280 2383 309 500

285 352 349 377 tate
380 351 490 376 nostra
522 346 655 375 curetis.
687 345 953 376 Contradictores
982 350 1043 374 ete.
1072 345 1186 374 Testes
1214 347 1287 377 etc.,

286 409 389 438 usque
404 410 410 428 :
427 399 562 437 cogatis,
580 403 689 436 preter
706 406 802 436 quam
822 407 920 436 super
936 397 1134 427 criminibus
1151 404 1291 426 censura

285 453 388 482 simili
407 457 480 482 etc..
501 460 606 490 usque
626 461 631 479 :
651 450 837 488 perbibere.
859 450 932 479 Non
951 448 1161 479 obstantibus
1180 447 1292 476 indul-

286 506 396 543 gentia
426 504 586 534 fratribus
619 502 886 533 Prodicatoribus
917 502 956 531 ab
988 501 1175 540 Apostolica
1209 500 1291 530 Sede

284 567 452 588 concessa.
472 566 511 586 ne
525 557 563 586 de
579 556 688 585 causis
706 555 770 584 sibi
794 555 833 584 ab
855 554 968 584 eadem
991 554 1073 583 Sede
1091 553 1290 587 commissis,

284 618 482 647 cognoscere
499 612 674 638 teneantur
689 607 795 637 inviti.
815 611 844 637 et
857 607 1093 636 constitutione
1109 606 1147 635 de
1165 605 1292 634 duabus

285 664 382 693 dietis
408 662 494 692 edita
522 661 555 690 in
583 660 723 690 concilio
748 659 906 697 generali.
933 659 1026 696 Quod
1046 659 1074 688 si
1097 667 1161 688 non
1178 666 1292 687 omnes

284 721 356 745 etc..
380 715 443 743 duo
460 718 521 743 etc.
539 714 611 742 Dat.
631 712 797 746 Laterani,
817 711 967 741 kalendis
985 711 1075 740 maii.
1095 719 1181 740 anno
1198 710 1291 748 quin-

286 767 456 797 todecimo.
480 779 491 792 n

357 978 471 1006 (3007
874 976 995 1008 Latran,
1014 975 1046 1001 18
1064 974 1122 1001 mai
1140 975 1219 1001 1211.

322 1048 476 1079 Potestati,
492 1047 615 1073 consilio
627 1049 653 1073 et
668 1046 774 1080 populo
789 1044 1026 1072 Bononiensibus
1039 1046 1138 1070 narrat
1150 1043 1294 1077 quomodo

288 1097 465 1127 l⁴'ridericus,
481 1096 578 1122 dietus
602 1095 772 1129 imperator.
790 1094 919 1128 primum
942 1093 1061 1127 petierit
1084 1096 1115 1119 ut
1132 1092 1292 1118 concilium

286 1149 505 1176 convocaretur,
522 1147 550 1171 et
567 1147 667 1178 postea
680 1143 794 1170 litteras
811 1142 973 1169 contrarias
989 1141 1158 1170 destinarit,
1175 1144 1203 1167 et
1220 1149 1293 1174 quo-

288 1195 371 1221 modo
386 1195 529 1228 praelatos
545 1193 580 1219 ad
601 1192 706 1219 Sedent
723 1191 924 1226 Apostolicam
943 1189 1293 1223 accedentes‚cun1e1)is-

286 1252 356 1277 copo
376 1242 567 1269 Praenestino
584 1245 609 1267 et
628 1241 747 1271 Omine,
771 1240 874 1266 Sancti
895 1239 1013 1266 Nicolai
1034 1239 1064 1265 in
1082 1239 1205 1266 Carcere
1221 1238 1293 1264 Tul—

287 1292 365 1318 liano
387 1291 510 1317 diacono
532 1290 688 1320 cardinali,
712 1289 900 1323 Apostolicae
925 1289 1010 1315 Sedis
1035 1288 1150 1321 legatis,
1174 1287 1293 1314 insidiis

286 1341 410 1374 ceperit:
435 1348 481 1366 eos
505 1342 604 1365 monet
623 1342 651 1365 et
672 1341 751 1372 rogat
773 1341 917 1372 quatenus
945 1337 1120 1372 persecutori
1144 1336 1294 1364 Ecclesiae

288 1389 416 1416 viriliter
434 1388 583 1415 resistant.
600 1388 736 1418 —(R1-:‹;.
753 1387 798 1417 ⁴20,
821 1388 840 1413 f.
862 1387 896 1413 75
917 1390 954 1418 r⁰;
974 1395 1044 1413 ann.
1063 1386 1132 1418 XV,
1149 1394 1173 1412 c.
1196 1385 1246 1417 482
1262 1400 1293 1403 —

287 1438 418 1464 Moamu
435 1437 512 1469 1193,
528 1436 624 1467 f.‘295;
643 1451 675 1454 ——
693 1436 849 1463 Por-riusa*
860 1435 962 1466 11017;
975 1450 1006 1453 —
1021 1435 1203 1461 noum-sam}
1219 1434 1293 1464 815.)

327 1577 340 1591 α
361 1588 380 1593 ..
400 1565 547 1602 potestati.
570 1565 697 1592 consitio
719 1568 745 1591 et
770 1564 880 1600 populo
900 1561 1175 1600 Bonon[tm1sit11s].
1200 1562 1295 1591 Exis-

286 1623 357 1648 tens
374 1618 407 1646 in
430 1617 511 1647 mari
528 1634 578 1645 —.
597 1616 786 1646 Fridericus
811 1624 953 1654 namque
975 1615 1081 1645 dictus
1104 1616 1293 1653 imperator.

287 1671 431 1701 Ecclesie
456 1674 656 1708 persecutor.
676 1669 811 1698 directis
835 1668 913 1698 olim
938 1668 1098 1697 fratribus
1118 1669 1241 1697 nostris
1264 1672 1294 1698 et

286 1724 501 1754 ecclesiarum
523 1722 659 1761 prelatis
676 1731 711 1751 ac
731 1722 938 1760 principibus
956 1721 1045 1751 orbis
1063 1721 1183 1751 litteris
1200 1721 1294 1759 petiit

286 1776 459 1806 convocari
485 1775 674 1805 concilium.
700 1780 734 1803 ut
758 1774 803 1803 ibi
827 1774 865 1804 de
889 1774 1015 1804 meritis
1042 1779 1295 1812 cognosceretur

286 1830 408 1867 ipsius;
425 1837 551 1867 nosque
569 1827 711 1862 tandem,
728 1827 766 1857 de
782 1828 922 1856 fratrum
935 1827 1125 1856 eorumdem
1141 1826 1291 1862 consilio,

287 1883 428 1921 prelatos
455 1887 484 1912 et
512 1891 626 1919 regum
661 1890 697 1911 ac
727 1881 915 1919 principum
948 1881 1083 1910 nuntios
1108 1880 1148 1909 ad
1177 1880 1294 1910 Sedem

286 1935 508 1974 Apostolicam
530 1934 684 1963 duximus
706 1933 945 1963 convocandos.
965 1934 1028 1964 Sed
1046 1933 1144 1967 idem,
1163 1933 1224 1963 hoc
1241 1933 1293 1962 in-

288 1989 425 2023 tellecto,
446 1988 523 2026 quia
542 1988 676 2017 terroris
698 1987 827 2016 sonitus
850 1987 1029 2024 impiorum
1051 1987 1188 2016 auribus
1207 1995 1294 2016 sern-

287 2051 343 2080 pcr
370 2042 468 2071 inest.
500 2050 537 2070 eo
569 2040 655 2078 quod
686 2040 754 2069 lesa
785 2039 991 2069 conscientia
1018 2049 1092 2069 seva
1120 2039 1292 2077 presumit.

287 2095 529 2132 subsequenter
545 2093 627 2122 alias
639 2093 767 2122 litteras
783 2093 966 2122 contrarias
983 2092 1173 2122 destinavit.
1193 2097 1221 2121 et
1241 2101 1295 2122 ne·

288 2147 398 2186 quiter
414 2156 447 2175 se
467 2145 648 2175 humilians
668 2154 803 2174 examen
823 2144 957 2173 concilii
980 2145 1191 2183 requirendo.
1209 2145 1295 2174 inte-

289 2201 375 2229 riora
391 2208 449 2228 sua
470 2198 566 2236 plena
587 2197 660 2227 dolo
684 2198 845 2235 scripture
864 2197 1022 2227 varietate
1039 2197 1173 2227 detexit.
1194 2200 1296 2227 Acce-

288 2252 442 2283 dentibus
462 2252 573 2289 itaque
595 2250 635 2280 ad
652 2250 768 2280 Sedem
795 2249 931 2279 eandem
954 2249 1089 2287 prelatis
1114 2250 1294 2288 aliquibus.

289 2311 318 2335 et
341 2304 491 2344 pluribus
515 2312 629 2334 eorum
655 2308 785 2341 propter
809 2303 909 2331 maris
936 2302 1086 2332 timorem
1103 2303 1142 2332 ad
1165 2304 1296 2341 propria

290 2358 516 2389 redeuntibus.
540 2358 622 2395 ipse,
645 2356 757 2385 audito
781 2355 889 2385 vicino
912 2355 1115 2394 reliquorum
1139 2356 1294 2393 adventu,

288 2422 354 2442 eos.
373 2411 489 2449 positis
505 2409 649 2444 insidiis.
669 2409 745 2438 fecit
764 2417 838 2437 curn
854 2408 1035 2437 venerabili
1054 2409 1155 2438 fratre
1175 2433 1193 2438 ..
1213 2410 1295 2447 epis-

288 2474 366 2502 copo
384 2463 579 2494 Penes-,trino
596 2471 631 2491 ac
648 2461 767 2491 dilecto
783 2461 849 2490 tilio
868 2461 990 2490 nostris
1006 2461 1160 2499 O[tton‹·]v
1183 2462 1295 2492 Sancti

289 2517 418 2547 Nicolai
441 2517 475 2545 in
496 2516 634 2546 Carcere
656 2514 809 2545 Tulliano
829 2514 966 2544 diacono
986 2515 1157 2544 cardinali.
1177 2516 1295 2553 legatis

289 2571 383 2601 Sedis
414 2569 610 2607 Apostolice‚
639 2568 792 2603 detineri,
822 2568 918 2606 quasi
951 2576 1015 2597 non
1038 2568 1203 2598 sufficeret
1232 2569 1296 2599 sibi

289 2624 375 2662 quod
390 2622 571 2653 Ecclesiam
588 2621 817 2659 multipliciter
829 2621 961 2657 leserat,
977 2621 1040 2650 nisi
1052 2625 1079 2651 et
1094 2621 1176 2651 alias
1190 2622 1297 2652 eidem

289 2675 550 2706 inextimabilem
566 2674 727 2711 irrogaret
741 2675 914 2703 oti'ensam.
932 2675 1067 2704 Verum.
1081 2675 1143 2704 etsi
1156 2675 1215 2705 hec
1232 2680 1296 2705 tur-

289 2729 456 2758 bationem
472 2727 639 2757 mentibus
656 2726 803 2756 fidelium
820 2727 978 2756 inferant,
999 2735 1063 2756 non
1090 2732 1198 2757 tamen
1220 2737 1296 2758 suo-

290 2790 362 2811 rum
388 2780 536 2810 cordium
562 2784 608 2809 est
640 2779 847 2808 immutanda
873 2779 1070 2810 constantia.
1099 2788 1158 2809 nec
1183 2789 1297 2810 eorum

290 2840 365 2864 sunt
384 2834 487 2863 animi
503 2833 626 2863 sinceri
643 2832 811 2867 flectendig
831 2832 888 2861 sed
910 2836 999 2861 tanto
1020 2833 1139 2862 debent
1157 2833 1221 2871 ipsi
1238 2835 1298 2864 Ec-

290 2889 389 2917 elesie
424 2892 537 2917 contra
575 2891 819 2925 persecutorem
862 2886 1002 2915 eundem
1046 2887 1298 2918 favorabiliores

291 2942 417 2971 adesse.
438 2944 560 2979 quanto
578 2948 652 2969 eum
675 2948 711 2969 ex
736 2938 802 2967 hiis
829 2938 1014 2976 graviorem
1035 2939 1116 2977 ipsis
1139 2939 1296 2979 injuriam

1374 341 1405 370 in
1426 341 1484 371 illa
1506 342 1655 372 sentiunt
1680 342 1847 373 intulisse.
1868 343 2010 382 Ideoque
2034 344 2289 375 universitatem
2305 354 2380 375 ves-

1375 399 1457 424 tram
1475 404 1658 430 monemus,
1673 405 1826 434 rogamus
1841 400 1872 426 et
1887 396 2059 426 hortamur
2071 400 2205 430 attente,
2219 397 2382 427 mandan-

1374 452 1422 477 tes
1457 452 1633 486 quatenus,
1665 448 1699 477 in
1730 448 1876 478 Ecclesie
1906 449 2080 479 devotione
2109 450 2382 480 constantissime

1374 500 1603 538 persistentes,
1621 506 1651 531 et
1675 501 1878 531 confidentes
1900 501 1935 530 in
1955 502 2096 532 Domino
2120 507 2151 532 et
2175 503 2211 532 in
2235 503 2382 541 potentia

1376 553 1508 583 virtutis
1531 553 1649 591 ipsius,
1671 554 1820 584 inimicis
1841 554 1912 593 ejus
1933 558 2092 593 tanquam
2116 555 2244 586 Christi
2268 556 2382 585 fortis-

1375 606 1451 635 simi
1483 606 1659 637 bellatores
1689 612 1840 645 potenter
1870 612 1901 637 et
1932 607 2076 637 viriliter
2107 608 2290 644 resistatis;
2322 617 2381 638 nec

1375 659 1540 696 repentini
1557 668 1653 689 casus
1670 660 1831 698 iniquitas
1844 659 1941 689 corda
1956 664 2066 690 vestra
2082 664 2215 698 stupore
2233 664 2382 690 conster-

1375 715 1442 745 nat,
1463 712 1519 741 sed
1546 712 1586 742 ad
1605 712 1834 742 defensionem
1859 712 1965 750 ipsius
1988 712 2136 742 Ecclesie
2163 713 2320 743 accendat
2343 722 2381 743 ea

1374 764 1483 801 potius
1495 764 1583 794 zelus
1600 765 1672 795 Dei.
1689 766 1755 795 Nos
1770 765 1859 795 enim
1876 774 1975 803 super
1989 765 2057 795 hiis
2074 765 2185 795 taliter
2196 765 2378 804 providere,

1375 818 1442 847 Deo
1467 822 1588 852 actore,
1615 818 1833 854 studebimus,
1862 817 1979 848 auxilii
2009 818 2062 848 sui
2089 818 2256 848 dexteram
2286 818 2381 848 nobis

1375 871 1490 901 adesse
1508 876 1690 909 sperantes,
1709 871 1807 910 quod,
1821 872 1999 910 impiorum
2015 872 2181 910 depressis
2194 872 2381 908 conatibus,

1376 923 1480 953 honor
1494 924 1556 953 erit
1572 923 1756 957 Altissimo,
1775 924 1936 954 catholice
1952 924 2029 954 fidei
2047 924 2148 954 robur
2164 928 2195 955 et
2211 924 2382 955 ecclesias-

1376 976 1439 1006 tice
1449 976 1631 1006 libertatis¹
1647 981 1861 1014 augmentum
1875 977 2080 1015 provenient,
2093 986 2129 1007 ac
2142 982 2251 1007 vestra
2260 982 2290 1008 et
2304 977 2382 1007 alio-

1375 1038 1449 1059 rum
1468 1029 1617 1059 fidelium
1640 1029 1768 1059 utilitas
1790 1028 2023 1068 subsequetur.
2044 1031 2117 1060 Dat.
2136 1030 2304 1067 Laterani,
2321 1031 2383 1061 XV

1374 1082 1534 1112 kalendas
1544 1082 1644 1121 junii,
1659 1082 1870 1120 pontificatus
1885 1082 1990 1112 nostri
2001 1091 2087 1112 anno
2097 1083 2381 1122 quintodecimo.»

1412 1233 1525 1256 6008.
1542 1245 1574 1248 -
1592 1230 1623 1256 In
1645 1230 1771 1256 eundem
1794 1230 1913 1256 modum
1931 1229 2018 1255 nobili
2035 1231 2093 1256 riro
2113 1249 2138 1256 ..
2158 1230 2224 1256 duct
2243 1233 2266 1256 et
2285 1230 2384 1263 populo

1382 1277 1550 1303 t'enetmwn.
1571 1293 1605 1295 —
1631 1278 1775 1308 (Monfflu
1808 1277 1887 1310 1193,
1925 1279 1946 1304 f.
1981 1278 2043 1311 301,
2073 1287 2108 1305 ex
2141 1279 2322 1311 RAYNAL002
2350 1293 2385 1297 —

1376 1327 1533 1354 PorrnAsT
1549 1326 1659 1358 11015.)

1411 1379 1523 1401 6009.
1547 1390 1578 1393 -
1600 1374 1631 1401 In
1649 1375 1774 1402 eundem
1793 1375 1912 1402 modum
1935 1397 1958 1402 ..
1979 1376 2114 1408 potestati,
2126 1376 2239 1401 consilio
2251 1376 2384 1409 etpoputo

1377 1424 1634 1450 itledtotanensibus.

1413 1477 1526 1500 6010.
1543 1488 1575 1491 —
1592 1472 1623 1498 ln
1641 1473 1766 1499 eundem
1786 1473 1906 1499 modum
1928 1494 1934 1500 .
1946 1494 1952 1500 .
1971 1474 2108 1506 potestati,
2121 1473 2236 1498 consitio
2247 1476 2270 1498 et
2285 1473 2385 1506 populo

1377 1522 1610 1548 Ferraria-risibus.

1412 1576 1483 1597 601
1497 1576 1525 1597 1.
1542 1586 1575 1588 -
1591 1571 1622 1597 1η
1639 1571 1764 1597 eundem
1784 1571 1902 1597 modum
1924 1590 1948 1597 ..
1967 1572 2104 1603 potestati,
2121 1571 2236 1595 consitio
2251 1572 2274 1595 et
2287 1571 2386 1603 populo

1377 1620 1548 1645 Mantuanis.

1413 1673 1484 1694 601
1495 1672 1526 1694 2.
1543 1683 1574 1686 -
1592 1667 1624 1694 Iu
1641 1668 1766 1694 eundem
1785 1667 1904 1694 modum
1926 1687 1932 1693 .
1944 1687 1950 1693 .
1969 1668 2105 1700 potestati,
2122 1668 2235 1693 consilio
2250 1669 2272 1692 et
2287 1668 2388 1700 populo

1377 1718 1555 1743 Placentinis.

1413 1770 1483 1791 601
1494 1770 1527 1791 3.
1542 1780 1572 1783 —
1590 1764 1620 1791 In
1638 1765 1764 1792 eundem
1784 1765 1902 1791 modun]
1925 1786 1931 1791 .
1943 1786 1949 1792 .
1969 1765 2106 1798 potestati,
2123 1765 2237 1790 consitio
2250 1767 2274 1790 et
2289 1764 2387 1798 populo

1378 1815 1494 1840 Pet-usin
1500 1815 1521 1839 is
1527 1834 1532 1840 .

1413 1867 1483 1889 601
1494 1867 1523 1889 1
1542 1877 1573 1881 —
1590 1862 1622 1889 In
1637 1863 1762 1889 eundem
1780 1862 1898 1889 modum
1919 1884 1925 1889 .
1937 1884 1943 1889 .
1965 1864 2102 1895 potestati,
2119 1863 2234 1888 consitio
2250 1864 2274 1887 et
2287 1862 2387 1895 populo

1380 1912 1545 1937 Tadertiais.

1413 1964 1483 1986 601
1494 1965 1525 1986 5.
1544 1975 1575 1978 —
1592 1959 1624 1986 In
1639 1960 1764 1986 eundem
1781 1959 1901 1986 modum
1921 1981 1927 1987 .
1939 1982 1945 1987 .
1965 1961 2104 1992 potestati,
2121 1959 2235 1985 consilio
2250 1961 2274 1984 et
2289 1960 2388 1993 populo

1377 2009 1632 2035 Interamzensibus.

1413 2062 1525 2084 6016.
1540 2073 1573 2075 -
1590 2057 1621 2083 In
1639 2058 1764 2084 eundem
1784 2057 1903 2083 modum
1925 2077 1931 2083 .
1943 2076 1949 2082 .
1968 2058 2105 2089 potestati,
2123 2057 2236 2083 consitio
2251 2059 2275 2082 et
2288 2057 2386 2090 populo

1379 2107 1563 2133 Hrberetam's.

1413 2160 1484 2181 601
1495 2159 1525 2181 1.
1544 2170 1576 2173 -
1593 2154 1624 2181 In
1642 2155 1768 2181 eundem
1784 2154 1903 2180 moduni
1925 2175 1931 2181 .
1943 2175 1949 2181 .
1968 2155 2105 2186 potestati,
2120 2155 2235 2180 consilio
2249 2156 2272 2179 et
2287 2154 2386 2188 populo

1376 2205 1540 2238 Spoletanis.
1955 2202 1959 2205 '

1413 2256 1526 2279 6018.
1543 2267 1574 2270 -
1592 2252 1622 2278 In
1643 2252 1768 2278 eundem
1785 2252 1905 2278 modum
1928 2273 1951 2278 ..
1970 2253 2106 2285 potestati,
2125 2252 2238 2276 consitio
2251 2253 2273 2276 et
2287 2251 2387 2284 populo

1376 2301 1590 2327 Narniensibus.

1414 2354 1527 2376 (5⁰12)⁴
1546 2364 1576 2367 ——
1594 2349 1625 2375 In
1642 2349 1768 2375 eundem
1785 2349 1903 2375 modum
1926 2366 1933 2373 .
1944 2367 1951 2374 .
1970 2349 2108 2380 potestati,
2124 2348 2237 2374 consilio
2253 2351 2276 2373 et
2287 2349 2387 2381 populo

1378 2401 1395 2425 Α
1403 2400 1544 2431 ηαῃηίηίς.

1414 2451 1526 2473 6020.
1544 2461 1575 2465 —
1592 2446 1624 2473 In
1641 2446 1766 2473 eundem
1785 2446 1904 2473 moduni
1924 2467 1930 2473 .
1942 2467 1948 2473 .
1967 2447 2103 2479 potestati,
2122 2447 2235 2472 consitio
2250 2448 2273 2471 et
2289 2447 2387 2479 populo

1377 2496 1514 2528 Siyninis.

1415 2549 1487 2571 (soe
1500 2550 1526 2570 1.
1545 2560 1577 2562 -
1594 2544 1625 2570 In
1643 2544 1768 2571 eundem
1787 2543 1905 2570 modum
1928 2565 1952 2571 ..
1973 2545 2108 2576 potestati,
2126 2544 2239 2568 consitio
2252 2545 2275 2568 et
2288 2544 2389 2576 populo

1378 2596 1395 2620 A
1403 2595 1528 2620 latrinis.

1415 2646 1527 2668 6⁰²².
1547 2656 1577 2660 —
1594 2641 1625 2668 In
1641 2642 1767 2668 eundem
1786 2641 1906 2667 modum
1927 2662 1934 2668 .
1945 2662 1952 2668 .
1971 2641 2108 2674 potestati,
2125 2641 2238 2666 consilio
2252 2644 2275 2666 et
2287 2641 2388 2673 populo

1386 2692 1536 2716 Verulanis.

1415 2744 1527 2766 6⁰²3.
1547 2755 1578 2758 —-
1595 2739 1626 2766 In
1644 2740 1769 2766 eundem
1787 2739 1906 2766 modum
1928 2760 1951 2766 ..
1971 2739 2108 2771 potestati,
2125 2739 2238 2764 consitio
2253 2741 2276 2764 et
2292 2739 2390 2772 populo

1382 2787 1620 2823 Trrractnjeastbu
1627 2787 1657 2823 ‹].

1414 2950 1434 2972 l.
1455 2949 1597 2972 l¹eut0etre
1614 2955 1684 2978 pour
1698 2949 1836 2975 libertati,-
1854 2948 1888 2971 cf.
1903 2954 2000 2977 supra,
2017 2950 2036 2971 t.
2052 2947 2100 2977 111,
2115 2948 2166 2971 col.
2181 2948 2236 2977 446,
2252 2950 2316 2971 note
2336 2948 2356 2971 l.
