2553 3526
255 277 312 307 :3519
981 276 1218 306 necisTnEs
1242 275 1296 304 DE
1319 267 1540 306 GREGoinn
1565 277 1622 306 1x.
2295 280 2354 310 360

327 344 439 370 5:3⁸1
804 345 923 373 Latran.
942 342 1188 370 251'152v1·10r1241.

291 406 399 433 Abbati
418 409 445 431 et
459 406 616 431 conventui
641 406 811 431 monasterii
829 406 863 431 ‹le
881 407 1035 439 suniioya,
1055 403 1262 432 Cisterciensis

254 455 378 485 ordinis,
397 454 628 481 Saresbericnsis
641 454 791 485 ilium-osis,
806 469 835 471 —
850 454 898 487 qui
914 456 1008 485 erant,
1025 462 1074 487 per
1088 452 1259 486 privilegia·

255 504 340 530 Sedis
357 504 554 537 Apostolicae,
572 512 587 529 a
604 503 800 536 praestatione
816 503 999 528 deeimarum
1017 502 1052 527 de
1069 501 1261 527 nutrimentis

254 552 431 579 animalium
451 552 577 585 ipsorum
602 551 760 581 immunes,
780 554 807 577 et
824 560 836 576 a
860 550 965 584 quibus
987 550 1106 583 quidam
1125 549 1261 576 ecclesia<

255 610 318 628 rum
344 604 479 631 run-tores,
506 601 534 626 in
562 609 682 634 quorum
709 600 855 634 parochiis
882 600 974 633 ipsius
1001 599 1171 625 monasterii
1194 606 1261 624 oves

256 650 424 683 pascebant,
442 649 571 674 decimas
588 649 623 674 de
641 649 717 677 lana,
741 649 815 674 laete
831 651 859 674 et
876 648 959 681 agnis
978 648 1137 673 earundem
1160 646 1260 672 ovium

254 698 421 730 exigebant,
445 712 475 715 —
499 697 646 727 significat
671 705 700 722 se
725 697 859 722 inhibere
884 705 920 722 ne
946 696 1010 729 quis
1035 698 1137 722 eontra.
1159 695 1260 721 eaden}

256 746 412 780 privilegia
427 745 463 772 ab
475 746 516 771 eis
532 746 663 771 decimas
677 746 713 771 de
730 745 888 779 praedictis
903 745 1001 777 exigat
1014 746 1059 771 vel
1078 747 1259 778 extorqueat.

254 811 285 813 —
302 797 387 826 (lieo.
404 795 448 825 20,
467 796 486 821 f.
504 795 536 821 39
553 798 596 825 v⁰;
614 804 682 821 ann.
704 795 785 824 XIV,
803 804 827 821 c.
846 795 921 825 233.)

293 910 304 922 t(
327 919 345 924 ..
364 897 463 924 abbati
484 901 509 924 et
524 897 687 924 colivenlut‘
708 896 889 923 monastvrit‘
905 896 938 923 de
956 896 1131 932 Stanteyffl,
1151 895 1262 924 Cister—

252 952 362 979 eivnsis
373 950 503 985 ordinis,
516 950 752 978 Saresberiemsis
768 949 903 978 diocesis.
918 950 1073 978 Annuere
1090 948 1262 978 consuevit

254 1003 355 1032 sodes
371 1019 419 1031 —.
438 1003 510 1031 Dat.
531 1001 696 1036 Laterani,
717 1006 879 1039 utsupra.
900 1013 912 1026 »

324 1201 442 1229 5382

290 1263 467 1294 Isimbardo,
503 1263 644 1289 canonico
680 1263 929 1297 Rothmnagensi,
965 1263 1087 1290 mandat
1119 1266 1262 1297 quatenus

251 1311 571 1338 excommunicationis
593 1312 771 1338 sententiam
787 1320 803 1338 a
820 1313 960 1346 magistro
975 1312 1119 1339 Gaut'rido
1134 1313 1170 1339 de
1184 1313 1263 1339 Pon-

253 1360 331 1387 tibus
358 1360 573 1393 promulgatam
601 1360 631 1386 in
658 1360 798 1393 majorem
828 1364 857 1387 et
881 1360 1015 1387 scabinos
1041 1361 1207 1387 communis
1228 1361 1263 1387 de

802 1202 924 1233 Latran,
940 1202 974 1227 1‘r
989 1201 1096 1228 levrier
1112 1201 1190 1228 1241.

253 1409 403 1440 Pruvino,
433 1409 612 1442 denegantes
637 1417 738 1443 parere
763 1409 943 1436 diffinitivae
971 1410 1136 1436 sententiae
1162 1412 1264 1436 contra

255 1458 331 1492 ipsos
354 1467 370 1484 a
394 1458 574 1490 BulgareIIO,
598 1458 739 1484 canonico
763 1458 930 1489 Leodiensi,
957 1458 1088 1485 studenti
1119 1459 1262 1491 Papisius,

254 1507 397 1540 prolatam
412 1506 442 1532 in
455 1515 541 1533 causa
554 1507 632 1533 inter
649 1506 834 1541 Stephanum
848 1507 960 1539 Alexii,
974 1507 1069 1534 civem
1084 1507 1262 1539 Romanum,

253 1564 288 1581 cx
316 1564 375 1581 nna
400 1558 496 1589 parte,
528 1558 555 1582 et
584 1555 662 1589 ipsos
691 1556 830 1589 majorem
858 1555 1064 1590 scabinosque,
1096 1564 1130 1582 ex
1155 1557 1263 1587 altera,

253 1606 354 1630 exorta
381 1612 467 1637 super
495 1604 671 1637 quibusdam
700 1604 909 1630 instrumentis
937 1607 965 1631 ct
995 1604 1121 1638 quadam
1148 1613 1265 1631 summa

253 1652 406 1686 pecuniae,
431 1660 444 1677 (‹
467 1653 593 1686 singulis
617 1652 719 1679 diebus
745 1653 904 1680 dominicis
932 1656 960 1680 et
986 1654 1112 1686 festivis,
1140 1654 1265 1688 pulsatis

254 1709 267 1725 1)
288 1701 441 1735 campanis
459 1704 487 1727 et
512 1701 644 1727 candelis
667 1702 798 1728 accensis
820 1710 844 1733 »,
873 1702 1007 1734 innovet,
1030 1711 1153 1736 eamque
1175 1703 1265 1729 faciat

253 1749 470 1776 inviolabiliter
498 1750 666 1781 observari;
694 1750 803 1784 «quod
831 1751 855 1777 si
885 1759 937 1777 nec
962 1751 1004 1777 sic
1028 1759 1125 1777 eorum
1153 1751 1265 1778 duritia

253 1808 266 1824 »
288 1799 396 1833 poterit
415 1799 544 1826 emolliri
566 1807 592 1829 1),
613 1802 720 1825 terram
739 1800 868 1833 ipsorum
885 1800 1086 1826 eeclesiastico
1104 1800 1264 1827 interdicto

252 1850 408 1882 supponat.
426 1863 459 1865 —
475 1848 561 1880 (Rae.
577 1848 621 1880 20,
640 1849 660 1875 f.
678 1848 711 1875 39
725 1852 768 1880 v⁰;
786 1857 856 1875 ann.
873 1849 957 1881 XIV,
975 1857 999 1875 c.
1017 1849 1092 1880 234.)

296 1962 308 1975 (ι
339 1949 522 1984 Isimbardo,
553 1950 697 1978 canonico
726 1950 966 1986 Rothomaqensi.
999 1949 1147 1979 Dilectus
1176 1949 1265 1979 filius

255 2002 443 2039 Stephanus
460 2001 579 2035 Alexii,
594 2002 677 2031 civis
695 2003 875 2037 Romanus,
896 2002 990 2032 nobis
1004 2003 1154 2041 exposuit
1166 2003 1263 2041 quod,

255 2064 329 2084 cum
347 2063 481 2084 causam
499 2064 560 2093 que
579 2055 665 2084 inter
682 2055 807 2093 ipsum,
833 2064 870 2085 ex
894 2060 985 2093 parte
1004 2065 1081 2090 una,
1101 2060 1132 2085 et
1153 2078 1171 2084 ..
1195 2065 1265 2085 ma-

252 2109 357 2146 jorem
374 2117 410 2137 ac
429 2107 581 2137 scabinos
606 2109 792 2138 communis
819 2108 857 2138 de
882 2109 1039 2144 Pruvino,
1059 2109 1265 2139 Senonensis

255 2161 408 2195 diocesis,
434 2170 470 2190 ex
494 2160 612 2195 altera,
639 2170 737 2199 super
761 2161 960 2199 quibusdam
982 2162 1216 2192 instrumentis
1235 2167 1266 2192 et

256 2214 394 2253 pecunie
412 2223 542 2244 summa
560 2215 709 2247 vertitur,
730 2215 887 2252 magistro
906 2215 1053 2245 Johanni
1070 2215 1108 2245 de
1127 2215 1265 2246 Placen-

255 2268 311 2302 tia,
330 2267 489 2297 canonico
502 2267 741 2302 Ultrasilvano,
761 2268 911 2298 Parisius
926 2269 1155 2303 commoranti,
1169 2269 1266 2299 duxe-

255 2321 360 2350 rimus
388 2321 656 2350 committendam
686 2331 691 2349 :
724 2321 837 2351 eodem
871 2322 1029 2359 magistro
1058 2322 1265 2360 postmodum

256 2373 456 2411 Bulgarello,
482 2374 640 2403 canonico
662 2374 850 2407 Leodiensi‚
876 2375 1021 2405 studenti
1049 2376 1210 2407 Parisius,
1231 2376 1265 2405 in

257 2431 360 2456 totum
382 2436 515 2456 causam
538 2426 775 2465 subdelegante
798 2428 994 2465 predictam,
1015 2429 1152 2467 ipsoque
1170 2428 1266 2464 B[ul-

257 2479 403 2519 1111111110]Ὗ
421 2480 562 2517 cognitis
585 2489 682 2509 cause
700 2480 845 2511 meritis,
869 2480 1079 2510 diffinitivam
1104 2490 1160 2519 pro
1180 2482 1266 2512 dicto

257 2533 326 2562 rive
350 2537 464 2562 contra
489 2533 620 2562 eosdem
644 2533 800 2571 majorem
828 2538 858 2563 et
885 2534 1039 2564 scabinos
1065 2535 1266 2565 sententiam

257 2586 454 2623 proferente,
476 2595 534 2614 nos
552 2586 671 2615 dilecto
688 2586 756 2616 filio
776 2587 934 2624 magistro
951 2587 1149 2622 Guarnacio,
1168 2597 1267 2617 cano-

258 2639 331 2667 nico
344 2638 527 2674 Tervisino‚
548 2639 695 2669 Parisios
713 2649 837 2669 moram
862 2640 1017 2675 trahenti,
1037 2650 1135 2679 super
1154 2641 1267 2671 ohser-

257 2691 388 2721 vationc
412 2691 517 2729 ipsius
540 2692 704 2722 sententie
728 2693 910 2723 direximus
934 2694 1056 2732 scripta
1079 2699 1202 2724 nostra.
1229 2695 1268 2724 Et

291 2817 311 2841 1.
332 2817 366 2841 Le
384 2825 434 2842 ms.
451 2821 528 2848 porte
544 2819 578 2841 ici
592 2821 786 2849 privileqium,
804 2821 880 2847 mais,
899 2821 959 2851 plus
974 2821 1045 2849 loin,
1062 2823 1159 2845 eadem
1175 2823 1267 2851 privi-

258 2863 340 2891 teqia.

290 2906 312 2928 ἲ.
330 2907 445 2929 Statleia
461 2906 528 2929 dans
549 2906 574 2929 la
595 2907 733 2937 rubrique,
755 2909 821 2931 mais
845 2911 976 2938 Stanleya
995 2909 1063 2932 dans
1083 2910 1107 2933 la
1128 2911 1199 2934 table
1218 2910 1266 2934 des

260 2952 384 2979 capitula
402 2950 476 2973 dela
492 2950 566 2974 XlV‘?
582 2951 678 2976 annee.

1345 340 1432 375 licet,
1450 343 1577 380 prefato
1596 343 1808 382 G[uarnaci0]
1828 344 1985 381 magistro
2002 345 2162 375 Gaufrido
2182 346 2219 376 de
2237 346 2353 376 Ponti-

1345 395 1406 424 bus
1423 395 1542 425 clcrico
1557 397 1782 426 committente
1802 406 1899 435 super
1916 397 1976 427 hoc
1997 398 2140 428 totaliter
2158 399 2244 428 vices
2262 408 2351 434 suas,

1346 448 1432 478 idem
1456 449 1614 486 magister
1634 450 1668 478 in
1692 450 1855 487 predictos
1876 450 2033 489 majorem
2055 456 2085 481 et
2104 453 2269 487 scabinos,
2288 453 2352 491 ipsi

1345 502 1519 532 diffinitive
1551 511 1664 540 parere
1697 504 1936 533 contumaciter
1960 504 2171 541 denegantes,
2201 506 2352 543 exigente

1341 556 1488 593 justitia,
1509 556 1861 586 excommunicationis
1884 557 2083 586 sententiam
2107 558 2323 596 promulgarit
2344 569 2350 588 :

1345 609 1446 638 iidem
1463 613 1583 643 tamen,
1602 618 1673 638 cam
1690 609 1945 647 dampnabiliter
1968 614 2250 648 contempnentes,
2270 620 2352 641 non-

1345 662 1422 691 dum
1445 662 1601 700 jamdicto
1624 663 1688 691 civi
1711 662 1750 692 de
1777 662 1948 700 premissis
1974 663 2167 693 satisfacere
2197 673 2353 701 procura-

1346 719 1422 744 runt
1438 732 1485 744 —.
1505 716 1577 744 Dat.
1599 715 1764 745 Laterani.
1786 715 1937 745 kalendis
1956 716 2128 750 februarii,
2150 725 2236 746 anno
2253 726 2352 756 quar-

1347 768 1518 798 todecimo.
1537 781 1549 794 »

1415 955 1532 983 5383

1381 1017 1519 1051 Capitulo
1542 1016 1751 1044 Cantuariensi
1774 1017 1909 1044 coneedit
1929 1020 1971 1050 ut,
1994 1033 2025 1035 —
2046 1026 2124 1048 cum,
2150 1020 2267 1052 propter
2289 1017 2354 1045 obi-

1345 1070 1406 1093 tum
1426 1065 1650 1094 Cantuariensis
1670 1066 1895 1100 archiepiscopi,
1921 1075 1977 1092 non
2000 1067 2059 1100 jam
2078 1057 2174 1100 posset
2188 1067 2305 1101 procedi
2322 1067 2352 1093 in

1345 1123 1434 1141 causa
1454 1123 1526 1149 quae
1543 1114 1620 1141 inter
1641 1114 1765 1141 eundem
1788 1115 2055 1149 archiepiscopum,
2079 1123 2113 1142 ex
2135 1124 2193 1142 una
2213 1118 2304 1149 parte,
2325 1118 2353 1142 et

1346 1163 1433 1197 ipsos,
1451 1172 1485 1189 ex
1502 1164 1605 1195 altera,
1627 1172 1713 1197 super
1733 1163 1859 1190 diversis
1879 1164 2014 1190 articulis
2037 1164 2217 1196 vertebatur,
2238 1179 2270 1182 —
2286 1165 2354 1191 nul-

1346 1213 1407 1239 lum
1423 1212 1464 1239 eis
1479 1220 1565 1246 super
1581 1212 1711 1245 ejusdem
1736 1221 1840 1239 causae
1862 1213 2065 1246 prosecutione
2088 1213 2303 1247 praejudicium
2319 1221 2354 1239 ex

1888 955 2010 987 Latran,
2026 956 2059 982 26
2077 956 2184 982 t'evrier
2202 955 2281 982 1241.

1346 1262 1429 1295 lapsu
1453 1261 1594 1295 temporis
1617 1264 1781 1294 generetur,
1808 1270 1958 1295 quousque
1983 1261 2193 1289 Cantuariensi
2214 1262 2355 1288 ecclesiae

1346 1310 1381 1336 de
1404 1312 1519 1344 pastore
1539 1309 1739 1344 provideatur.
1767 1324 1798 1327 —
1822 1310 1908 1341 (REG.
1935 1309 1979 1342 20,
2006 1310 2025 1336 f.
2048 1310 2081 1336 39
2103 1316 2152 1342 v⁰;
2178 1318 2247 1336 ann.
2270 1310 2354 1342 XIV,

1347 1367 1371 1385 c.
1384 1358 1436 1385 234
1450 1358 1489 1383 bis
1499 1360 1530 1390 ¹.)

1389 1473 1401 1487 «
1421 1461 1561 1498 Capilulo
1578 1461 1805 1490 &mmai-tensi.
1825 1459 1907 1490 Cum
1924 1460 1958 1488 in
1977 1469 2076 1489 causa
2090 1469 2152 1498 que
2171 1460 2259 1489 inter
2271 1459 2355 1489 bone

1348 1513 1506 1543 memorie

1348 1570 1450 1604 parte,
1469 1570 1500 1595 ct
1517 1574 1586 1601 vos,
1604 1575 1641 1595 ex
1658 1565 1772 1600 altera,
1796 1574 1895 1603 Super
1916 1565 2057 1595 diversis
2079 1565 2228 1594 articulis
2248 1570 2357 1595 verte-

1349 1620 1453 1654 batur,
1495 1619 1763 1657 procuratoribus
1799 1619 1942 1657 partium
1974 1618 2008 1647 in
2046 1623 2158 1648 nostra
2189 1619 2357 1656 presentia

1349 1673 1538 1702 constitutis
1556 1672 1779 1702 venerabilem
1798 1673 1933 1701 fratrem
1955 1676 2104 1701 nostrum
2126 1694 2142 1700 ..
2168 1671 2356 1701 Ostiensem

1349 1726 1538 1763 episcopum
1563 1725 1751 1754 dederimus
1773 1724 1968 1759 auditorem,
1989 1729 2020 1754 et
2039 1733 2137 1762 super
2158 1724 2283 1754 eisdem
2303 1733 2357 1754 co-

1350 1788 1419 1808 ram
1434 1778 1506 1816 ipso
1523 1777 1624 1807 fuerit
1641 1777 1768 1807 diutius
1784 1777 1952 1815 litigatum
1971 1787 1976 1806 :
1996 1782 2116 1811 tamen,
2133 1782 2264 1815 propter
2279 1786 2358 1807 con-

1535 1536 1555 1541 ..
1581 1513 1857 1543 Cantuariensein
1887 1512 2189 1550 archiepiscopum,
2222 1521 2257 1541 ex
2290 1521 2356 1541 una

1349 1831 1527 1861 tumaciam
1544 1831 1767 1869 procuratoris
1785 1831 1932 1869 ejusdem
1949 1830 2189 1868 archiepiscopi
2202 1830 2357 1860 manifes-

1350 1889 1430 1920 tam,
1460 1884 1529 1914 litis
1559 1884 1755 1914 contestatio
1782 1893 1847 1913 non
1875 1884 1982 1922 potuit
2008 1884 2192 1922 provenire.
2219 1885 2355 1920 Verum,

1349 1947 1439 1972 cum,
1473 1937 1559 1967 dicto
1590 1936 1839 1975 archiepiscopo
1864 1937 1951 1966 viam
1979 1937 2134 1967 universe
2165 1937 2275 1967 carnis
2304 1937 2357 1966 in-

1349 2000 1472 2029 gresso,
1490 2000 1554 2020 non
1569 1991 1673 2029 possit
1691 1991 1725 2020 in
1741 1999 1841 2020 causa
1852 1990 1994 2028 procedi,
2014 1999 2073 2019 nec
2086 1999 2142 2028 per
2159 1999 2215 2020 vos
2229 1990 2358 2020 steterit

1349 2045 1430 2083 quin
1450 2044 1682 2082 procederetur
1704 2044 1739 2073 in
1764 2045 1847 2082 ipsa,
1869 2053 1937 2078 nos,
1964 2043 2083 2073 vestris
2105 2043 2358 2082 supplicationi-

1349 2098 1409 2127 bus
1426 2098 1591 2129 inclinati,
1609 2097 1813 2135 presentium
1832 2097 1923 2127 vobis
1935 2097 2130 2127 auctoritate
2145 2098 2356 2127 concedimus

1349 2156 1383 2180 ut
1400 2160 1499 2189 super
1516 2150 1663 2189 ejusdem
1681 2151 1910 2188 prosecutione
1930 2159 2040 2182 cause,
2059 2159 2231 2188 quousque
2248 2154 2356 2180 vestre

1348 2204 1559 2242 provideatur
1576 2203 1714 2233 ecclesie
1733 2203 1771 2233 de
1792 2208 1932 2241 pastore,
1954 2203 2081 2232 nullmn
2102 2212 2138 2232 ex
2156 2203 2249 2241 lapsu
2275 2207 2356 2232 tem—

1348 2257 1437 2295 poris
1453 2257 1545 2287 vobis
1565 2257 1784 2295 prejudicium
1801 2261 1988 2294 generetur.
2010 2257 2082 2286 Dat.
2103 2257 2267 2291 Laterani,
2288 2257 2355 2286 IIII

1348 2310 1506 2340 kalendas
1523 2310 1644 2346 martii,
1665 2319 1752 2339 anno
1768 2309 2024 2348 quartodecimo.
2047 2322 2059 2336 n

1420 2502 1542 2530 5384

1386 2566 1503 2592 Deeano
1516 2564 1666 2596 Thebano,
1682 2573 1734 2590 nec
1750 2572 1806 2591 non
1819 2564 1928 2591 decano
1940 2567 1967 2591 et
1979 2565 2187 2592 archidiacono
2198 2565 2358 2599 Nigripon-

1350 2613 1483 2641 tensibus
1506 2613 1638 2646 mandat,
1661 2613 1738 2640 inter
1758 2613 1828 2646 alia,
1845 2616 1999 2647 quatenus,
2024 2628 2055 2632 —
2079 2622 2144 2641 cum
2171 2613 2356 2647 Sinibaldus,

1929 2503 2050 2535 Latran,
2066 2503 2100 2529 14
2116 2511 2191 2529 mars
2206 2502 2285 2529 1‘241.

1383 2736 1403 2759 1.
1416 2735 1453 2759 La
1466 2735 1593 2765 presente
1607 2735 1680 2758 bulte
1692 2734 1793 2758 n'avait
1806 2742 1853 2765 pas
1865 2735 1977 2758 d'abord
1990 2735 2031 2758 ete
2042 2735 2178 2765 comprise
2191 2735 2258 2759 dans
2274 2735 2299 2758 la
2310 2742 2358 2759 nu-

1350 2780 1527 2808 merotation;
1541 2780 1660 2810 lorsque,
1671 2779 1958 2803 vraisemblablement
1967 2786 1999 2802 au
2012 2779 2143 2803 XVIl⁰ou
2156 2786 2189 2802 au
2200 2778 2358 2804 xvim-sie-

1349 2825 1397 2851 cle,
1423 2831 1458 2848 on
1478 2832 1493 2847 a
1513 2825 1596 2848 voulu
1618 2824 1729 2854 reparer
1750 2827 1821 2847 cette
1842 2824 1991 2852 omission,
2008 2831 2042 2847 on
2056 2824 2094 2847 lui
2111 2832 2125 2847 a
2141 2824 2232 2847 donne
2252 2824 2278 2847 la
2297 2826 2358 2848 cote

1349 2868 1510 2893 CCXXXIV
1527 2876 1551 2897 a,
1568 2875 1621 2898 que
1634 2875 1705 2891 nous
1721 2868 1878 2898 changeons
1894 2875 1927 2891 en
1943 2868 2103 2892 CCXXXIV
2119 2870 2176 2896 bts‚·
2194 2871 2265 2892 cette
2281 2867 2358 2899 piece

1349 2920 1382 2936 ne
1399 2913 1485 2943 figure
1502 2920 1548 2943 pas
1567 2912 1635 2935 dans
1651 2913 1676 2935 la
1693 2912 1765 2935 table
1782 2912 1830 2935 des
1846 2913 1970 2941 capitula
1987 2912 2019 2935 de
2040 2913 2066 2936 la
2085 2912 2159 2936 XIV·
2177 2912 2280 2940 annee;
2299 2912 2358 2935 rien

1349 2957 1487 2980 d'ailleurs
1504 2963 1537 2980 ne
1553 2957 1577 2979 la
1592 2956 1732 2986 distingue
1748 2956 1781 2979 de
1798 2957 1879 2980 celles
1894 2956 1941 2987 qui
1957 2956 2106 2987 precedent
2120 2964 2155 2980 ou
2174 2956 2220 2987 qui
2237 2956 2357 2980 suivent.
