2553 3526
0 594 13 638 VV''
0 420 15 589 “F'V'Wv‘f'
0 387 18 414 'J‘
0 365 3 370 ⁷
0 323 8 328 ⁵

0 893 1 897 Α
0 789 12 886 -ν-ῃ-ι

18 785 25 788 ,
23 768 26 771 γ
15 728 21 738 Δ,

0 928 8 988 -wo

146 273 200 303 157
987 275 1221 311 TREIZOEME
1246 278 1403 313 ANNEE.
2185 295 2237 323 138

142 341 316 379 episcopus
340 346 370 371 et
393 341 527 379 college,
550 343 704 373 mandato
728 350 839 375 nostro
861 346 1034 377 humiliter
1056 348 1151 377 obse-

143 398 294 432 quentes,
310 403 410 432 super
425 395 598 432 premissis
615 396 793 433 diligenter
810 399 979 437 inquirere
997 405 1025 430 et
1043 401 1150 439 inqui-

142 446 298 476 sitionem
316 447 488 485 supet-hoc
507 448 625 477 factam
643 449 682 477 ad
701 458 759 479 nos
777 451 837 479 sub
855 451 976 489 sigillis
993 453 1063 481 suis
1080 453 1151 482 mit-

143 504 210 529 tere
226 504 444 535 curavet·unt;
460 505 591 539 propter
607 502 693 540 quod
706 502 862 532 dilectum
881 504 985 533 filium
1001 510 1150 534 nostrum

141 552 360 591 R[obertum].
389 553 502 583 Sancti
533 554 705 583 Eustachii
734 555 909 585 diaconum
935 557 1148 587 cardinalem.

139 605 174 634 in
203 614 302 635 causa
331 605 481 635 dedimus
509 606 706 636 auditorem.
735 608 798 644 Qui
828 608 865 638 de
895 609 1031 647 speciali
1056 619 1151 640 man-

141 658 216 688 dato
245 663 358 688 nostro
387 659 584 697 magistrum
617 661 650 690 P.
682 661 838 698 Ispanum
870 662 903 690 in
934 662 1040 691 locum
1071 663 1150 693 dicti

141 710 394 750 arc-hid[iaconi]
406 713 428 741 ¹.
446 712 503 750 qui
521 713 666 742 nondum
684 718 829 747 venerat.
848 715 1051 752 subrogavit.
1070 717 1150 746 Par-

142 764 230 794 tibus
245 764 350 802 igitur
369 764 403 793 in
425 765 496 804 ejus
513 766 681 803 presentia
702 767 901 803 constitutis,
923 769 1009 798 idem
1026 770 1150 807 magis-

141 821 202 852 ter,
229 816 423 848 electionem
456 818 495 848 de
526 818 613 848 dicto
643 819 826 849 Bertrando
851 821 1004 860 episcopo
1030 823 1149 852 factam

141 869 267 900 nnllam
289 870 395 900 fuisse
414 879 582 906 asserens,
605 872 763 911 quicquid
788 873 826 903 de
849 874 920 911 ipso
940 874 1148 914 B[ertrando]

139 923 293 962 episcopo
313 924 437 954 sactum
460 925 580 956 fuerat,
605 926 730 955 cassari
753 936 827 956 cum
852 927 1012 957 instantia
1037 934 1149 967 postu-

137 975 237 1006 labat.
255 977 281 1007 E
297 978 464 1007 contrario
481 983 592 1008 autem
608 979 694 1008 idem
714 979 944 1019 B[ertrandus]
962 982 1146 1020 episcopus.

138 1030 306 1060 affirmans
331 1030 429 1069 quod,
449 1040 523 1060 cum
548 1031 665 1061 electio
687 1032 766 1062 dicti
786 1034 837 1062 D..
859 1033 899 1062 ab
923 1035 1148 1064 excommuni-

136 1083 220 1113 catis
234 1083 333 1118 facta,
354 1083 446 1113 nulla
462 1084 591 1120 fuisset,
611 1089 642 1114 et
658 1085 705 1114 sic
722 1086 808 1124 quod
828 1086 866 1115 de
883 1096 917 1116 se
937 1087 1058 1116 sactum
1075 1088 1148 1117 fue-

135 1140 198 1171 rat,
216 1136 423 1174 nequivisset
440 1136 652 1175 aliquatenus
674 1138 846 1176 impedire,
865 1139 971 1169 eidem
989 1140 1148 1176 magistro

135 1197 236 1227 super
250 1188 318 1218 hiis
334 1188 461 1227 imponi
477 1189 648 1219 silentium
668 1195 697 1220 et
715 1190 870 1220 electioni
891 1201 949 1221 sue
969 1192 1147 1229 apostolice

135 1241 267 1280 petebat
281 1242 367 1271 adici
385 1242 512 1272 roboris
531 1243 735 1274 firmitatem.
755 1245 908 1274 Pret‘atus
926 1249 1034 1274 autem
1052 1245 1147 1274 audi-

136 1300 194 1332 tor,
222 1295 446 1334 predictorum
471 1296 710 1335 inquisitorum
740 1307 894 1335 processu
926 1303 954 1328 et
986 1298 1053 1328 hiis
1084 1308 1146 1337 que

134 1352 245 1387 partes
261 1357 370 1378 coram
388 1358 426 1379 eo
439 1354 621 1387 proponere
639 1349 826 1383 voluerunt,
840 1350 1036 1388 diligentius
1053 1351 1148 1381 intel-

134 1401 240 1437 lectis,
261 1410 300 1431 ea
321 1401 417 1432 nobis
438 1406 469 1431 et
490 1402 650 1432 fratribus
673 1403 796 1432 nostris
817 1403 960 1433 fideliter
984 1404 1145 1434 recitavit.

134 1455 204 1485 Nos
219 1454 334 1492 igitur,
357 1455 565 1485 attendentes
588 1455 675 1494 quod
701 1460 776 1485 ante
793 1456 991 1494 requisitum
1010 1457 1147 1495 predicti

135 1507 232 1538 electi
248 1516 458 1543 consensum,
481 1508 681 1546 nequivistis
702 1509 883 1539 transferre
900 1510 933 1538 in
951 1510 1052 1539 alium
1073 1515 1146 1539 vota

135 1565 255 1596 vestra,
285 1569 359 1591 curn
384 1561 467 1599 ipse.v
493 1561 579 1604 sicut
607 1562 759 1599 apparuit
785 1572 820 1591 ex
849 1563 1019 1600 postfacto.
1048 1564 1145 1593 suerit

136 1613 326 1644 consentire
346 1618 493 1652 paratus
516 1614 678 1644 dictorum
704 1614 844 1644 fratrum
865 1615 1047 1645 deliberato
1069 1625 1147 1645 con-

136 1666 223 1702 silio,
238 1666 433 1697 elect-ionem
448 1667 486 1696 de
501 1667 628 1705 prefato
646 1667 828 1697 Bet-trando
845 1669 998 1707 episcopo
1016 1669 1144 1698 factam.

136 1728 202 1750 non
218 1729 359 1758 persone
380 1720 474 1756 vitio,
491 1729 565 1750 cum
589 1720 692 1750 multa
713 1721 855 1750 crimina
874 1721 903 1751 ei
925 1722 1052 1761 objecta
1075 1723 1146 1752 sue-

133 1773 214 1808 rint,
245 1782 305 1803 nec
332 1773 480 1811 probata,
505 1774 638 1812 justit-ia
665 1774 828 1811 exigente,
859 1784 1041 1805 cassamus.
1072 1777 1145 1805 Dat.

133 1826 300 1862 Laterani,
319 1827 350 1856 X
366 1826 526 1856 kalendas
539 1827 700 1865 januarii.
719 1836 806 1856 anno
824 1828 1062 1858 tertiodecimo.
1086 1841 1098 1854 ιι

206 2013 330 2042 5015

171 2076 354 2110 Praeposito,
369 2076 481 2103 decano
496 2079 524 2102 et:
540 2076 672 2110 capitulo
688 2076 829 2102 ecclcsiae
846 2077 948 2103 Sancti
970 2077 1051 2104 Petri
1066 2078 1146 2105 Dua-

133 2125 242 2158 eensis,
257 2124 463 2152 Atrebatensis
483 2124 636 2155 dioecesis.
655 2125 803 2158 significat
820 2134 849 2151 se
865 2126 1038 2152 confirmare
1054 2127 1147 2160 quod-

134 2173 202 2201 dam
228 2175 373 2200 statutum
399 2173 436 2199 ab
461 2172 548 2207 ipsis,
576 2173 717 2199 eeclesiae
741 2173 908 2207 praedictae
934 2175 1036 2201 Sancti
1065 2175 1145 2202 Petri

133 2224 245 2250 statum
258 2221 526 2252 considerantibus,
541 2221 666 2253 editum,
679 2222 821 2248 videlicet
835 2226 867 2249 ut
878 2223 1044 2256 praebenda
1057 2232 1144 2257 quam

135 2271 199 2305 ipse
212 2271 396 2306 praepositus
410 2272 482 2297 tune
495 2270 526 2296 in
540 2270 642 2297 eadem
658 2271 781 2297 ecclesia
795 2270 958 2303 obtinebat,
974 2280 988 2297 (‹
1002 2272 1037 2298 de
1051 2276 1146 2299 cetero

135 2327 150 2345 a
170 2319 354 2354 prepositure
370 2327 437 2345 cum
455 2327 506 2345 suo
521 2327 608 2345 onere
624 2322 764 2353 perpetuo
777 2319 814 2345 sit
829 2327 955 2351 annexa,
973 2324 1011 2352 et,
1029 2329 1064 2347 ne
1081 2329 1147 2355 pre-

135 2375 150 2394 »
170 2367 333 2395 bendarum
351 2375 492 2394 numerus
507 2367 538 2393 in
556 2367 657 2393 eadem
674 2367 798 2394 ecclesia
815 2368 979 2397 minuatur.
996 2369 1019 2395 si
1037 2369 1146 2403 aliquis

135 2424 150 2443 ³>
170 2417 207 2444 de
221 2416 332 2452 gremio
347 2416 442 2451 ipsius
458 2416 487 2443 in
505 2416 685 2450 prepositum
703 2417 814 2443 assumi
830 2417 997 2451 contigerit,
1015 2419 1146 2452 preposi-

135 2473 150 2492 »
171 2468 238 2493 tura.
252 2467 385 2500 recepta,
403 2465 581 2499 prebendam
601 2473 705 2498 quam,
727 2465 857 2491 existens
873 2466 1048 2499 canonicus,
1069 2466 1145 2493 obti-

135 2522 150 2540 )›
170 2514 270 2547 nebat,
293 2522 359 2541 cum
381 2514 418 2540 ad
438 2514 619 2548 prepositum
642 2513 739 2547 ipsum
759 2517 871 2547 spectet
886 2515 1005 2541 collatio
1021 2515 1146 2549 preben-

135 2571 150 2589 s)
170 2563 292 2595 darum,
312 2563 445 2590 conferre
466 2570 588 2596 persone
608 2562 712 2588 idonee
732 2560 868 2589 teneatur
889 2571 913 2589 ».
935 2578 968 2581 —
989 2564 1075 2596 (Rae.
1099 2564 1145 2596 19,

134 2612 155 2637 f.
171 2611 222 2638 141
239 2609 314 2646 [135]
329 2613 376 2642 v·;
393 2618 462 2637 ann.
477 2610 560 2642 XIII,
577 2618 602 2636 c.
618 2609 692 2640 191.)

641 2014 761 2045 Latran,
779 2014 811 2040 13
827 2014 1074 2042 decembre1239.

130 2727 136 2730 -
176 2724 190 2739 α
210 2735 232 2741 ..
250 2712 409 2750 preposito,
432 2734 451 2739 ..
473 2711 583 2740 decano
606 2717 631 2740 el
653 2712 788 2749 capitulo
807 2712 924 2741 ecclesie
941 2713 1048 2742 Sancti
1065 2714 1146 2742 Petri

133 2765 307 2800 Duacensis,
335 2765 538 2794 Ati-chatensis
562 2765 699 2793 diocesis.
728 2763 802 2793 Hiis
830 2773 893 2802 que
918 2774 974 2802 pro
997 2783 1046 2794 ——.
1070 2766 1143 2795 Dat.

137 2817 303 2852 Laterani,
320 2817 432 2846 idibus
448 2817 644 2847 decembris,
661 2825 748 2846 anno
765 2817 1004 2847 tertiodecimo.
1026 2830 1038 2843 »

169 2950 190 2974 1.
203 2950 273 2979 Quet
288 2949 477 2974 archidiacre?
492 2950 512 2974 Il
527 2956 560 2973 en
577 2957 592 2972 a
608 2949 650 2973 ete
666 2949 774 2973 nomme
788 2949 926 2979 plusieurs
938 2949 1006 2972 dans
1022 2950 1046 2972 la
1062 2950 1144 2973 bulle.

1304 350 1421 377 50¹ss
1779 356 1898 384 Latrau.
1913 357 1946 382 10
1958 358 2073 389 jaux‘icr
2087 360 2164 387 1240.

1270 412 1412 446 Episcopo
1430 414 1632 444 Praenestino.
1650 418 1808 450 apostolico
1822 419 1924 449 legato,
1940 428 2055 446 causam
2072 431 2144 455 quae
2163 423 2238 449 inm·

1233 461 1487 495 archiepiscopum
1507 462 1737 494 Narbonensem,
1762 474 1796 492 ex
1819 475 1873 493 una
1895 471 1985 500 parto,
2003 473 2029 495 et
2047 471 2171 496 electum
2190 480 2238 497 ca-

1234 509 1423 543 pitulumque
1449 512 1644 542 Lodovenses.
1671 522 1704 539 cx
1729 515 1832 545 altera,
1860 514 1956 549 [super
1984 518 2059 543 fact.»
2085 519 2238 545 electionis

1233 559 1362 592 episcopi
1385 560 1413 585 in
1434 562 1557 587 ccclesia
1574 562 1749 597 Ludux-‹fnstj
1768 564 1945 592 x·2·1·tebatur.
1968 566 2185 593 informandam
2203 569 2238 594 de

1234 615 1308 632 novo
1325 611 1350 633 et
1367 608 1561 636 decidendam
1583 612 1755 638 committit.
1778 627 1810 630 —
1831 613 1917 643 (ΠΕΟ.
1936 614 1985 645 19,
2004 615 2022 640 f.
2041 615 2091 641 112
2108 614 2180 649 [136]
2198 620 2236 647 r⁰;

1233 664 1302 681 aun.
1320 656 1402 685 XIII.
1422 658 1533 686 «1922
1552 673 1583 676 —-
1601 659 1828 689 Monam-1192.
1848 662 1956 692 11423.)

1275 762 1285 774 (ι
1315 773 1332 778 ..
1358 752 1492 788 episcopo
1514 753 1696 782 emesa-ino.
1718 756 1882 790 Apostolicc
1902 756 1985 784 Sectis
2006 757 2112 793 lryalo.
2131 759 2238 789 Vene-

1234 802 1349 832 rabilis
1375 804 1487 833 sratris
1514 805 1617 833 nostri
1644 829 1662 834 ..
1690 806 1929 845 archiepiscopi
1955 809 2182 840 Narbonensis
2205 816 2236 841 et

1232 855 1450 895 dilect[orum]
1479 856 1648 896 til[i0rum]
1678 882 1696 887 ..
1726 859 1821 889 electi
1849 865 1879 889 ct
1907 862 2041 899 capituli
2066 863 2235 894 Lodoveu-

1232 909 1319 937 sium
1345 911 1628 947 procuratoribus.
1656 912 1733 941 olim
1759 913 1844 950 apud
1870 914 1986 943 sedem
2012 917 2232 953 Apostolicam

1231 962 1432 991 constitutis.
1451 962 1534 992 bone
1552 965 1708 993 memorie
1725 965 1920 1004 Tb[omam].
1939 967 2025 996 tituli
2043 970 2160 997 Sancte
2180 971 2234 999 Sa-

1231 1014 1308 1043 bine
1322 1015 1541 1052 presbiterum
1557 1016 1788 1047 cardinaleml.
1802 1020 2026 1049 concessimus
2039 1021 2234 1051 auditorem.
2275 1040 2278 1043 ,

1231 1068 1349 1097 Coram
1378 1078 1442 1106 quo
1473 1069 1612 1106 quedam
1644 1074 1708 1098 tam
1739 1076 1851 1100 contra
1885 1081 2056 1109 personam
2089 1075 2234 1112 ejus-:lem

1231 1120 1338 1149 electi.
1359 1130 1457 1158 quam
1477 1122 1678 1151 venerabilis
1695 1123 1808 1152 fratris
1826 1124 1929 1153 nostri
1955 1147 1971 1152 ..
1996 1126 2235 1165 archiepiscopi

1230 1172 1444 1201 Viennensis.
1472 1177 1548 1202 tunc
1573 1174 1760 1211 Apostolice
1787 1175 1880 1205 Sedis
1909 1176 2019 1213 legati,
2048 1183 2076 1207 et
2101 1179 2237 1216 capituli

1231 1225 1412 1262 supradicti
1437 1235 1622 1263 processus.
1647 1233 1857 1265 procuratore
1882 1229 1987 1266 ipsius
2008 1231 2237 1262 Narbonensis

1231 1277 1472 1316 archiepiscopi
1492 1284 1704 1316 proponente.
1724 1281 1831 1310 dictus
1850 1281 1945 1311 electi
1963 1287 1991 1312 et
2011 1284 2146 1321 capituli
2163 1294 2238 1322 pro-

1231 1336 1362 1360 curator
1379 1332 1418 1361 de
1437 1331 1613 1370 multiplici
1628 1335 1968 1365 excommunicatione
1986 1337 2143 1367 adversus
2160 1348 2240 1368 eun-

1231 1384 1303 1413 dem
1321 1384 1606 1422 archiepiscopum
1628 1386 1879 1417 Narbonensem
1901 1389 2036 1426 excepit,
2059 1390 2142 1425 Quia
2162 1400 2238 1420 vero

1232 1441 1355 1466 tractus
1377 1438 1533 1474 temporis
1557 1443 1585 1467 et
1610 1438 1792 1476 litigiorum
1817 1440 1975 1470 circuitus
1999 1450 2237 1481 nonnunquam

1232 1490 1265 1518 in
1285 1489 1405 1519 talibus
1424 1496 1666 1520 consueverunt
1685 1493 1802 1521 afferre
1822 1493 2044 1530 dispendium.
2062 1504 2160 1532 super
2177 1495 2237 1526 hoc.

1231 1552 1268 1572 cx
1285 1542 1391 1571 officio
1412 1548 1522 1572 nostro
1545 1544 1748 1581 providimus
1766 1546 2018 1582 procedendum.
2038 1548 2236 1577 fraternitati

1232 1600 1284 1625 tue
1306 1604 1362 1633 per
1385 1596 1563 1634 apostolica
1588 1597 1709 1635 scripta
1732 1598 1926 1628 mandantes
1948 1604 2122 1637 quatenus.
2142 1610 2236 1630 voca—

1233 1649 1273 1678 tis
1285 1650 1373 1686 [eto.
1389 1658 1492 1687 usquc
1507 1649 1526 1688 2]
1541 1650 1728 1687 propositis.
1743 1650 1828 1688 quod
1843 1651 2038 1680 canonicum
2055 1653 2165 1682 suerit.
2180 1663 2237 1691 ap-

1230 1701 1408 1740 pellatione
1423 1707 1558 1731 remota.
1570 1702 1729 1732 decernas
1744 1720 1791 1731 —-.
1804 1704 1877 1733 Non
1892 1703 2101 1735 obstantibus
2115 1705 2238 1736 litteris

1231 1764 1329 1792 super
1350 1755 1409 1784 hoc
1431 1755 1470 1784 ad
1491 1755 1713 1784 venerabilem
1736 1756 1871 1785 fratrem
1896 1761 2044 1787 nostrum
2070 1781 2089 1787 ..
2112 1759 2239 1796 episco-

1232 1816 1307 1845 pum
1334 1808 1507 1841 Soranmn,
1537 1812 1613 1836 tuuc
1639 1808 1673 1836 in
1700 1808 1850 1845 partibus
1876 1808 1943 1837 illis
1971 1809 2114 1846 legatum
2144 1811 2238 1841 Sedis

1230 1860 1428 1898 Apostolice.
1461 1861 1494 1889 in
1525 1861 1628 1889 forma
1660 1861 1762 1889 simili
1793 1861 1990 1899 impetratis,
2023 1867 2051 1892 et
2084 1873 2237 1901 processu

1231 1913 1343 1943 habito
1365 1923 1421 1952 per
1442 1914 1586 1943 easdem.
1609 1915 1681 1943 Dat.
1706 1915 1871 1949 Laterani,
1892 1916 1958 1944 1111
1983 1915 2056 1945 idus
2076 1917 2236 1955 januarii,

1231 1976 1317 1996 anno
1334 1967 1572 1997 tertiodecimo.
1596 1980 1608 1993 n

1302 2119 1421 2148 5017

1266 2183 1409 2209 &aufrido
1426 2183 1462 2209 de
1484 2183 1619 2210 Pontius.
1639 2183 1780 2210 canonico
1801 2183 1984 2214 Pictam-ensi,
2004 2183 2108 2210 scribit
2125 2192 2131 2209 :
2147 2192 2160 2208 (t
2178 2183 2238 2209 No—

1727 2122 1848 2151 Latran,
1865 2121 1898 2147 24
1916 2121 2074 2147 novembre
2088 2122 2166 2148 1239.

1231 2239 1244 2255 ›)
1266 2231 1335 2258 bilis
1351 2232 1408 2257 viri
1427 2252 1445 2257 ..
1463 2232 1580 2258 comitis
1602 2232 1736 2258 Marchie
1756 2241 1789 2258 ac
1808 2224 1988 2265 Engolisme,
2009 2233 2092 2265 cujus
2112 2241 2237 2259 consan-

1231 2288 1243 2304 ›)
1265 2280 1388 2313 guineus
1404 2280 1522 2311 diceris,
1538 2280 1653 2307 devotis
1667 2280 1802 2314 precibus
1819 2280 1967 2308 inclinati.
1983 2284 2014 2306 ut
2027 2281 2234 2307 canonicatum

1231 2336 1244 2353 »
1266 2329 1474 2355 Pictavensem
1491 2337 1577 2362 quem
1594 2329 1720 2361 obtines,
1734 2338 1791 2355 una
1809 2337 1874 2355 cum
1892 2329 2014 2355 ecclesia
2031 2330 2121 2356 Beate
2139 2330 2235 2356 Mario

1231 2385 1244 2401 a
1265 2377 1300 2403 de
1321 2378 1459 2405 Glenosa.
1475 2386 1573 2403 curam
1592 2378 1760 2404 animarum
1780 2377 1916 2409 habente,
1934 2377 2120 2403 Pictax'cnsis
2136 2378 2234 2404 dioce-

1230 2434 1243 2451 ))
1264 2426 1315 2457 sis,
1337 2434 1424 2459 quam
1446 2426 1631 2459 postmodum
1656 2429 1683 2452 te
1701 2426 1839 2459 proponis
1859 2425 2010 2459 adeptum.
2028 2434 2082 2451 non
2100 2425 2234 2452 obstante

1230 2483 1244 2500 ))
1265 2475 1477 2501 constitutione
1493 2475 1613 2501 concilii
1629 2475 1785 2508 generalis,
1799 2474 1925 2500 retinere
1940 2474 2234 2502 valeas.auctoritate

1230 2532 1243 2548 n
1265 2524 1320 2550 tibi
1337 2523 1516 2557 presentium
1533 2523 1732 2556 indulgemus,
1750 2523 1790 2549 ita
1805 2528 1904 2548 tamen
1919 2522 1994 2556 quod
2008 2522 2038 2548 in
2055 2522 2134 2548 dicto
2150 2531 2235 2549 cano-

1231 2580 1243 2596 »)
1266 2572 1366 2598 nicatu
1390 2572 1582 2598 residentiam
1607 2571 1809 2605 personalem²
1830 2574 1857 2596 ct
1880 2571 1909 2597 in
1925 2571 2047 2596 ecclesia
2065 2571 2128 2604 ipsa
2145 2571 2235 2597 tactas

1263 2686 1284 2709 1.
1307 2685 1501 2715 L'expression
1523 2692 1535 2706 «ι
1558 2686 1644 2707 bonae
1665 2684 1812 2707 memoriae
1833 2692 1859 2711 υ,
1881 2684 2027 2714 appliquee
2043 2684 2058 2707 a
2073 2691 2103 2708 ce
2121 2692 2236 2715 person-

1230 2737 1313 2760 nage,
1331 2734 1371 2753 est
1387 2729 1442 2752 due
1457 2736 1520 2752 sans
1536 2728 1621 2752 doute
1637 2728 1652 2751 a
1667 2735 1722 2752 une
1738 2728 1934 2752 inadvertance
1949 2729 1984 2752 du
2002 2729 2147 2752 redactcur
2163 2729 2196 2753 de
2212 2730 2237 2752 la

1229 2775 1308 2798 lettre
1326 2781 1361 2797 ou
1378 2774 1442 2797 d'un
1460 2774 1581 2803 copiste;
1598 2772 1715 2796 Thomas
1733 2772 1765 2795 de
1782 2772 1909 2803 Capoue,
1930 2773 2050 2796 cardinal
2068 2773 2103 2796 du
2121 2774 2183 2797 titre
2203 2773 2237 2796 de

1230 2818 1446 2842 Sainte—Sabine
1463 2817 1561 2848 depuis
1580 2817 1651 2843 1216,
1668 2824 1701 2840 ne
1718 2816 1810 2840 devait
1827 2817 1932 2840 mourir
1947 2817 2027 2847 qu'en
2046 2817 2112 2840 ¹243.

1260 2863 1282 2885 ἢ.
1298 2862 1350 2886 Les
1366 2862 1439 2885 deux
1461 2865 1531 2885 mots
1552 2869 1563 2883 (ι
1585 2861 1762 2884 residentiam
1780 2861 1950 2891 personalem
1966 2870 1978 2883 »
1997 2865 2057 2884 sont
2078 2862 2102 2884 le
2123 2862 2235 2884 resultat

1229 2906 1310 2929 d'une
1326 2906 1496 2934 correction;
1521 2905 1554 2928 its
1574 2910 1637 2928 sont
1658 2905 1729 2935 regis
1751 2912 1799 2935 par
1819 2913 1830 2926 α
1852 2906 1935 2928 facias
1957 2913 1967 2926 υ
1990 2912 2023 2928 en
2044 2906 2129 2928 meme
2150 2908 2235 2934 temps

1230 2957 1282 2981 que
1299 2959 1310 2972 a
1327 2950 1460 2973 deserviri
1478 2958 1499 2973 υ.
