2553 3526
0 3120 8 3131 .
0 2944 19 3109 --7..-2

131 298 168 327 97
977 287 1212 325 Tsssslzffluss
1236 286 1393 322 ANNEE.
2190 298 2227 325 93

130 365 162 391 in
179 364 315 390 admit-clm
331 363 548 396 Quarlalschrift
563 364 613 394 fiir
632 363 790 388 christliche
806 361 1066 388 Alterthumslacnde
1080 360 1138 385 und

132 414 180 445 fiir
197 412 472 445 Ktrchenqeschichte,
490 415 510 438 t.
527 412 566 438 111
583 411 686 443 (1889),
705 420 731 445 p.
746 411 808 439 200.
826 414 854 437 11ο
868 411 925 441 16.)

173 526 186 540 κ
210 536 228 542 ..
249 515 337 542 electo
356 513 521 542 Leodienss.
540 513 585 542 Ex
601 512 829 541 insinuatione
847 511 1002 549 majoris¹
1031 515 1061 540 et
1086 519 1139 539 sa-

133 566 238 596 nioris
259 565 363 604 partis
380 569 562 595 conventus
583 564 777 594 monasterii
795 563 907 593 Sancti
925 563 1041 593 .Iacobi
1059 563 1139 592 Leo-

131 618 269 654 diensis,
287 618 414 648 ordinis
429 618 535 647 sancti
553 617 736 647 Benedicti.
752 625 810 646 nos
828 616 959 646 noveris
974 616 1140 654 accepisse

133 672 230 711 quod⁷
254 671 330 701 licet
348 671 427 701 olim
454 670 694 700 monasterium
718 670 838 708 ipsum,
863 669 1035 698 occasione
1056 668 1141 698 elec-

134 725 235 755 tionis
257 725 295 754 de
311 726 354 759 J.‚
374 724 431 763 qui
454 733 512 762 pro
531 723 647 753 abbate
665 732 699 753 se
717 723 800 761 ¹§gerit
824 723 941 761 ipsius.
960 723 1070 751 minus
1088 732 1142 751 ca-

133 778 251 807 nonice
267 777 442 809 celebrate,
460 776 579 806 fuisset
597 776 738 806 diversis
758 776 877 813 litigiis
900 775 1090 810 laceratum,
1112 780 1142 804 et

135 830 266 860 tandem
287 829 483 859 auctoritate
499 829 612 859 dilecti
630 828 690 857 tilii
707 829 811 858 nostri
836 829 1000 867 O[ttonis].
1030 829 1142 858 Sancti

133 882 263 913 Nicolai
280 882 313 911 in
330 882 469 913 Carcere
485 881 639 911 Tulliano
656 882 786 911 diaconi
803 881 994 911 cardinalis.
1015 886 1091 910 tunc
1108 881 1141 909 in

133 935 284 974 partibus
299 935 368 964 illis
388 934 574 973 Apostolice
595 935 690 965 Sedis
706 934 818 972 legati,
839 934 955 964 electio
979 935 1050 972 ipsa
1071 943 1143 963 cas-

134 993 216 1024 sata,
242 993 307 1018 tam
333 988 506 1018 electionis
533 988 612 1017 vitio
635 997 732 1026 quam
759 987 855 1017 electi
876 998 882 1016 :
905 987 990 1017 idem
1021 992 1140 1021 tamen,

132 1042 298 1081 perjurus,
312 1041 526 1080 symoniacus
544 1046 573 1071 et
590 1041 741 1079 pluribus
759 1041 834 1070 aliis
848 1041 1047 1070 criminibus
1064 1041 1144 1069 irre—

118 1095 226 1129 ·titus‚
244 1104 302 1133 per
319 1094 512 1124 ambitionis
530 1094 700 1123 audaciam
719 1094 825 1132 ipsius
847 1093 1042 1123 monasterii
1062 1093 1146 1129 regi-

134 1157 209 1179 men
232 1148 432 1186 adipiscens,
458 1148 532 1177 dato
559 1148 738 1176 virtutibus
762 1146 875 1176 libello
903 1146 1044 1184 repudii.
1070 1155 1143 1175 cum

134 1200 225 1230 vitiis
252 1200 300 1230 sic
326 1200 503 1235 contraxit,
533 1200 619 1238 quod
648 1208 712 1229 non
743 1204 809 1228 tam
838 1199 1019 1228 monachus
1045 1208 1143 1237 quam

133 1253 347 1283 demoniacus
363 1253 428 1282 dici
445 1253 560 1291 possit.
574 1262 648 1282 cum
663 1252 812 1282 detinere
829 1257 995 1290 presumat
1014 1251 1144 1290 publice

133 1306 365 1340 concubinam,
384 1315 420 1336 ex
434 1315 499 1344 qua
513 1306 594 1335 duas
610 1305 696 1335 filias
711 1305 911 1344 procreavit,
930 1310 971 1337 et,
991 1314 1144 1335 asserens

133 1368 246 1390 secum
269 1367 369 1397 super
392 1358 453 1388 hoc
479 1358 674 1388 auctoritate
700 1358 879 1396 apostolica
903 1358 1143 1396 dispensatum.

131 1412 260 1452 abjecta
285 1421 422 1450 prorsus
448 1411 609 1441 modestia
634 1411 823 1441 monachali
847 1416 877 1442 et
902 1412 1145 1441 incontinentic

134 1465 266 1504 publice
287 1465 442 1495 lassatis²
469 1464 595 1499 ahenis,
614 1465 699 1494 bona
719 1465 799 1494 dicti
814 1465 1009 1494 monasterii
1026 1464 1146 1502 dilapi-

134 1518 212 1548 dare
228 1517 402 1557 presumit,
420 1517 534 1547 eadem
551 1518 585 1546 in
602 1527 683 1547 usus
707 1517 843 1547 illicitos
865 1518 1096 1547 convertendo.
1116 1523 1144 1547 et

134 1570 218 1601 alias
241 1580 307 1601 non
329 1571 491 1601 servando
513 1571 680 1608 regularia
702 1571 857 1600 instituta
880 1580 939 1601 nec
959 1571 1109 1601 faciendo
1129 1582 1145 1600 a

135 1624 278 1654 subditis
297 1624 487 1658 observari;
512 1629 644 1662 propter
667 1624 754 1662 quod
775 1624 1015 1653 monasterium
1038 1625 1147 1662 ipsum

134 1677 216 1707 adeo
232 1677 377 1715 graviter
393 1677 428 1706 in
445 1676 678 1715 spiritualibus
701 1681 731 1706 et
750 1677 987 1715 temporalibus
1011 1682 1059 1707 est
1081 1677 1146 1707 col-

134 1730 276 1769 lapsum,
297 1730 394 1768 quod,
414 1730 481 1759 nisi
508 1730 538 1760 ei
564 1739 622 1768 per
638 1730 733 1760 Sedis
756 1730 943 1768 Apostolice
972 1731 1148 1768 providen-

136 1784 215 1813 tiam
245 1783 398 1813 celeriter
427 1788 652 1818 succurratur,
682 1784 734 1812 vix
758 1784 878 1814 adiciet
898 1788 931 1813 ut
963 1784 1146 1822 1·esu1·gat³.

134 1837 244 1874 Quare
261 1836 357 1866 nobis
378 1837 443 1866 suit
463 1836 638 1866 humiliter
661 1837 882 1875 supplicatum
907 1842 941 1866 ut
963 1847 1062 1875 super
1087 1837 1147 1867 hoc

135 1890 309 1929 providere
335 1894 473 1928 paterna
503 1889 729 1919 sollicitudine
755 1899 959 1920 curaremus.
990 1891 1148 1921 Nolentes

134 1943 239 1981 igitur
253 1942 326 1976 hec,
350 1943 379 1972 si
402 1952 478 1972 vera
501 1947 590 1977 sunt,
612 1943 673 1972 sub
699 1943 966 1973 dissimulatione
993 1944 1146 1979 transire,

136 2005 177 2027 ne
202 1995 313 2026 aliena
338 1995 434 2034 culpa
458 1996 597 2034 incipiat
621 2005 692 2026 esse
717 2001 838 2032 nostra,
867 1997 895 2026 si
917 2006 987 2027 eam
1012 1998 1149 2027 dimisc-

134 2049 241 2079 rimus
255 2048 487 2083 incorrectam,
511 2049 706 2079 discretioni
730 2055 796 2084 tue,
819 2050 858 2079 de
881 2060 945 2089 qua
967 2050 1097 2088 plenam
1114 2051 1148 2080 in

134 2103 204 2133 Deo
226 2102 382 2132 fiduciam
401 2102 602 2137 obtinemus,
627 2112 685 2141 per
708 2103 889 2141 apostolica
909 2104 1031 2142 scripta
1056 2113 1150 2133 man-

136 2156 252 2185 damus
277 2160 459 2194 quatenus,
486 2155 707 2194 personaliter
736 2156 895 2186 accedens
921 2157 961 2186 ad
988 2157 1097 2186 locum
1120 2161 1149 2186 et

136 2208 263 2238 habens
291 2217 347 2246 pre
377 2208 484 2238 oculis
511 2208 619 2237 solum
647 2209 763 2242 Deum,
796 2210 1149 2239 excommunicationis

137 2262 316 2296 sententia,
334 2262 363 2292 si
380 2271 480 2300 quam
497 2262 530 2290 in
548 2263 586 2291 A.
605 2266 635 2291 et
647 2263 715 2295 W.,
732 2262 910 2292 monachos
928 2263 1007 2291 dicti
1022 2272 1149 2292 monas-

138 2315 225 2349 terii,
244 2315 295 2345 vel
312 2315 396 2345 alios
411 2315 611 2345 adherentes
628 2315 765 2347 eisdem,
778 2316 818 2345 ab
834 2316 906 2353 ipso
923 2316 1039 2345 abbate
1056 2317 1150 2346 inve-

138 2367 229 2398 neris
251 2367 492 2406 promulgatam
513 2372 686 2406 postquam
705 2368 785 2397 dicti
802 2370 840 2398 A.
859 2373 889 2398 et
905 2369 960 2398 w.
978 2369 1041 2398 iter
1066 2369 1151 2398 arri-

138 2425 281 2460 puerunt
297 2425 429 2459 propter
443 2420 504 2450 hoc
528 2420 567 2450 ad
592 2425 737 2450 nostram
757 2422 959 2459 presentiam
982 2423 1150 2459 veniendi,

139 2473 284 2504 relaxata
306 2474 438 2512 penitus
455 2474 495 2503 ad
509 2473 683 2505 cautelam,
703 2475 850 2512 corrigas
869 2479 900 2504 et
916 2476 1076 2505 reformes
1090 2476 1150 2504 ibi-

137 2527 223 2561 dem,
244 2527 359 2556 tamin
378 2527 484 2565 capite
501 2536 600 2565 quam
615 2527 649 2555 in
667 2527 836 2562 membris,
855 2537 918 2566 que
934 2528 1150 2558 correctionis

138 2584 170 2610 et
194 2580 443 2610 reformationis
469 2580 576 2610 officio
601 2581 732 2610 noveris
758 2581 920 2618 indigere,
947 2581 1075 2612 duobus
1100 2582 1149 2611 vel

138 2633 245 2663 tribus
264 2633 436 2663 monachis
455 2632 645 2671 hujusmodi
665 2634 834 2670 negotium
853 2635 1148 2673 prosequentibus,

139 2685 291 2716 faciendo
308 2694 468 2724 expensas
486 2686 525 2715 ad
545 2686 605 2715 hoc
626 2686 832 2716 necessarias
855 2687 893 2716 de
914 2687 1010 2717 bonis
1028 2688 1148 2725 prefati

173 2839 194 2863 1.
211 2842 281 2863 Ms.:
298 2839 338 2862 Ex
352 2839 541 2862 insinuatione
559 2856 576 2862 ..
593 2839 712 2869 majoris.

170 2883 192 2907 2.
210 2884 248 2908 La
262 2884 349 2907 forme
365 2885 470 2906 lassare
487 2890 557 2913 pour
573 2885 668 2907 laxare
684 2888 725 2906 est
742 2884 850 2907 rete-vec
867 2891 915 2914 par
931 2884 973 2908 Du
990 2884 1101 2913 CANGE,
1116 2891 1151 2907 au

140 2934 174 2951 au
191 2932 248 2951 mot
263 2929 368 2951 lassare
376 2927 396 2950 ².

172 2972 193 2997 3.
211 2972 255 2996 cr.
273 2971 316 2995 rs.
333 2972 390 3001 xc,
406 2973 429 2996 ο.

265 3022 451 3054 caecouzss
471 3030 516 3058 lx,
540 3034 558 3052 t.
579 3030 625 3053 111.

1219 359 1413 388 monasterii
1433 359 1627 388 ministrari.
1648 359 1784 394 Quodsi
1803 360 1926 388 dictum
1942 361 1972 389 J.
1995 361 2034 389 ab
2053 363 2224 390 auuniuis-

1221 411 1360 440 tratione
1387 411 1492 448 ipsius
1516 411 1645 441 cenobii
1662 411 1795 440 duxeris
1812 412 2040 443 amovendum,
2070 413 2222 450 injungas

1220 463 1396 492 conventui
1415 468 1447 492 ut
1465 464 1550 491 infra
1574 463 1751 492 terminum
1773 468 2022 500 competentem.
2044 474 2061 493 a
2085 469 2112 493 tc
2133 468 2223 502 preti-

1221 515 1374 552 gendum.
1395 516 1458 545 sibi
1477 516 1667 553 11n-0videa1u
1688 524 1743 553 per
1760 515 1954 545 electionem
1979 517 2169 545 canonicam
2187 518 2224 547 dc

1222 568 1350 604 abbate,
1366 568 1513 607 alioquin
1533 573 1564 597 tu
1580 573 1697 598 extunc
1712 568 1740 597 ei
1756 569 1888 598 studeas
1901 569 1938 598 de
1952 578 2091 606 persona
2110 570 2226 599 idonea

1223 621 1404 659 providere.
1419 621 1685 652 Contradictores
1702 626 1762 650 etc.
1783 622 1854 650 Dat.
1874 622 2035 657 Anagnie.
2057 623 2101 651 III
2125 632 2226 651 nonas

1223 674 1366 711 augusti.
1387 684 1472 703 anno
1492 674 1727 703 tertiodecimo.
1750 687 1760 699 n

1294 860 1408 887 492¹

1260 923 1360 949 Electa
1386 922 1539 948 Leodiensi
1569 925 1596 947 et
1624 921 1722 948 abbati
1748 922 1834 947 Altae
1858 921 1999 951 Cumbae,
2023 921 2226 947 tiebcuucnsis

1770 859 1899 892 Anauni,
1917 860 1947 885 31
1965 859 2155 891 juillet1239.

1225 971 1376 1001 dioecesis,
1394 971 1510 996 diversa
1529 970 1667 996 mandata
1684 970 1733 996 dat
1750 978 1836 1003 super
1852 969 2031 995 correctione
2047 974 2072 995 et
2092 972 2228 995 reforma-

1227 1021 1305 1047 tione
1323 1020 1492 1046 monasterii
1509 1019 1636 1046 Clusini.
1654 1019 1846 1045 Tauriueusis
1865 1018 2016 1044 dioecesis.
2031 1033 2063 1035 ῐ-
2080 1019 2166 1045 <Iti-:m
2185 1019 2228 1046 19,

1227 1067 1648 1103 f.128[12·2]v⁰;a1111.XIII.
1671 1079 1694 1093 c.
1720 1068 1782 1097 1142
1802 1082 1832 1085 —
1855 1070 1892 1093 rt.
1917 1068 1941 1093 J.
1967 1068 1999 1093 P.
2026 1067 2153 1097 Imm-H,
2181 1068 2228 1091 lmx

1229 1118 1366 1142 tnttirlwr
1381 1117 1505 1141 Svlmma
1523 1125 1579 1140 rum
1596 1116 1679 1140 Jahre
1700 1117 1781 1142 [238.
1804 1116 1833 1141 in
1854 1115 1989 1140 lto'mrsrltc
2014 1115 2230 1146 Qttarlulxrltrtl'!

1227 1169 1294 1197 etc.,
1311 1169 1330 1192 t.
1348 1166 1386 1192 111
1401 1165 1504 1195 (1889),
1521 1173 1547 1198 p.
1566 1165 1627 1196 199,
1646 1168 1674 1190 11¹¹
1691 1165 1734 1193 15.
1752 1168 1777 1189 vt
1793 1164 1817 1191 J.
1837 1164 2021 1190 Beris-orm.
2039 1165 2102 1188 ,tr-ca
2121 1164 2232 1193 l'mittls-

1226 1223 1286 1239 curn
1306 1215 1447 1241 lletveura.
1466 1217 1486 1240 t.
1506 1215 1526 1241 1.
1545 1222 1571 1247 p.
1590 1214 1650 1243 140,
1671 1213 1804 1242 11”208“.)

1269 1329 1280 1342 1<
1310 1339 1328 1344 ..
1349 1317 1436 1344 electo
1452 1316 1605 1344 temneat-15
1623 1320 1647 1342 el
1665 1337 1684 1341 ..
1704 1315 1803 1342 ahtau·
1819 1315 1882 1341 Acta
1900 1314 2015 1341 (Iambe.
2037 1314 2234 1341 t;1·l11›1111e11s1'.s·

1226 1371 1362 1398 diocesim
1396 1368 1444 1397 Ad
1477 1367 1680 1396 audientiam
1713 1371 1857 1395 nostram
1889 1365 2055 1403 frequenti
2092 1364 2233 1393 clamore

1227 1422 1375 1460 pervenit
1407 1421 1493 1459 qaod
1530 1420 1767 1449 monasterium
1797 1418 1987 1451 Clusinum,
2016 1417 2234 1447 Taurinensis

1227 1476 1378 1506 diocesis.
1399 1475 1485 1513 quod
1504 1474 1544 1503 ad
1561 1475 1742 1503 Romanam
1770 1472 1950 1501 Ecclesiam
1977 1471 2067 1500 nullo
2092 1471 2232 1508 pertinet

1228 1529 1403 1563 mediante,
1424 1537 1481 1565 per
1502 1526 1664 1555 malitiam
1683 1525 1905 1554 habitantium
1926 1524 1959 1552 iu
1980 1524 2092 1553 eodem
2118 1524 2152 1552 in
2172 1523 2235 1561 spi-

1228 1582 1406 1612 ritualibus
1424 1586 1453 1610 et
1481 1579 1728 1617 temporalibus.
1752 1578 1873 1616 quibus
1891 1577 1930 1606 ab
1954 1577 2090 1615 antiquo
2113 1577 2233 1607 floruit.

1229 1636 1308 1665 adeo
1326 1635 1470 1673 graviter
1489 1638 1537 1662 est
1555 1632 1748 1670 collapsum.
1770 1631 1866 1669 quod.
1890 1630 1954 1659 nisi
1975 1639 2031 1668 per
2050 1629 2236 1667 Apostolice

1229 1689 1323 1719 Sedis
1341 1687 1582 1726 providentiam
1599 1691 1822 1715 succurratur.
1842 1685 1893 1713 vix
1916 1684 2045 1713 adicere
2062 1683 2181 1721 poterit
2204 1687 2237 1712 ut

1229 1744 1400 1779 resurgat²
1421 1758 1469 1768 —.
1495 1739 1689 1769 Mandamus
1707 1742 1871 1776 quatenus
1891 1754 1927 1757 —-
1951 1736 2123 1773 corrigatis
2141 1741 2169 1765 et
2192 1746 2238 1765 rc-

1229 1795 1379 1825 formetis
1396 1794 1530 1823 ibidem.
1551 1792 1666 1821 tamin
1684 1791 1789 1829 capite
1807 1799 1904 1828 quam
1922 1790 1955 1818 in
1974 1789 2141 1819 membris.
2161 1798 2235 1827 que.

1230 1848 1410 1879 secundum
1434 1847 1538 1875 Deum
1564 1850 1592 1874 et
1615 1844 1702 1874 beati
1729 1843 1899 1873 Benedicti
1928 1842 2085 1879 regulam,
2110 1851 2239 1871 correc-

1231 1901 1332 1931 tionis
1356 1905 1384 1929 et
1405 1898 1651 1929 reformationis
1674 1897 1780 1926 officio
1803 1895 1961 1925 nox-eritis
1984 1895 2145 1932 indigere.
2172 1895 2242 1924 Mo-

1232 1954 1354 1984 nachos
1385 1957 1494 1982 autem
1530 1959 1611 1989 quos
1642 1950 1765 1979 ibidem
1799 1948 1996 1978 inveneritis
2035 1947 2237 1985 pestilentes.

1231 2007 1347 2038 exinde
1369 2006 1501 2044 penitus
1525 2012 1675 2033 amovere
1698 2011 1733 2031 ac
1761 2003 1795 2031 in
1819 2001 1894 2031 aliis
1918 2001 1998 2030 locis
2023 2001 2169 2039 ejusdem
2189 2009 2239 2029 or-

1231 2061 1319 2090 dinis
1355 2059 1524 2089 collocare.
1562 2066 1620 2086 nec
1652 2065 1716 2085 non
1747 2054 1880 2085 aliunde
1912 2063 2081 2083 assumere
2113 2053 2243 2091 aliquos

1231 2112 1411 2143 monachos
1442 2111 1548 2149 ipsius
1576 2109 1715 2139 ordinis.
1751 2108 1888 2137 honeste
1922 2106 2184 2135 conversationis
2212 2110 2244 2135 ct,

1231 2167 1308 2196 vite.
1334 2175 1369 2195 ac
1394 2165 1428 2194 in
1452 2164 1577 2202 prefato
1602 2161 1814 2191 monasterio.
1838 2160 1907 2190 loco
1933 2160 2092 2197 ipsorum.
2119 2159 2243 2188 substi-

1232 2225 1323 2249 tuere
1353 2218 1548 2247 auctoritate
1583 2219 1692 2245 nostra
1731 2213 1866 2243 curctis.
1901 2212 1993 2248 Quod
2027 2212 2054 2241 si
2089 2212 2240 2240 abbatem

1232 2273 1378 2311 ejusdem
1397 2269 1589 2300 monasterii
1603 2277 1659 2306 per
1671 2276 1727 2296 vos
1744 2267 1783 2296 ab
1798 2267 1868 2305 ejus
1887 2265 2047 2303 regimine
2066 2264 2239 2301 contigerit

1233 2325 1389 2355 amoveri.
1411 2323 1508 2353 talem
1529 2321 1741 2351 substituatis
1766 2319 1900 2348 ibidem.
1929 2327 1984 2356 per
2008 2318 2101 2355 cujus
2125 2317 2240 2345 indus-

1233 2380 1329 2409 triam
1350 2379 1384 2407 in
1407 2376 1638 2416 spiritualil‘ms
1663 2379 1691 2403 et
1719 2372 1956 2410 temporalibus
1984 2372 2144 2408 prefatum
2171 2378 2240 2398 mo-

1233 2432 1428 2462 nasterium.
1467 2434 1575 2459 actore
1612 2427 1769 2457 Domino.
1809 2425 1982 2457 relevetur,
2024 2423 2174 2452 faciendo
2210 2423 2240 2450 vi

1232 2494 1354 2515 munus
1371 2482 1631 2514 consecrationis
1655 2479 1801 2518 impendi
1824 2483 1853 2508 et
1878 2488 1895 2506 a
1912 2477 2054 2505 subditis
2076 2476 2145 2504 suis
2163 2476 2240 2505 obc-

1232 2538 1391 2568 dientiam
1409 2541 1437 2566 et
1457 2534 1677 2565 reverentiam
1695 2531 1843 2561 exhiberi
1859 2541 1864 2565 ς
1884 2530 2140 2559 contradictores
2159 2533 2237 2562 etc.;

1233 2590 1397 2629 recepturi
1414 2589 1453 2618 ab
1477 2598 1513 2618 eo
1538 2586 1776 2617 nichilominus
1798 2593 1854 2622 pro
1876 2583 1982 2615 nobis,
2007 2581 2153 2611 Ecclesie
2174 2583 2240 2611 Ro-

1233 2653 1328 2673 mane
1348 2643 1490 2677 nomine,
1512 2639 1680 2670 fidelitatis
1698 2637 1793 2667 solite
1810 2637 2048 2675 juramentum.
2064 2635 2157 2673 juxta
2177 2635 2239 2663 sor-

1234 2706 1321 2726 mam
1343 2704 1441 2734 quam
1459 2694 1551 2723 vobis
1572 2692 1632 2722 sub
1656 2691 1745 2720 bulla
1766 2694 1878 2719 nostra
1899 2688 2062 2717 mittimus
2081 2687 2239 2716 interclu-

1234 2759 1322 2784 sam;
1350 2749 1489 2777 formam
1516 2750 1625 2775 autem
1647 2742 1828 2782 juramenti
1855 2741 1941 2780 quod
1969 2741 2038 2778 ipse
2068 2740 2238 2777 prestabit,

1267 2882 1286 2904 t.
1306 2880 1404 2904 Kirsch
1421 2883 1448 2902 et
1465 2878 1604 2902 Bernoulli
1622 2883 1655 2899 ne
1672 2876 1794 2899 donnent
1807 2874 1839 2897 de
1857 2877 1928 2896 cette
1941 2872 2017 2903 piece
2029 2872 2127 2901 qu‘uuc
2144 2872 2240 2901 simple

1234 2925 1357 2955 analysc,

1265 2970 1288 2993 ’2.
1306 2969 1345 2993 Cf.
1367 2969 1410 2991 ΡΞ.
1427 2967 1483 2996 XL,
1499 2967 1522 2989 9.

2104 3016 2116 3038 =i
