2553 3526
267 281 324 311 355
997 278 1235 309 REGisTnEs
1257 277 1312 307 DE
1335 270 1556 308 GREGOIRE
1580 279 1638 308 ix.
2308 280 2366 311 356

268 348 364 387 gorii]
391 348 429 377 de
456 348 566 377 Monte
593 348 712 384 Longo,
740 346 935 376 subdiaconi
961 350 991 376 et
1015 345 1135 375 notarii
1158 343 1273 378 nostri,

268 401 454 440 Apostolice
487 400 582 430 Sedis
612 400 728 437 legati.
761 399 893 429 vinculo
924 397 1276 429 excommunicationis

268 454 414 485 astricti:
444 459 512 483 tum
538 454 616 492 quia
640 458 753 482 contra
776 452 1034 491 prohibitionem
1061 451 1207 490 ejusdem
1228 450 1276 480 le-

268 508 335 546 gati
353 508 503 537 extiterat
521 507 591 544 ipsa
615 506 732 536 electio
752 505 928 539 celebrata,
953 509 983 534 et
1007 505 1162 543 quoniam
1188 504 1276 533 idem

268 561 452 591 Ubertinns
472 560 510 589 ad
528 568 598 589 eam
617 564 750 588 vocatus
768 567 832 587 non
854 559 973 588 fuerat.
992 557 1049 596 qui
1066 556 1199 586 comode
1220 565 1276 586 vo-

267 614 335 643 cari
353 617 477 651 poterat
495 617 524 642 et
539 611 687 641 debebat.
705 611 827 641 Contra
843 619 950 649 quem,
970 610 1058 639 inter
1074 609 1150 642 alia,
1168 609 1275 638 dictus

268 665 436 704 proposuit
463 668 655 703 procurator
682 663 802 693 salsum
831 672 902 693 esse
924 663 1184 692 instrumentum
1212 671 1276 700 quo

269 719 451 749 Ubertinus
469 717 539 755 ipse
562 716 699 754 probare
717 715 885 745 nitebatur
901 715 1275 745 excommunicationem

269 771 417 802 eandem.
436 770 519 799 sicut
538 778 574 799 ex
592 769 662 807 ejus
681 773 792 798 tenore
813 772 925 806 aperte
943 767 1103 806 liquebat.
1123 772 1154 798 et
1170 768 1275 805 ipsam

268 822 619 854 excommunicationis
639 821 839 851 sententiam
860 826 932 860 post
956 821 1210 859 appellationem
1237 820 1276 850 ad

268 886 326 906 nos
343 876 490 914 legitime
510 875 751 914 interpositam,
771 875 875 904 fuisse
892 874 1063 913 prolatam,
1082 883 1118 903 ac
1135 874 1276 903 eundem

268 928 493 967 Uimi-tinum]
514 928 553 958 ad
574 928 769 958 electionem
789 928 938 958 extitisse
960 932 1123 962 vocatum,
1144 931 1175 957 et
1190 926 1277 966 quod

268 982 357 1012 nulle
374 981 610 1020 prohibitionis
628 981 736 1011 littere
752 990 791 1011 ne
804 981 1028 1011 celebraretur
1043 980 1171 1015 electio,
1184 980 1277 1010 vobis

268 1045 305 1065 cx
328 1040 418 1074 parte
445 1035 550 1073 ipsius
574 1034 674 1071 legati
696 1035 827 1064 fuerant
851 1038 1049 1072 presentate.
1072 1034 1141 1063 Nos
1162 1033 1275 1071 igitur,

268 1088 448 1118 intellectis
471 1097 528 1126 per
553 1087 737 1117 auditorem
759 1087 943 1125 predictum
969 1087 1036 1117 hiis
1061 1092 1093 1117 et
1114 1086 1190 1117 aliis
1214 1096 1277 1126 que

268 1143 404 1171 suerunt
421 1141 498 1170 hinc
522 1140 598 1170 inde
621 1140 788 1178 proposita
809 1149 919 1169 coram
942 1149 989 1170 eo.
1013 1140 1175 1178 prefatam
1192 1139 1278 1169 elec-

268 1196 403 1225 tionem.
422 1195 501 1233 quia
519 1194 710 1223 invenimus
732 1202 804 1223 eam
828 1193 866 1223 de
887 1202 1027 1231 persona
1045 1193 1163 1223 idonea
1179 1201 1278 1222 cano-

268 1249 341 1278 nice
364 1247 575 1281 celebratam,
602 1247 641 1276 de
664 1247 806 1276 fratrum
827 1250 1016 1275 nostrorum
1037 1245 1176 1276 consilio
1199 1254 1278 1275 con-

268 1302 450 1331 firmamus.
478 1302 551 1330 Dat.
574 1300 745 1334 Laterani,
770 1300 834 1329 XII
857 1299 1017 1329 kalendas
1038 1299 1166 1334 martii,
1191 1307 1278 1328 anno

268 1354 527 1394 quartodecimo.
548 1366 559 1380 n

340 1540 457 1569 5389

306 1604 444 1638 Capitulo
460 1602 662 1636 Pergamensi,
680 1601 715 1628 de
735 1602 835 1628 eadem
859 1610 888 1628 re
910 1601 1051 1633 scribens,
1070 1600 1191 1627 mandat
1207 1608 1279 1634 qua-

269 1656 355 1680 tenus
378 1651 562 1686 praedictum
591 1651 717 1677 electum
743 1654 884 1684 tanquam
911 1652 1024 1684 patrem
1053 1652 1081 1676 et
1109 1649 1277 1676 animarum

269 1710 387 1728 suarum
406 1702 550 1735 pastorem
570 1699 675 1726 devote
690 1699 836 1734 recipiant
853 1702 880 1725 et
902 1699 1023 1725 honeste
1043 1701 1183 1730 tractent,
1201 1698 1279 1732 ejus-

269 1759 324 1784 que
345 1749 467 1776 monitis
490 1752 518 1775 et
538 1748 688 1775 mandatis
709 1748 877 1774 intendant.
903 1762 935 1765 —
961 1748 1048 1779 (REG.
1070 1747 1114 1778 20,
1136 1748 1156 1773 f.
1181 1746 1214 1773 38
1235 1749 1278 1778 νος

269 1807 338 1826 ann.
356 1799 439 1831 XIV,
456 1806 480 1824 c.
495 1797 570 1828 224.)

819 1540 939 1571 Latran,
956 1538 989 1565 18
1004 1538 1112 1565 sevrier
1128 1538 1206 1564 1241.

311 1913 324 1927 a
344 1901 483 1938 Capitttlo
507 1900 714 1938 Peryamerzsz'.
737 1898 820 1929 Cum
841 1898 981 1928 ecclesia
1002 1902 1111 1928 vestra
1134 1915 1182 1926 —.
1204 1898 1277 1927 Dat.

270 1957 306 1983 ut
323 1962 434 1992 supra.
454 1966 467 1979 ›>

309 2078 421 2100 5310.
439 2088 470 2092 -
488 2074 519 2100 In
537 2073 663 2100 eundem
680 2073 800 2099 modum
817 2072 938 2104 capituto
956 2072 1158 2104 Perqamensin

309 2127 380 2149 5:3¹1
392 2127 420 2149 ι.
439 2137 471 2140 -
488 2123 520 2149 In
536 2122 661 2149 eundem
681 2121 799 2148 modum
816 2121 887 2146 clero
902 2121 1022 2146 civitatis
1043 2122 1066 2145 et
1089 2120 1199 2146 diocesis
1216 2120 1282 2145 Per-

271 2172 418 2204 qamenst‘S.

309 2224 421 2246 5:322.
439 2235 471 2238 —
487 2219 518 2246 In
533 2219 658 2246 eundem
677 2219 796 2245 modum
809 2218 907 2251 populo
918 2219 1037 2244 ciuitatis
1052 2220 1074 2242 et
1090 2217 1203 2243 diocesis
1218 2217 1281 2243 Per<

271 2270 417 2301 genuensis,
438 2277 530 2302 usque
549 2277 554 2294 ι
573 2268 729 2294 humiliter
745 2267 910 2294 intendatis
921 2269 941 2292 ².

343 2449 461 2477 53⁷3

309 2511 452 2546 Episcopo
476 2510 698 2538 Constantiensi
721 2510 843 2537 mandat
867 2513 1011 2544 quatenus
1033 2508 1196 2545 Henr[ico],
1218 2510 1283 2544 ple-

275 2561 349 2587 bano
367 2561 402 2587 de
416 2559 700 2586 Waltremmisburc
721 2561 766 2591 (z
780 2558 1017 2593 XX'ziltensburg),
1035 2559 1188 2586 Curiensis
1202 2559 1282 2585 dioe-

274 2610 358 2641 cesis,
374 2624 405 2627 —
419 2609 444 2636 si
460 2617 525 2636 eum
542 2609 691 2635 invenerit
704 2609 798 2635 filium
811 2617 872 2635 esse
885 2608 1056 2641 sacerdotis,
1073 2608 1103 2635 in
1120 2607 1282 2634 sacerdotio

817 2447 938 2480 Latran,
956 2448 990 2474 23
1006 2448 1114 2474 fex'rier
1130 2447 1209 2474 1241.

309 2737 330 2760 1.
351 2736 401 2760 Cet
422 2738 452 2759 in
472 2737 594 2759 eundem
614 2737 742 2763 modum,
766 2736 863 2766 simple
884 2735 1033 2766 repetition
1052 2735 1085 2759 de
1105 2736 1131 2758 la
1147 2735 1220 2758 bulle
1236 2735 1282 2765 qui

276 2780 392 2811 precede
409 2780 650 2807 immediatement,
663 2786 697 2802 ne
714 2783 778 2810 peut
791 2780 868 2803 avoir
879 2779 921 2803 ete
938 2780 1034 2803 inserit
1047 2779 1148 2803 dansle
1159 2781 1283 2809 Reqistre

277 2832 330 2855 que
347 2832 394 2856 par
413 2831 517 2848 erreur.

308 2869 331 2893 2.
348 2868 516 2893 C'est-a-dire
527 2875 590 2892 saus
602 2869 626 2892 la
638 2869 729 2892 clauso
747 2879 751 2892 :
769 2869 925 2899 «Alioquin
939 2869 1102 2892 sententiam
1119 2876 1199 2899 quam
1212 2868 1283 2892 idem

277 2914 329 2936 rite
350 2913 443 2936 tulerit
459 2913 485 2936 in
504 2913 619 2936 rebelles
635 2923 646 2933 υ
665 2917 726 2941 ete,
748 2920 796 2943 par
815 2913 931 2943 laquelle
949 2920 978 2936 se
994 2913 1142 2936 terminent
1159 2913 1199 2936 les
1216 2912 1284 2936 trois

276 2958 322 2988 (ou
339 2958 401 2988 plus
417 2961 588 2981 exactement
604 2958 642 2980 les
658 2957 740 2987 deux)
758 2957 845 2981 bulles
862 2957 1050 2988 precedentes.

1359 345 1508 379 genitum,
1535 354 1587 372 nec
1613 354 1669 372 non
1696 349 1811 380 praeter
1839 346 2029 381 plebanatum
2056 347 2112 374 duo
2138 347 2198 374 alia
2225 347 2367 376 beneficia

1358 402 1423 420 cun]
1445 394 1612 421 animarum
1633 403 1703 421 cura
1718 395 1782 421 sine
1800 395 2022 429 dispensatione
2044 396 2206 430 apostolica
2221 396 2365 429 detinere,

1357 444 1385 468 et
1402 442 1522 476 insuper
1535 443 1570 469 de
1582 451 1652 469 nece
1664 443 1756 470 bonae
1768 443 1927 470 memoriae
1940 443 2092 471 Curiensis
2105 444 2250 479 episcopi¹
2268 453 2364 472 coram

1357 491 1528 517 dioecesano
1551 500 1602 518 suo
1626 491 1806 518 infamatum
1824 492 1953 526 graviter
1974 495 2003 519 et
2023 493 2192 519 convictum
2215 494 2315 526 fuisse,
2337 497 2366 521 et

1357 539 1547 572 genitalibus,
1569 543 1686 574 propter
1708 540 1944 567 incontinentiae
1965 549 2034 567 suae
2052 541 2244 567 manifestum
2265 550 2365 569 exces-

1357 597 1434 618 sum,
1451 589 1613 623 privatum,
1630 604 1660 607 —
1675 589 1817 616 beneficia
1836 589 1956 616 obtenta
1971 590 2095 622 auferat,
2113 590 2213 616 eadem
2232 599 2282 624 per
2297 591 2365 618 illos

1357 637 1393 663 ad
1410 646 1480 671 quos
1502 638 1658 671 pertineat,
1676 638 1790 665 idoneis
1806 638 1918 664 faciens
1934 637 2061 664 conferri
2083 638 2231 671 personis3
2253 639 2365 666 addens

1358 686 1433 720 quod
1450 687 1595 713 decanum
1614 687 1839 722 capitulumque
1863 687 2015 715 Curiensis
2034 688 2175 714 ecclesiae
2191 687 2227 714 ab
2243 688 2366 722 impeti-

1358 734 1438 761 tione
1454 735 1597 769 praedicti
1614 735 1744 770 plebani,
1762 736 1811 770 qui
1826 739 1857 763 ut
1874 736 1970 770 ipsum
1986 735 2016 762 in
2034 736 2208 763 canonicum
2222 740 2250 763 et
2264 737 2294 763 in
2309 738 2366 764 fra-

1357 786 1432 810 trem
1460 784 1634 818 reciperent,
1660 785 1836 819 apostolicas
1861 785 1976 812 litteras
2005 785 2041 811 ad
2066 793 2113 812 eos
2142 785 2365 819 impetraverat,

1358 833 1436 859 idem
1458 832 1611 867 episcopus
1633 833 1737 860 debeat
1758 834 1876 867 penitus
1897 834 2059 864 absolvere,
2080 837 2107 860 et
2129 834 2224 860 eidem
2241 834 2366 868 plebano

1357 890 1444 915 super
1474 882 1527 908 hoc
1558 884 1731 916 perpetuum
1762 882 1915 909 silentium
1944 882 2106 916 imponere.
2142 897 2174 900 —
2203 883 2291 914 (Rsso.
2321 883 2366 913 20.

1359 932 1379 956 f.
1401 930 1433 957 38
1454 933 1500 961 v⁰;
1522 939 1592 956 ann.
1608 930 1690 962 XIV,
1708 939 1732 957 c.
1749 930 1816 962 225;
1835 946 1867 948 -
1880 931 1905 958 J.
1921 931 2105 963 BERNOULm,
2123 932 2187 956 Acta
2205 931 2367 963 Pontificum

1359 979 1504 1011 Helvetico,
1519 982 1538 1005 t.
1558 979 1578 1005 Ι.
1596 987 1625 1013 p.
1643 978 1704 1010 149,
1720 982 1749 1005 n⁰
1765 979 1840 1010 219.)

1401 1099 1414 1113 «
1445 1110 1464 1115 ..
1496 1088 1629 1124 episcopo
1659 1087 1895 1117 constantiensi.
1929 1087 2204 1125 Significantibus
2237 1087 2368 1118 dilectis

1359 1139 1439 1169 filiis
1467 1157 1516 1168 ——.
1547 1141 1621 1169 Dat.
1649 1139 1813 1175 Laterani,
1843 1140 1906 1169 VII
1933 1139 2092 1170 kalendas
2119 1140 2247 1175 martii,
2281 1149 2369 1170 anno

1360 1193 1618 1231 quartodecimo.
1640 1205 1652 1219 >³

1431 1398 1551 1426 5:3⁷4

1396 1461 1540 1496 Episcopo
1561 1461 1715 1495 Eugubino
1741 1461 1875 1488 coneedit
1898 1464 1940 1493 ut,
1964 1461 2000 1488 ad
2023 1464 2119 1488 castra
2139 1462 2281 1489 ecclesiae
2301 1471 2371 1490 suae

1361 1513 1463 1537 eontra
1478 1508 1696 1545 [Fridericum],
1711 1511 1765 1537 Dei
1782 1513 1810 1537 et
1823 1509 1973 1537 Ecclesiae
1985 1511 2155 1543 inimicum,
2172 1511 2369 1541 defendenda.

1361 1559 1437 1586 bona
1452 1559 1633 1593 episcopalia
1648 1567 1739 1592 usque
1755 1559 1792 1585 ad
1810 1567 1958 1585 summam
1979 1559 2207 1592 quingentarum
2226 1559 2368 1586 librarum

1362 1608 1609 1635 Proveniensium
1628 1607 1757 1634 Henrico
1774 1607 1853 1634 dicto
1870 1606 2002 1634 Tallenti
2021 1610 2048 1634 et
2064 1607 2192 1635 Johanni
2206 1607 2286 1634 dicto
2301 1608 2372 1635 Tal-

1361 1657 1446 1689 lenti,
1464 1656 1580 1683 civibus
1595 1656 1748 1688 Romanis,
1766 1656 1860 1690 ipsius
1877 1656 2006 1690 episcopi
2023 1656 2106 1682 fratri
2123 1659 2151 1682 et
2167 1656 2279 1690 nepoti,
2295 1656 2372 1683 obli-

1361 1714 1428 1739 gare
1446 1705 1548 1740 possit.
1567 1719 1598 1723 -
1615 1705 1701 1736 (Rea.
1723 1704 1768 1737 20,
1786 1706 1806 1731 f.
1827 1704 1861 1731 38
1878 1707 1922 1736 v⁰3
1939 1713 2009 1731 ann.
2033 1704 2116 1737 XIV,
2135 1713 2160 1731 c.
2177 1704 2245 1737 226;
2262 1719 2295 1723 -
2311 1705 2372 1732 Ro—

1362 1763 1498 1781 Dr-:NBERG
1515 1754 1591 1785 802)

1886 1399 2007 1430 Latran,
2023 1399 2056 1426 18
2070 1400 2179 1426 fe'vrier
2193 1398 2297 1435 [1241].

1404 1875 1417 1890 ιι
1438 1886 1458 1892 ..
1478 1863 1610 1901 episcopo
1626 1863 1797 1899 Euynbino.
1815 1861 1934 1892 Coram
1952 1861 2048 1891 nobis
2069 1865 2098 1891 et
2115 1879 2162 1891 —.
2184 1862 2257 1891 Dat.
2275 1862 2373 1892 Late-

1363 1916 1447 1951 rani,
1466 1916 1532 1946 XII
1549 1915 1707 1945 kalendas
1723 1915 1846 1945 martii.
1868 1927 1880 1941 n

1435 2120 1555 2148 5:3⁷5

1399 2183 1542 2218 Episcopo
1557 2182 1759 2214 Laudunensi,
1778 2181 1933 2208 intimanti
1953 2182 2029 2216 quod
2045 2182 2161 2216 patroni
2178 2181 2369 2209 ecclesiarum

1362 2232 1568 2259 Laudunensis
1594 2231 1750 2263 dioecesis,
1774 2239 1874 2258 earum
1900 2234 2060 2265 proventus
2085 2230 2142 2257 sibi
2166 2239 2216 2265 pro
2238 2231 2370 2258 maxima

1363 2284 1445 2315 parte
1456 2281 1656 2310 vindicantes,
1669 2279 1849 2314 presbyteris
1860 2279 2020 2306 earundem
2035 2279 2226 2306 ecclesiarum
2239 2279 2371 2306 servitiis

1362 2329 1513 2363 deputatis
1531 2329 1602 2355 adeo
1617 2329 1754 2362 exiguam
1771 2328 1935 2362 portionem
1957 2327 2175 2362 relinquebant,
2193 2328 2268 2362 quod
2287 2336 2323 2354 ex
2339 2336 2372 2355 ea

1363 2379 1454 2405 iidem
1479 2378 1643 2412 presbyteri
1664 2386 1721 2404 non
1743 2380 1878 2412 poterant
1894 2377 2064 2409 sustentari,
2087 2377 2208 2404 mandat
2226 2380 2371 2411 quatenus

1363 2428 1474 2454 eisdem
1487 2427 1667 2461 presbyteris
1679 2427 1779 2458 iaciat,
1790 2427 1951 2454 secundum
1965 2426 2110 2460 generalis
2120 2426 2239 2453 concilii
2249 2428 2371 2458 statuta,

1364 2477 1559 2503 sufficientem
1577 2476 1741 2510 portionem
1756 2475 1792 2502 de
1808 2475 2025 2509 praedictarum
2040 2475 2230 2502 ecclesiarum
2243 2483 2369 2509 proven-

1365 2525 1443 2552 tibus
1459 2524 1615 2558 assignarL
1639 2539 1672 2542 —
1687 2525 1774 2555 (Rea.
1791 2523 1836 2556 20,
1854 2525 1873 2550 f.
1891 2524 1924 2551 39
1947 2527 1984 2556 r⁰;
2007 2532 2076 2550 ann.
2096 2523 2179 2555 XIV,
2200 2531 2225 2550 c.
2246 2523 2318 2555 2273
2339 2537 2372 2541 —

1364 2573 1497 2600 Momm]
1515 2573 1594 2605 1193,
1612 2574 1631 2600 f.
1649 2573 1723 2603 191.)
2067 2564 2070 2567 “

1965 2120 2085 2151 Lati-an,
2097 2119 2113 2146 6
2126 2128 2202 2146 mars
2219 2119 2298 2146 1241.

1407 2693 1420 2707 (ε
1446 2703 1467 2710 ..
1490 2681 1622 2718 episcopo
1648 2681 1878 2710 Laudunensffl.
1904 2680 1973 2709 Tua
1996 2679 2090 2709 nobis
2113 2679 2305 2709 fraternitas
2322 2697 2372 2709 —.

1366 2735 1439 2764 Dat.
1462 2733 1628 2768 Laterani,
1648 2734 1679 2764 ΙΙ
1696 2742 1801 2763 nonas
1824 2733 1947 2768 martii,
1970 2741 2057 2762 anno
2080 2732 2335 2771 quartodecimo.
2357 2744 2370 2759 n

1400 2865 1421 2889 1.
1439 2865 1480 2889 Cf.
1497 2873 1594 2895 supra,
1611 2872 1638 2888 n.
1651 2865 1712 2889 ‘2699
1726 2868 1752 2889 et
1768 2865 1838 2890 3984.

1397 2910 1419 2934 2.
1438 2910 1516 2934 Cette
1533 2910 1604 2933 butle
1621 2909 1708 2940 parait
1727 2910 1805 2933 avoir
1826 2909 1868 2933 ete
1889 2916 1922 2933 en
1942 2916 2060 2940 presque
2080 2909 2186 2933 totalite
2206 2909 2306 2933 reerite
2326 2916 2375 2933 sur

1367 2960 1405 2977 un
1420 2957 1556 2984 grattage;
1574 2953 1599 2976 la
1615 2953 1678 2976 date
1694 2959 1728 2976 ne
1741 2953 1843 2976 semble
1858 2960 1906 2983 pas
1918 2953 1995 2976 avoir
2008 2953 2050 2977 ete
2065 2953 2221 2978 retouchee.
