<?xml version="1.0" encoding="UTF-8"?>
<!DOCTYPE html PUBLIC "-//W3C//DTD XHTML 1.0 Transitional//EN"
    "http://www.w3.org/TR/xhtml1/DTD/xhtml1-transitional.dtd">
<html xmlns="http://www.w3.org/1999/xhtml" xml:lang="en" lang="en">
 <head>
  <title>
</title>
<meta http-equiv="Content-Type" content="text/html;charset=utf-8" />
  <meta name='ocr-system' content='tesseract 3.04.00' />
  <meta name='ocr-capabilities' content='ocr_page ocr_carea ocr_par ocr_line ocrx_word'/>
</head>
<body>
  <div class='ocr_page' id='page_1' title='image "./lesregistresdegr03cathuoft_0316.png"; bbox 0 0 2553 3526; ppageno 0'>
   <div class='ocr_carea' id='block_1_1' title="bbox 310 316 2407 363">
    <p class='ocr_par' dir='ltr' id='par_1_1' title="bbox 310 316 2407 363">
     <span class='ocr_line' id='line_1_1' title="bbox 310 316 2407 363; baseline 0.003 -14"><span class='ocrx_word' id='word_1_1' title='bbox 310 323 361 351; x_wconf 72' lang='grc'>011</span> <span class='ocrx_word' id='word_1_2' title='bbox 1038 322 1275 353; x_wconf 69' lang='lat' dir='ltr'>REGISTRES</span> <span class='ocrx_word' id='word_1_3' title='bbox 1299 321 1353 350; x_wconf 84' lang='lat' dir='ltr'>DE</span> <span class='ocrx_word' id='word_1_4' title='bbox 1377 316 1599 355; x_wconf 70' lang='lat' dir='ltr'>GREGOIRE</span> <span class='ocrx_word' id='word_1_5' title='bbox 1624 327 1681 356; x_wconf 76' lang='lat' dir='ltr'>IX.</span> <span class='ocrx_word' id='word_1_6' title='bbox 2352 334 2407 363; x_wconf 72' lang='lat'>612</span> 
     </span>
    </p>
   </div>
   <div class='ocr_carea' id='block_1_2' title="bbox 308 387 1315 636">
    <p class='ocr_par' dir='ltr' id='par_1_2' title="bbox 308 387 1315 636">
     <span class='ocr_line' id='line_1_2' title="bbox 310 387 1315 428; baseline -0.001 -11"><span class='ocrx_word' id='word_1_7' title='bbox 310 389 538 424; x_wconf 56' lang='lat' dir='ltr'>magnitudine</span> <span class='ocrx_word' id='word_1_8' title='bbox 566 389 760 424; x_wconf 56' lang='lat' dir='ltr'>gaudiorum</span> <span class='ocrx_word' id='word_1_9' title='bbox 785 389 945 427; x_wconf 71' lang='lat' dir='ltr'>elanguit,</span> <span class='ocrx_word' id='word_1_10' title='bbox 973 390 1051 428; x_wconf 78' lang='lat' dir='ltr'>quia</span> <span class='ocrx_word' id='word_1_11' title='bbox 1074 389 1183 419; x_wconf 78' lang='lat' dir='ltr'>verbis</span> <span class='ocrx_word' id='word_1_12' title='bbox 1206 387 1315 425; x_wconf 82' lang='lat' dir='ltr'>operis</span> 
     </span>
     <span class='ocr_line' id='line_1_3' title="bbox 309 441 1314 471; baseline 0 -2"><span class='ocrx_word' id='word_1_13' title='bbox 309 441 535 470; x_wconf 74' lang='lat' dir='ltr'>testiinonium</span> <span class='ocrx_word' id='word_1_14' title='bbox 551 442 698 471; x_wconf 88' lang='lat' dir='ltr'>minime.</span> <span class='ocrx_word' id='word_1_15' title='bbox 719 442 815 470; x_wconf 70' lang='lat' dir='ltr'>dant«¹</span> <span class='ocrx_word' id='word_1_16' title='bbox 832 442 982 471; x_wconf 80' lang='lat' dir='ltr'>Domino.</span> <span class='ocrx_word' id='word_1_17' title='bbox 1001 441 1208 471; x_wconf 66' lang='lat' dir='ltr'>contradicit.</span> <span class='ocrx_word' id='word_1_18' title='bbox 1229 441 1314 470; x_wconf 90' lang='lat' dir='ltr'>Con—</span> 
     </span>
     <span class='ocr_line' id='line_1_4' title="bbox 309 494 1313 532; baseline -0.002 -9"><span class='ocrx_word' id='word_1_19' title='bbox 309 495 432 523; x_wconf 73' lang='lat' dir='ltr'>i&#39;ortarc</span> <span class='ocrx_word' id='word_1_20' title='bbox 459 503 534 527; x_wconf 57' lang='lat' dir='ltr'>crgo</span> <span class='ocrx_word' id='word_1_21' title='bbox 551 499 577 523; x_wconf 78' lang='lat' dir='ltr'>ct</span> <span class='ocrx_word' id='word_1_22' title='bbox 607 499 676 523; x_wconf 78' lang='lat' dir='ltr'>esto</span> <span class='ocrx_word' id='word_1_23' title='bbox 703 494 890 523; x_wconf 78' lang='lat' dir='ltr'>1·ol1›ustus¹.</span> <span class='ocrx_word' id='word_1_24' title='bbox 910 494 988 532; x_wconf 79' lang='lat' dir='ltr'>quia</span> <span class='ocrx_word' id='word_1_25' title='bbox 1005 494 1168 523; x_wconf 80' lang='lat' dir='ltr'>Dominus</span> <span class='ocrx_word' id='word_1_26' title='bbox 1193 494 1313 523; x_wconf 86' lang='lat' dir='ltr'>ostium</span> 
     </span>
     <span class='ocr_line' id='line_1_5' title="bbox 308 546 1312 584; baseline -0.001 -8"><span class='ocrx_word' id='word_1_27' title='bbox 308 547 368 576; x_wconf 83' lang='lat' dir='ltr'>tibi</span> <span class='ocrx_word' id='word_1_28' title='bbox 400 547 516 575; x_wconf 71' lang='lat' dir='ltr'>salutis</span> <span class='ocrx_word' id='word_1_29' title='bbox 550 547 727 575; x_wconf 80' lang='lat' dir='ltr'>multorum</span> <span class='ocrx_word' id='word_1_30' title='bbox 759 547 902 584; x_wconf 74' lang='lat' dir='ltr'>aperuit,</span> <span class='ocrx_word' id='word_1_31' title='bbox 936 550 966 575; x_wconf 89' lang='lat' dir='ltr'>et</span> <span class='ocrx_word' id='word_1_32' title='bbox 992 551 1117 583; x_wconf 83' lang='lat' dir='ltr'>patrem</span> <span class='ocrx_word' id='word_1_33' title='bbox 1149 546 1312 583; x_wconf 78' lang='lat' dir='ltr'>iuvenies,</span> 
     </span>
     <span class='ocr_line' id='line_1_6' title="bbox 308 599 1063 636; baseline -0.003 -7"><span class='ocrx_word' id='word_1_34' title='bbox 308 600 483 629; x_wconf 61' lang='lat' dir='ltr'>dummodo</span> <span class='ocrx_word' id='word_1_35' title='bbox 500 600 605 628; x_wconf 77' lang='lat' dir='ltr'>filium</span> <span class='ocrx_word' id='word_1_36' title='bbox 624 604 652 628; x_wconf 77' lang='lat' dir='ltr'>te</span> <span class='ocrx_word' id='word_1_37' title='bbox 672 600 818 628; x_wconf 78' lang='lat' dir='ltr'>inveniat</span> <span class='ocrx_word' id='word_1_38' title='bbox 838 599 907 636; x_wconf 84' lang='lat' dir='ltr'>ipse</span> <span class='ocrx_word' id='word_1_39' title='bbox 926 603 1028 636; x_wconf 79' lang='lat' dir='ltr'>pater.</span> <span class='ocrx_word' id='word_1_40' title='bbox 1051 611 1063 625; x_wconf 75' lang='lat'>1&gt;</span> 
     </span>
    </p>
   </div>
   <div class='ocr_carea' id='block_1_3' title="bbox 377 759 493 785">
    <p class='ocr_par' dir='ltr' id='par_1_3' title="bbox 377 759 493 785">
     <span class='ocr_line' id='line_1_7' title="bbox 377 759 493 785; baseline 0 0"><span class='ocrx_word' id='word_1_41' title='bbox 377 759 493 785; x_wconf 68' lang='lat'><strong>(31⁷⁴</strong></span> 
     </span>
    </p>
   </div>
   <div class='ocr_carea' id='block_1_4' title="bbox 307 818 1315 904">
    <p class='ocr_par' dir='ltr' id='par_1_4' title="bbox 307 818 1315 904">
     <span class='ocr_line' id='line_1_8' title="bbox 342 818 1315 854; baseline -0.003 -7"><span class='ocrx_word' id='word_1_42' title='bbox 342 821 503 854; x_wconf 74' lang='lat' dir='ltr'>Episc·›pus</span> <span class='ocrx_word' id='word_1_43' title='bbox 526 820 699 846; x_wconf 48' lang='lat' dir='ltr'>sabinensis</span> <span class='ocrx_word' id='word_1_44' title='bbox 720 822 748 846; x_wconf 78' lang='lat' dir='ltr'>et·</span> <span class='ocrx_word' id='word_1_45' title='bbox 770 820 908 847; x_wconf 73' lang='lat' dir='ltr'>Thomas,</span> <span class='ocrx_word' id='word_1_46' title='bbox 932 819 1012 846; x_wconf 78' lang='lat' dir='ltr'>tituli</span> <span class='ocrx_word' id='word_1_47' title='bbox 1038 819 1164 845; x_wconf 77' lang='lat' dir='ltr'>Sanctae</span> <span class='ocrx_word' id='word_1_48' title='bbox 1186 818 1315 844; x_wconf 66' lang='lat' dir='ltr'>Sabinae</span> 
     </span>
     <span class='ocr_line' id='line_1_9' title="bbox 307 866 1314 904; baseline -0.003 -9"><span class='ocrx_word' id='word_1_49' title='bbox 307 870 459 904; x_wconf 58' lang='lat' dir='ltr'>presbyter</span> <span class='ocrx_word' id='word_1_50' title='bbox 480 869 651 900; x_wconf 70' lang='lat' dir='ltr'>cardinalis,</span> <span class='ocrx_word' id='word_1_51' title='bbox 674 869 813 900; x_wconf 55' lang='lat' dir='ltr'>Gregorio</span> <span class='ocrx_word' id='word_1_52' title='bbox 838 876 928 902; x_wconf 77' lang='lat' dir='ltr'>papae</span> <span class='ocrx_word' id='word_1_53' title='bbox 949 867 1089 893; x_wconf 81' lang='lat' dir='ltr'>nuntiant</span> <span class='ocrx_word' id='word_1_54' title='bbox 1105 876 1134 893; x_wconf 87' lang='lat' dir='ltr'>se</span> <span class='ocrx_word' id='word_1_55' title='bbox 1156 867 1233 901; x_wconf 85' lang='lat' dir='ltr'>ipsos</span> <span class='ocrx_word' id='word_1_56' title='bbox 1250 866 1314 893; x_wconf 87' lang='lat' dir='ltr'>Fri-</span> 
     </span>
    </p>
   </div>
   <div class='ocr_carea' id='block_1_5' title="bbox 833 755 1243 791">
    <p class='ocr_par' dir='ltr' id='par_1_5' title="bbox 833 755 1243 791">
     <span class='ocr_line' id='line_1_10' title="bbox 833 755 1243 791; baseline -0.005 -7"><span class='ocrx_word' id='word_1_57' title='bbox 833 756 937 791; x_wconf 67' lang='lat' dir='ltr'>[Apres</span> <span class='ocrx_word' id='word_1_58' title='bbox 953 758 978 783; x_wconf 84' lang='lat' dir='ltr'>le</span> <span class='ocrx_word' id='word_1_59' title='bbox 994 757 1026 783; x_wconf 76' lang='lat'>23</span> <span class='ocrx_word' id='word_1_60' title='bbox 1040 757 1138 790; x_wconf 82' lang='lat' dir='ltr'>juillet</span> <span class='ocrx_word' id='word_1_61' title='bbox 1151 755 1243 790; x_wconf 72' lang='lat'>1230.]</span> 
     </span>
    </p>
   </div>
   <div class='ocr_carea' id='block_1_6' title="bbox 305 916 1312 997">
    <p class='ocr_par' dir='ltr' id='par_1_6' title="bbox 305 916 1312 997">
     <span class='ocr_line' id='line_1_11' title="bbox 305 916 1312 951; baseline -0.002 -7"><span class='ocrx_word' id='word_1_62' title='bbox 305 918 396 945; x_wconf 67' lang='lat' dir='ltr'>devici</span> <span class='ocrx_word' id='word_1_63' title='bbox 429 917 614 951; x_wconf 65' lang='lat' dir='ltr'>imperatoris</span> <span class='ocrx_word' id='word_1_64' title='bbox 643 917 844 950; x_wconf 82' lang='lat' dir='ltr'>juramentum</span> <span class='ocrx_word' id='word_1_65' title='bbox 875 917 1028 950; x_wconf 73' lang='lat' dir='ltr'>recepisse.</span> <span class='ocrx_word' id='word_1_66' title='bbox 1058 931 1092 933; x_wconf 87' lang='lat'>—</span> <span class='ocrx_word' id='word_1_67' title='bbox 1120 916 1206 947; x_wconf 67' lang='lat' dir='ltr'>(nm.</span> <span class='ocrx_word' id='word_1_68' title='bbox 1238 916 1312 942; x_wconf 65' lang='lat' dir='ltr'>PER.</span> 
     </span>
     <span class='ocr_line' id='line_1_12' title="bbox 306 966 546 997; baseline -0.008 -4"><span class='ocrx_word' id='word_1_69' title='bbox 306 966 546 997; x_wconf 44' lang='lat'>1.161·*·‚11‘·74.)</span> 
     </span>
    </p>
   </div>
   <div class='ocr_carea' id='block_1_7' title="bbox 300 1058 1314 1734">
    <p class='ocr_par' dir='ltr' id='par_1_7' title="bbox 300 1058 1314 1734">
     <span class='ocr_line' id='line_1_13' title="bbox 346 1058 1314 1098; baseline 0.001 -11"><span class='ocrx_word' id='word_1_70' title='bbox 346 1074 357 1087; x_wconf 86' lang='lat'>«</span> <span class='ocrx_word' id='word_1_71' title='bbox 378 1062 411 1097; x_wconf 83' lang='lat'>[..</span> <span class='ocrx_word' id='word_1_72' title='bbox 430 1062 584 1097; x_wconf 55' lang='lat' dir='ltr'>episcopus</span> <span class='ocrx_word' id='word_1_73' title='bbox 604 1061 778 1089; x_wconf 69' lang='lat' dir='ltr'>Sabinensis</span> <span class='ocrx_word' id='word_1_74' title='bbox 799 1065 824 1088; x_wconf 71' lang='lat' dir='ltr'>et</span> <span class='ocrx_word' id='word_1_75' title='bbox 846 1058 1006 1098; x_wconf 50' lang='lat' dir='ltr'>Tlffonzas]¹</span> <span class='ocrx_word' id='word_1_76' title='bbox 1032 1060 1117 1088; x_wconf 74' lang='lat' dir='ltr'>tituli</span> <span class='ocrx_word' id='word_1_77' title='bbox 1132 1060 1239 1088; x_wconf 72' lang='lat' dir='ltr'>Sancte</span> <span class='ocrx_word' id='word_1_78' title='bbox 1257 1060 1314 1088; x_wconf 86' lang='lat' dir='ltr'>Sa-</span> 
     </span>
     <span class='ocr_line' id='line_1_14' title="bbox 303 1111 1314 1150; baseline -0.003 -7"><span class='ocrx_word' id='word_1_79' title='bbox 303 1116 370 1143; x_wconf 74' lang='lat' dir='ltr'>bine</span> <span class='ocrx_word' id='word_1_80' title='bbox 385 1114 530 1150; x_wconf 70' lang='lat' dir='ltr'>presbiter</span> <span class='ocrx_word' id='word_1_81' title='bbox 551 1114 732 1147; x_wconf 69' lang='lat' dir='ltr'>cardinalis,</span> <span class='ocrx_word' id='word_1_82' title='bbox 755 1114 885 1141; x_wconf 69' lang='lat' dir='ltr'>miltant</span> <span class='ocrx_word' id='word_1_83' title='bbox 905 1113 1029 1141; x_wconf 76' lang='lat' dir='ltr'>domino</span> <span class='ocrx_word' id='word_1_84' title='bbox 1042 1113 1143 1149; x_wconf 58' lang='lat' dir='ltr'>papa]</span> <span class='ocrx_word' id='word_1_85' title='bbox 1162 1111 1314 1141; x_wconf 84' lang='lat' dir='ltr'>Paterni-</span> 
     </span>
     <span class='ocr_line' id='line_1_15' title="bbox 306 1164 1313 1203; baseline -0.003 -7"><span class='ocrx_word' id='word_1_86' title='bbox 306 1167 363 1196; x_wconf 84' lang='lat' dir='ltr'>tati</span> <span class='ocrx_word' id='word_1_87' title='bbox 379 1168 497 1196; x_wconf 68' lang='lat' dir='ltr'>chtre</span> <span class='ocrx_word' id='word_1_88' title='bbox 527 1165 756 1203; x_wconf 75' lang='lat' dir='ltr'>significamus</span> <span class='ocrx_word' id='word_1_89' title='bbox 783 1165 869 1203; x_wconf 80' lang='lat' dir='ltr'>quod</span> <span class='ocrx_word' id='word_1_90' title='bbox 896 1174 973 1199; x_wconf 79' lang='lat' dir='ltr'>nos,</span> <span class='ocrx_word' id='word_1_91' title='bbox 1008 1165 1162 1194; x_wconf 84' lang='lat' dir='ltr'>restituto</span> <span class='ocrx_word' id='word_1_92' title='bbox 1195 1164 1313 1194; x_wconf 89' lang='lat' dir='ltr'>comite</span> 
     </span>
     <span class='ocr_line' id='line_1_16' title="bbox 304 1214 1312 1256; baseline -0.004 -7"><span class='ocrx_word' id='word_1_93' title='bbox 304 1214 475 1256; x_wconf 74' lang='lat' dir='ltr'>Rogei·i‹i›²,</span> <span class='ocrx_word' id='word_1_94' title='bbox 495 1218 701 1256; x_wconf 67' lang='lat' dir='ltr'>receptisque</span> <span class='ocrx_word' id='word_1_95' title='bbox 718 1218 752 1246; x_wconf 90' lang='lat' dir='ltr'>in</span> <span class='ocrx_word' id='word_1_96' title='bbox 773 1218 913 1255; x_wconf 67' lang='lat' dir='ltr'>gratiam</span> <span class='ocrx_word' id='word_1_97' title='bbox 930 1217 1140 1255; x_wconf 76' lang='lat' dir='ltr'>imperatoris.</span> <span class='ocrx_word' id='word_1_98' title='bbox 1157 1217 1312 1252; x_wconf 74' lang='lat' dir='ltr'>Corrado,</span> 
     </span>
     <span class='ocr_line' id='line_1_17' title="bbox 303 1270 1313 1308; baseline -0.002 -7"><span class='ocrx_word' id='word_1_99' title='bbox 303 1271 510 1301; x_wconf 81' lang='lat' dir='ltr'>Guizenardo</span> <span class='ocrx_word' id='word_1_100' title='bbox 529 1275 558 1300; x_wconf 88' lang='lat' dir='ltr'>et</span> <span class='ocrx_word' id='word_1_101' title='bbox 579 1270 795 1308; x_wconf 55' lang='grc' dir='ltr'>Μαι-13310103,</span> <span class='ocrx_word' id='word_1_102' title='bbox 814 1271 950 1300; x_wconf 86' lang='lat' dir='ltr'>remotis</span> <span class='ocrx_word' id='word_1_103' title='bbox 967 1270 1071 1307; x_wconf 74' lang='lat' dir='ltr'>galeis</span> <span class='ocrx_word' id='word_1_104' title='bbox 1089 1270 1128 1299; x_wconf 88' lang='lat' dir='ltr'>ab</span> <span class='ocrx_word' id='word_1_105' title='bbox 1144 1270 1313 1299; x_wconf 85' lang='lat' dir='ltr'>ossidione</span> 
     </span>
     <span class='ocr_line' id='line_1_18' title="bbox 303 1323 1313 1362; baseline -0.003 -7"><span class='ocrx_word' id='word_1_106' title='bbox 303 1325 418 1355; x_wconf 72' lang='lat' dir='ltr'>Gaicle</span> <span class='ocrx_word' id='word_1_107' title='bbox 449 1329 479 1354; x_wconf 88' lang='lat' dir='ltr'>et</span> <span class='ocrx_word' id='word_1_108' title='bbox 511 1324 657 1353; x_wconf 78' lang='lat' dir='ltr'>exercitu</span> <span class='ocrx_word' id='word_1_109' title='bbox 685 1324 895 1362; x_wconf 79' lang='lat' dir='ltr'>imperatoris</span> <span class='ocrx_word' id='word_1_110' title='bbox 925 1324 1075 1358; x_wconf 75' lang='lat' dir='ltr'>remisso,</span> <span class='ocrx_word' id='word_1_111' title='bbox 1108 1324 1142 1352; x_wconf 91' lang='lat' dir='ltr'>in</span> <span class='ocrx_word' id='word_1_112' title='bbox 1169 1323 1313 1353; x_wconf 82' lang='lat' dir='ltr'>crastino</span> 
     </span>
     <span class='ocr_line' id='line_1_19' title="bbox 302 1376 1311 1415; baseline -0.001 -9"><span class='ocrx_word' id='word_1_113' title='bbox 302 1378 396 1407; x_wconf 81' lang='lat' dir='ltr'>beate</span> <span class='ocrx_word' id='word_1_114' title='bbox 411 1377 604 1414; x_wconf 77' lang='lat' dir='ltr'>Magdalene</span> <span class='ocrx_word' id='word_1_115' title='bbox 616 1378 626 1397; x_wconf 84' lang='lat'>⁴</span> <span class='ocrx_word' id='word_1_116' title='bbox 640 1377 867 1415; x_wconf 82' lang='lat' dir='ltr'>juramentum</span> <span class='ocrx_word' id='word_1_117' title='bbox 888 1377 1098 1414; x_wconf 85' lang='lat' dir='ltr'>imperatoris</span> <span class='ocrx_word' id='word_1_118' title='bbox 1115 1376 1311 1414; x_wconf 77' lang='lat' dir='ltr'>recepimus,</span> 
     </span>
     <span class='ocr_line' id='line_1_20' title="bbox 302 1429 1313 1468; baseline -0.003 -7"><span class='ocrx_word' id='word_1_119' title='bbox 302 1431 461 1461; x_wconf 78' lang='lat' dir='ltr'>confectis</span> <span class='ocrx_word' id='word_1_120' title='bbox 486 1431 577 1468; x_wconf 85' lang='lat' dir='ltr'>prius</span> <span class='ocrx_word' id='word_1_121' title='bbox 594 1435 625 1460; x_wconf 79' lang='lat' dir='ltr'>et</span> <span class='ocrx_word' id='word_1_122' title='bbox 641 1440 720 1459; x_wconf 82' lang='lat' dir='ltr'>auro</span> <span class='ocrx_word' id='word_1_123' title='bbox 738 1430 874 1459; x_wconf 79' lang='lat' dir='ltr'>bullatis</span> <span class='ocrx_word' id='word_1_124' title='bbox 895 1430 999 1459; x_wconf 85' lang='lat' dir='ltr'>tribus</span> <span class='ocrx_word' id='word_1_125' title='bbox 1018 1429 1139 1459; x_wconf 86' lang='lat' dir='ltr'>litteris</span> <span class='ocrx_word' id='word_1_126' title='bbox 1158 1430 1191 1458; x_wconf 91' lang='lat' dir='ltr'>in</span> <span class='ocrx_word' id='word_1_127' title='bbox 1208 1430 1313 1459; x_wconf 82' lang='lat' dir='ltr'>forma</span> 
     </span>
     <span class='ocr_line' id='line_1_21' title="bbox 302 1483 1313 1522; baseline -0.001 -9"><span class='ocrx_word' id='word_1_128' title='bbox 302 1493 400 1522; x_wconf 76' lang='lat' dir='ltr'>quam</span> <span class='ocrx_word' id='word_1_129' title='bbox 424 1484 488 1521; x_wconf 88' lang='lat' dir='ltr'>ipsi</span> <span class='ocrx_word' id='word_1_130' title='bbox 513 1483 645 1520; x_wconf 74' lang='lat' dir='ltr'>negotio</span> <span class='ocrx_word' id='word_1_131' title='bbox 663 1483 808 1512; x_wconf 85' lang='lat' dir='ltr'>vidimus</span> <span class='ocrx_word' id='word_1_132' title='bbox 830 1483 994 1520; x_wconf 82' lang='lat' dir='ltr'>expedire.</span> <span class='ocrx_word' id='word_1_133' title='bbox 1011 1484 1215 1513; x_wconf 82' lang='lat' dir='ltr'>Juraverunt</span> <span class='ocrx_word' id='word_1_134' title='bbox 1232 1492 1313 1521; x_wconf 84' lang='lat' dir='ltr'>quo-</span> 
     </span>
     <span class='ocr_line' id='line_1_22' title="bbox 302 1535 1313 1575; baseline 0 -10"><span class='ocrx_word' id='word_1_135' title='bbox 302 1546 364 1575; x_wconf 79' lang='lat' dir='ltr'>que</span> <span class='ocrx_word' id='word_1_136' title='bbox 381 1537 559 1574; x_wconf 74' lang='lat' dir='ltr'>principes,</span> <span class='ocrx_word' id='word_1_137' title='bbox 576 1541 709 1574; x_wconf 78' lang='lat' dir='ltr'>excepto</span> <span class='ocrx_word' id='word_1_138' title='bbox 730 1536 810 1565; x_wconf 85' lang='lat' dir='ltr'>duce</span> <span class='ocrx_word' id='word_1_139' title='bbox 830 1537 974 1571; x_wconf 66' lang='lat' dir='ltr'>Austrie,</span> <span class='ocrx_word' id='word_1_140' title='bbox 994 1536 1050 1574; x_wconf 83' lang='lat' dir='ltr'>qui</span> <span class='ocrx_word' id='word_1_141' title='bbox 1067 1535 1313 1574; x_wconf 82' lang='lat' dir='ltr'>aliquantulum</span> 
     </span>
     <span class='ocr_line' id='line_1_23' title="bbox 303 1589 1313 1627; baseline 0.001 -9"><span class='ocrx_word' id='word_1_142' title='bbox 303 1590 501 1627; x_wconf 57' lang='lat' dir='ltr'>egrotabaff.</span> <span class='ocrx_word' id='word_1_143' title='bbox 522 1591 666 1627; x_wconf 79' lang='lat' dir='ltr'>Recepto</span> <span class='ocrx_word' id='word_1_144' title='bbox 681 1593 790 1619; x_wconf 77' lang='lat' dir='ltr'>autem</span> <span class='ocrx_word' id='word_1_145' title='bbox 808 1599 826 1618; x_wconf 81' lang='lat' dir='ltr'>a</span> <span class='ocrx_word' id='word_1_146' title='bbox 845 1589 1210 1627; x_wconf 82' lang='lat' dir='ltr'>Principejuramento‚</span> <span class='ocrx_word' id='word_1_147' title='bbox 1233 1598 1313 1627; x_wconf 83' lang='lat' dir='ltr'>que-</span> 
     </span>
     <span class='ocr_line' id='line_1_24' title="bbox 301 1641 1313 1677; baseline -0.001 -5"><span class='ocrx_word' id='word_1_148' title='bbox 301 1644 374 1673; x_wconf 89' lang='lat' dir='ltr'>dam</span> <span class='ocrx_word' id='word_1_149' title='bbox 395 1643 424 1672; x_wconf 87' lang='lat' dir='ltr'>ei</span> <span class='ocrx_word' id='word_1_150' title='bbox 446 1643 557 1672; x_wconf 82' lang='lat' dir='ltr'>statim</span> <span class='ocrx_word' id='word_1_151' title='bbox 582 1643 737 1672; x_wconf 83' lang='lat' dir='ltr'>mandata</span> <span class='ocrx_word' id='word_1_152' title='bbox 758 1643 908 1677; x_wconf 71' lang='lat' dir='ltr'>fecimus,</span> <span class='ocrx_word' id='word_1_153' title='bbox 934 1641 999 1671; x_wconf 86' lang='lat' dir='ltr'>alia</span> <span class='ocrx_word' id='word_1_154' title='bbox 1018 1651 1077 1671; x_wconf 87' lang='lat' dir='ltr'>suo</span> <span class='ocrx_word' id='word_1_155' title='bbox 1094 1641 1163 1671; x_wconf 88' lang='lat' dir='ltr'>loco</span> <span class='ocrx_word' id='word_1_156' title='bbox 1181 1647 1211 1672; x_wconf 90' lang='lat' dir='ltr'>et</span> <span class='ocrx_word' id='word_1_157' title='bbox 1230 1647 1313 1672; x_wconf 84' lang='lat' dir='ltr'>tem-</span> 
     </span>
     <span class='ocr_line' id='line_1_25' title="bbox 300 1695 632 1734; baseline -0.006 -8"><span class='ocrx_word' id='word_1_158' title='bbox 300 1705 377 1734; x_wconf 88' lang='lat' dir='ltr'>pore</span> <span class='ocrx_word' id='word_1_159' title='bbox 395 1695 596 1725; x_wconf 79' lang='lat' dir='ltr'>mandaturi.</span> <span class='ocrx_word' id='word_1_160' title='bbox 620 1708 632 1721; x_wconf 85' lang='lat'>»</span> 
     </span>
    </p>
   </div>
   <div class='ocr_carea' id='block_1_8' title="bbox 371 1855 491 1882">
    <p class='ocr_par' dir='ltr' id='par_1_8' title="bbox 371 1855 491 1882">
     <span class='ocr_line' id='line_1_26' title="bbox 371 1855 491 1882; baseline 0.008 -1"><span class='ocrx_word' id='word_1_161' title='bbox 371 1855 491 1882; x_wconf 54' lang='lat'>6125</span> 
     </span>
    </p>
   </div>
   <div class='ocr_carea' id='block_1_9' title="bbox 299 1915 1311 2146">
    <p class='ocr_par' dir='ltr' id='par_1_9' title="bbox 299 1915 1311 2146">
     <span class='ocr_line' id='line_1_27' title="bbox 336 1915 1309 1950; baseline -0.001 -7"><span class='ocrx_word' id='word_1_162' title='bbox 336 1917 509 1944; x_wconf 69' lang='lat' dir='ltr'>Rectoribus</span> <span class='ocrx_word' id='word_1_163' title='bbox 523 1919 551 1942; x_wconf 82' lang='lat' dir='ltr'>et</span> <span class='ocrx_word' id='word_1_164' title='bbox 568 1917 674 1949; x_wconf 79' lang='lat' dir='ltr'>populo</span> <span class='ocrx_word' id='word_1_165' title='bbox 690 1915 844 1942; x_wconf 83' lang='lat' dir='ltr'>Gaietanis</span> <span class='ocrx_word' id='word_1_166' title='bbox 861 1916 984 1942; x_wconf 85' lang='lat' dir='ltr'>mandat</span> <span class='ocrx_word' id='word_1_167' title='bbox 1006 1919 1150 1950; x_wconf 83' lang='lat' dir='ltr'>quatenus</span> <span class='ocrx_word' id='word_1_168' title='bbox 1169 1916 1309 1949; x_wconf 80' lang='lat' dir='ltr'>quosdam</span> 
     </span>
     <span class='ocr_line' id='line_1_28' title="bbox 299 1964 1311 1998; baseline -0.002 -5"><span class='ocrx_word' id='word_1_169' title='bbox 299 1976 333 1993; x_wconf 82' lang='lat' dir='ltr'>ex</span> <span class='ocrx_word' id='word_1_170' title='bbox 348 1966 408 1993; x_wconf 75' lang='lat' dir='ltr'>suis</span> <span class='ocrx_word' id='word_1_171' title='bbox 424 1966 459 1992; x_wconf 61' lang='lat' dir='ltr'>acl</span> <span class='ocrx_word' id='word_1_172' title='bbox 478 1965 583 1992; x_wconf 77' lang='lat' dir='ltr'>Sedeui</span> <span class='ocrx_word' id='word_1_173' title='bbox 606 1964 803 1998; x_wconf 74' lang='lat' dir='ltr'>Apostolicaui</span> <span class='ocrx_word' id='word_1_174' title='bbox 828 1964 961 1995; x_wconf 84' lang='lat' dir='ltr'>mittant,</span> <span class='ocrx_word' id='word_1_175' title='bbox 980 1964 1072 1998; x_wconf 85' lang='lat' dir='ltr'>ipsius</span> <span class='ocrx_word' id='word_1_176' title='bbox 1090 1973 1182 1998; x_wconf 82' lang='lat' dir='ltr'>papae</span> <span class='ocrx_word' id='word_1_177' title='bbox 1198 1964 1311 1991; x_wconf 82' lang='lat' dir='ltr'>monita</span> 
     </span>
     <span class='ocr_line' id='line_1_29' title="bbox 299 2013 1311 2047; baseline -0.002 -6"><span class='ocrx_word' id='word_1_178' title='bbox 299 2018 325 2041; x_wconf 87' lang='lat' dir='ltr'>et</span> <span class='ocrx_word' id='word_1_179' title='bbox 341 2014 465 2041; x_wconf 74' lang='lat' dir='ltr'>consilia</span> <span class='ocrx_word' id='word_1_180' title='bbox 481 2016 662 2046; x_wconf 49' lang='lat' dir='ltr'>recmturos:</span> <span class='ocrx_word' id='word_1_181' title='bbox 690 2013 827 2039; x_wconf 78' lang='lat' dir='ltr'>noverint</span> <span class='ocrx_word' id='word_1_182' title='bbox 846 2013 942 2046; x_wconf 86' lang='lat' dir='ltr'>ipsum</span> <span class='ocrx_word' id='word_1_183' title='bbox 966 2021 1071 2046; x_wconf 81' lang='lat' dir='ltr'>papam</span> <span class='ocrx_word' id='word_1_184' title='bbox 1090 2013 1311 2047; x_wconf 64' lang='lat' dir='ltr'>archiepiscopo</span> 
     </span>
     <span class='ocr_line' id='line_1_30' title="bbox 300 2061 1310 2096; baseline -0.002 -5"><span class='ocrx_word' id='word_1_185' title='bbox 300 2064 410 2096; x_wconf 69' lang='lat' dir='ltr'>Regino</span> <span class='ocrx_word' id='word_1_186' title='bbox 437 2066 465 2089; x_wconf 88' lang='lat' dir='ltr'>et</span> <span class='ocrx_word' id='word_1_187' title='bbox 494 2062 634 2095; x_wconf 65' lang='lat' dir='ltr'>magistro</span> <span class='ocrx_word' id='word_1_188' title='bbox 659 2062 763 2087; x_wconf 78' lang='lat' dir='ltr'>(lomus</span> <span class='ocrx_word' id='word_1_189' title='bbox 790 2061 1040 2088; x_wconf 77' lang='lat' dir='ltr'>Tlieutonicorun]</span> <span class='ocrx_word' id='word_1_190' title='bbox 1067 2062 1194 2088; x_wconf 83' lang='lat' dir='ltr'>scribere</span> <span class='ocrx_word' id='word_1_191' title='bbox 1219 2065 1251 2089; x_wconf 90' lang='lat' dir='ltr'>ut</span> <span class='ocrx_word' id='word_1_192' title='bbox 1274 2063 1310 2089; x_wconf 77' lang='lat' dir='ltr'>ad</span> 
     </span>
     <span class='ocr_line' id='line_1_31' title="bbox 299 2110 1309 2146; baseline -0.002 -7"><span class='ocrx_word' id='word_1_193' title='bbox 299 2114 376 2146; x_wconf 81' lang='lat' dir='ltr'>ipsos</span> <span class='ocrx_word' id='word_1_194' title='bbox 399 2112 557 2139; x_wconf 76' lang='lat' dir='ltr'>Gaietanos</span> <span class='ocrx_word' id='word_1_195' title='bbox 578 2110 708 2143; x_wconf 80' lang='lat' dir='ltr'>aliquem</span> <span class='ocrx_word' id='word_1_196' title='bbox 730 2110 872 2141; x_wconf 50' lang='lat' dir='ltr'>dirigant,</span> <span class='ocrx_word' id='word_1_197' title='bbox 894 2119 961 2136; x_wconf 88' lang='lat' dir='ltr'>cum</span> <span class='ocrx_word' id='word_1_198' title='bbox 981 2119 1036 2144; x_wconf 84' lang='lat' dir='ltr'>quo</span> <span class='ocrx_word' id='word_1_199' title='bbox 1060 2111 1188 2144; x_wconf 83' lang='lat' dir='ltr'>ipsorum</span> <span class='ocrx_word' id='word_1_200' title='bbox 1211 2111 1309 2137; x_wconf 81' lang='lat' dir='ltr'>nuntii</span> 
     </span>
    </p>
   </div>
   <div class='ocr_carea' id='block_1_10' title="bbox 706 1852 1239 1888">
    <p class='ocr_par' dir='ltr' id='par_1_10' title="bbox 706 1852 1239 1888">
     <span class='ocr_line' id='line_1_32' title="bbox 706 1852 1239 1888; baseline 0 -8"><span class='ocrx_word' id='word_1_201' title='bbox 706 1854 810 1881; x_wconf 81' lang='lat' dir='ltr'>Grotta</span> <span class='ocrx_word' id='word_1_202' title='bbox 827 1854 959 1883; x_wconf 80' lang='lat' dir='ltr'>Ferrata,</span> <span class='ocrx_word' id='word_1_203' title='bbox 975 1854 1007 1880; x_wconf 70' lang='lat'>14</span> <span class='ocrx_word' id='word_1_204' title='bbox 1021 1854 1120 1887; x_wconf 88' lang='lat' dir='ltr'>juillet</span> <span class='ocrx_word' id='word_1_205' title='bbox 1137 1852 1239 1888; x_wconf 50' lang='lat'>[1230]</span> 
     </span>
    </p>
   </div>
   <div class='ocr_carea' id='block_1_11' title="bbox 299 2159 1308 2241">
    <p class='ocr_par' dir='ltr' id='par_1_11' title="bbox 299 2159 1308 2241">
     <span class='ocr_line' id='line_1_33' title="bbox 299 2159 1308 2194; baseline -0.001 -7"><span class='ocrx_word' id='word_1_206' title='bbox 299 2162 335 2188; x_wconf 80' lang='lat' dir='ltr'>ad</span> <span class='ocrx_word' id='word_1_207' title='bbox 352 2169 457 2194; x_wconf 78' lang='lat' dir='ltr'>papam</span> <span class='ocrx_word' id='word_1_208' title='bbox 476 2168 575 2186; x_wconf 68' lang='lat' dir='ltr'>secure.</span> <span class='ocrx_word' id='word_1_209' title='bbox 593 2159 703 2192; x_wconf 77' lang='lat' dir='ltr'>possint</span> <span class='ocrx_word' id='word_1_210' title='bbox 721 2159 859 2185; x_wconf 80' lang='lat' dir='ltr'>accedere</span> <span class='ocrx_word' id='word_1_211' title='bbox 878 2162 905 2185; x_wconf 84' lang='lat' dir='ltr'>et</span> <span class='ocrx_word' id='word_1_212' title='bbox 926 2162 1025 2192; x_wconf 77' lang='lat' dir='ltr'>postea</span> <span class='ocrx_word' id='word_1_213' title='bbox 1045 2159 1150 2185; x_wconf 85' lang='lat' dir='ltr'>redire.</span> <span class='ocrx_word' id='word_1_214' title='bbox 1168 2174 1202 2176; x_wconf 97' lang='lat'><strong>—</strong></span> <span class='ocrx_word' id='word_1_215' title='bbox 1222 2160 1308 2191; x_wconf 68' lang='grc' dir='ltr'>(ΗΕΘ.</span> 
     </span>
     <span class='ocr_line' id='line_1_34' title="bbox 300 2205 708 2241; baseline -0.012 -4"><span class='ocrx_word' id='word_1_216' title='bbox 300 2211 374 2237; x_wconf 67' lang='lat' dir='ltr'>Pan.</span> <span class='ocrx_word' id='word_1_217' title='bbox 398 2210 416 2235; x_wconf 82' lang='lat' dir='ltr'>f.</span> <span class='ocrx_word' id='word_1_218' title='bbox 436 2208 466 2235; x_wconf 83' lang='lat'>16</span> <span class='ocrx_word' id='word_1_219' title='bbox 483 2214 516 2238; x_wconf 72' lang='lat'>1¹⁰,</span> <span class='ocrx_word' id='word_1_220' title='bbox 535 2216 562 2233; x_wconf 90' lang='lat' dir='ltr'>n.</span> <span class='ocrx_word' id='word_1_221' title='bbox 579 2205 708 2241; x_wconf 70' lang='lat'>75[-76].)</span> 
     </span>
    </p>
   </div>
   <div class='ocr_carea' id='block_1_12' title="bbox 341 2299 1309 2340">
    <p class='ocr_par' dir='ltr' id='par_1_12' title="bbox 341 2299 1309 2340">
     <span class='ocr_line' id='line_1_35' title="bbox 341 2299 1309 2340; baseline -0.001 -8"><span class='ocrx_word' id='word_1_222' title='bbox 341 2317 352 2329; x_wconf 69' lang='lat' dir='ltr'>a</span> <span class='ocrx_word' id='word_1_223' title='bbox 372 2303 556 2340; x_wconf 68' lang='lat' dir='ltr'>[Itecloribns</span> <span class='ocrx_word' id='word_1_224' title='bbox 572 2307 596 2330; x_wconf 76' lang='lat' dir='ltr'>et</span> <span class='ocrx_word' id='word_1_225' title='bbox 612 2302 720 2339; x_wconf 77' lang='lat' dir='ltr'>populo</span> <span class='ocrx_word' id='word_1_226' title='bbox 738 2299 917 2338; x_wconf 61' lang='lat' dir='ltr'>Gaietanis]</span> <span class='ocrx_word' id='word_1_227' title='bbox 937 2301 1077 2329; x_wconf 85' lang='lat' dir='ltr'>Paterno</span> <span class='ocrx_word' id='word_1_228' title='bbox 1094 2300 1132 2330; x_wconf 87' lang='lat' dir='ltr'>de</span> <span class='ocrx_word' id='word_1_229' title='bbox 1148 2300 1239 2330; x_wconf 88' lang='lat' dir='ltr'>vobis</span> <span class='ocrx_word' id='word_1_230' title='bbox 1256 2310 1309 2331; x_wconf 90' lang='lat' dir='ltr'>co-</span> 
     </span>
    </p>
   </div>
   <div class='ocr_carea' id='block_1_13' title="bbox 298 2412 1309 3024">
    <p class='ocr_par' dir='ltr' id='par_1_13' title="bbox 298 2412 1309 2710">
     <span class='ocr_line' id='line_1_36' title="bbox 298 2412 1309 2440; baseline -0.004 -1"><span class='ocrx_word' id='word_1_231' title='bbox 298 2416 331 2439; x_wconf 79' lang='lat' dir='ltr'>ad</span> <span class='ocrx_word' id='word_1_232' title='bbox 345 2416 475 2439; x_wconf 80' lang='lat' dir='ltr'>Sanctum</span> <span class='ocrx_word' id='word_1_233' title='bbox 493 2414 669 2440; x_wconf 69' lang='lat' dir='ltr'>Germanum,</span> <span class='ocrx_word' id='word_1_234' title='bbox 687 2413 733 2436; x_wconf 84' lang='lat' dir='ltr'>ubi</span> <span class='ocrx_word' id='word_1_235' title='bbox 750 2413 841 2436; x_wconf 82' lang='lat' dir='ltr'>dictus</span> <span class='ocrx_word' id='word_1_236' title='bbox 858 2413 941 2435; x_wconf 82' lang='lat' dir='ltr'>frater</span> <span class='ocrx_word' id='word_1_237' title='bbox 957 2412 1044 2436; x_wconf 86' lang='lat' dir='ltr'>Gualo</span> <span class='ocrx_word' id='word_1_238' title='bbox 1061 2413 1087 2435; x_wconf 83' lang='lat' dir='ltr'>in</span> <span class='ocrx_word' id='word_1_239' title='bbox 1105 2413 1171 2436; x_wconf 88' lang='lat' dir='ltr'>bora</span> <span class='ocrx_word' id='word_1_240' title='bbox 1187 2414 1309 2436; x_wconf 87' lang='lat' dir='ltr'>serotina</span> 
     </span>
     <span class='ocr_line' id='line_1_37' title="bbox 299 2457 1308 2489; baseline -0.003 -6"><span class='ocrx_word' id='word_1_241' title='bbox 299 2462 434 2484; x_wconf 71' lang='lat' dir='ltr'>allocutus</span> <span class='ocrx_word' id='word_1_242' title='bbox 455 2462 496 2482; x_wconf 89' lang='lat' dir='ltr'>est</span> <span class='ocrx_word' id='word_1_243' title='bbox 519 2459 623 2489; x_wconf 86' lang='lat' dir='ltr'>ipsum;</span> <span class='ocrx_word' id='word_1_244' title='bbox 641 2460 667 2481; x_wconf 91' lang='lat' dir='ltr'>et</span> <span class='ocrx_word' id='word_1_245' title='bbox 683 2458 716 2481; x_wconf 80' lang='lat' dir='ltr'>ad</span> <span class='ocrx_word' id='word_1_246' title='bbox 734 2458 847 2481; x_wconf 89' lang='lat' dir='ltr'>verbum</span> <span class='ocrx_word' id='word_1_247' title='bbox 866 2457 938 2480; x_wconf 90' lang='lat' dir='ltr'>illius</span> <span class='ocrx_word' id='word_1_248' title='bbox 955 2457 1114 2480; x_wconf 75' lang='lat' dir='ltr'>satisfacere</span> <span class='ocrx_word' id='word_1_249' title='bbox 1131 2457 1246 2481; x_wconf 80' lang='lat' dir='ltr'>ecclesie</span> <span class='ocrx_word' id='word_1_250' title='bbox 1262 2465 1308 2481; x_wconf 89' lang='lat' dir='ltr'>an-</span> 
     </span>
     <span class='ocr_line' id='line_1_38' title="bbox 298 2501 1308 2533; baseline -0.003 -5"><span class='ocrx_word' id='word_1_251' title='bbox 298 2505 358 2528; x_wconf 88' lang='lat' dir='ltr'>nuit</span> <span class='ocrx_word' id='word_1_252' title='bbox 379 2505 536 2533; x_wconf 80' lang='lat' dir='ltr'>imperator,</span> <span class='ocrx_word' id='word_1_253' title='bbox 559 2506 671 2532; x_wconf 85' lang='lat' dir='ltr'>propter</span> <span class='ocrx_word' id='word_1_254' title='bbox 692 2502 764 2532; x_wconf 89' lang='lat' dir='ltr'>quod</span> <span class='ocrx_word' id='word_1_255' title='bbox 786 2502 814 2525; x_wconf 88' lang='lat' dir='ltr'>in</span> <span class='ocrx_word' id='word_1_256' title='bbox 833 2502 942 2532; x_wconf 86' lang='lat' dir='ltr'>signum</span> <span class='ocrx_word' id='word_1_257' title='bbox 965 2502 1052 2524; x_wconf 86' lang='lat' dir='ltr'>letitie</span> <span class='ocrx_word' id='word_1_258' title='bbox 1072 2502 1100 2524; x_wconf 88' lang='lat' dir='ltr'>in</span> <span class='ocrx_word' id='word_1_259' title='bbox 1122 2501 1224 2525; x_wconf 79' lang='lat' dir='ltr'>Sancto</span> <span class='ocrx_word' id='word_1_260' title='bbox 1246 2502 1308 2525; x_wconf 85' lang='lat' dir='ltr'>Ger-</span> 
     </span>
     <span class='ocr_line' id='line_1_39' title="bbox 299 2546 1309 2577; baseline -0.001 -5"><span class='ocrx_word' id='word_1_261' title='bbox 299 2556 378 2572; x_wconf 74' lang='lat' dir='ltr'>mano</span> <span class='ocrx_word' id='word_1_262' title='bbox 395 2551 458 2571; x_wconf 88' lang='lat' dir='ltr'>sunt</span> <span class='ocrx_word' id='word_1_263' title='bbox 472 2554 520 2577; x_wconf 77' lang='lat' dir='ltr'>per</span> <span class='ocrx_word' id='word_1_264' title='bbox 531 2554 626 2570; x_wconf 85' lang='lat' dir='ltr'>omnes</span> <span class='ocrx_word' id='word_1_265' title='bbox 640 2547 772 2570; x_wconf 82' lang='lat' dir='ltr'>ecelesias</span> <span class='ocrx_word' id='word_1_266' title='bbox 784 2546 863 2576; x_wconf 80' lang='lat' dir='ltr'>signa</span> <span class='ocrx_word' id='word_1_267' title='bbox 877 2546 994 2576; x_wconf 80' lang='lat' dir='ltr'>pulsata,</span> <span class='ocrx_word' id='word_1_268' title='bbox 1008 2550 1034 2569; x_wconf 86' lang='lat' dir='ltr'>et</span> <span class='ocrx_word' id='word_1_269' title='bbox 1050 2546 1114 2569; x_wconf 87' lang='lat' dir='ltr'>item</span> <span class='ocrx_word' id='word_1_270' title='bbox 1127 2547 1210 2570; x_wconf 82' lang='lat' dir='ltr'>frater</span> <span class='ocrx_word' id='word_1_271' title='bbox 1221 2547 1309 2571; x_wconf 88' lang='lat' dir='ltr'>Gualo</span> 
     </span>
     <span class='ocr_line' id='line_1_40' title="bbox 298 2591 1309 2624; baseline -0.001 -8"><span class='ocrx_word' id='word_1_272' title='bbox 298 2594 330 2617; x_wconf 80' lang='lat' dir='ltr'>ad</span> <span class='ocrx_word' id='word_1_273' title='bbox 344 2600 451 2624; x_wconf 78' lang='lat' dir='ltr'>papam.</span> <span class='ocrx_word' id='word_1_274' title='bbox 468 2599 548 2622; x_wconf 88' lang='lat' dir='ltr'>quem</span> <span class='ocrx_word' id='word_1_275' title='bbox 566 2594 631 2621; x_wconf 82' lang='lat' dir='ltr'>aput</span> <span class='ocrx_word' id='word_1_276' title='bbox 648 2591 801 2620; x_wconf 66' lang='lat' dir='ltr'>Anagnia-m</span> <span class='ocrx_word' id='word_1_277' title='bbox 818 2591 949 2620; x_wconf 83' lang='lat' dir='ltr'>repperit,</span> <span class='ocrx_word' id='word_1_278' title='bbox 967 2591 1018 2614; x_wconf 92' lang='lat' dir='ltr'>sub</span> <span class='ocrx_word' id='word_1_279' title='bbox 1035 2591 1195 2614; x_wconf 81' lang='lat' dir='ltr'>festinantia</span> <span class='ocrx_word' id='word_1_280' title='bbox 1208 2598 1309 2615; x_wconf 81' lang='lat' dir='ltr'>remea-</span> 
     </span>
     <span class='ocr_line' id='line_1_41' title="bbox 298 2635 1308 2665; baseline -0.001 -4"><span class='ocrx_word' id='word_1_281' title='bbox 298 2640 387 2663; x_wconf 82' lang='lat' dir='ltr'>vit.....</span> <span class='ocrx_word' id='word_1_282' title='bbox 407 2637 456 2661; x_wconf 83' lang='lat' dir='ltr'>Die</span> <span class='ocrx_word' id='word_1_283' title='bbox 472 2636 610 2662; x_wconf 82' lang='lat' dir='ltr'>Mercurii,</span> <span class='ocrx_word' id='word_1_284' title='bbox 631 2638 729 2659; x_wconf 77' lang='lat' dir='ltr'>octavo</span> <span class='ocrx_word' id='word_1_285' title='bbox 746 2638 836 2659; x_wconf 80' lang='lat' dir='ltr'>stante</span> <span class='ocrx_word' id='word_1_286' title='bbox 857 2635 934 2664; x_wconf 89' lang='lat' dir='ltr'>Julii,</span> <span class='ocrx_word' id='word_1_287' title='bbox 955 2636 982 2658; x_wconf 89' lang='lat' dir='ltr'>in</span> <span class='ocrx_word' id='word_1_288' title='bbox 999 2636 1093 2665; x_wconf 83' lang='lat' dir='ltr'>vigilia</span> <span class='ocrx_word' id='word_1_289' title='bbox 1108 2636 1194 2659; x_wconf 82' lang='lat' dir='ltr'>sancti</span> <span class='ocrx_word' id='word_1_290' title='bbox 1212 2636 1308 2660; x_wconf 82' lang='lat' dir='ltr'>Jacobi</span> 
     </span>
     <span class='ocr_line' id='line_1_42' title="bbox 299 2679 1308 2710; baseline -0.001 -5"><span class='ocrx_word' id='word_1_291' title='bbox 299 2682 408 2705; x_wconf 80' lang='lat' dir='ltr'>rediens</span> <span class='ocrx_word' id='word_1_292' title='bbox 424 2688 439 2704; x_wconf 84' lang='lat' dir='ltr'>a</span> <span class='ocrx_word' id='word_1_293' title='bbox 458 2680 560 2703; x_wconf 90' lang='lat' dir='ltr'>domno</span> <span class='ocrx_word' id='word_1_294' title='bbox 583 2687 654 2710; x_wconf 84' lang='lat' dir='ltr'>papa</span> <span class='ocrx_word' id='word_1_295' title='bbox 673 2679 705 2702; x_wconf 85' lang='lat' dir='ltr'>ad</span> <span class='ocrx_word' id='word_1_296' title='bbox 729 2679 861 2703; x_wconf 79' lang='lat' dir='ltr'>Sanctum</span> <span class='ocrx_word' id='word_1_297' title='bbox 879 2679 1045 2702; x_wconf 82' lang='lat' dir='ltr'>Germanum</span> <span class='ocrx_word' id='word_1_298' title='bbox 1061 2680 1144 2703; x_wconf 75' lang='lat' dir='ltr'>frater</span> <span class='ocrx_word' id='word_1_299' title='bbox 1160 2679 1278 2704; x_wconf 85' lang='lat' dir='ltr'>Gualo...</span> <span class='ocrx_word' id='word_1_300' title='bbox 1294 2688 1308 2704; x_wconf 76' lang='grc'>1)</span> 
     </span>
    </p>

    <p class='ocr_par' dir='ltr' id='par_1_14' title="bbox 332 2724 685 2751">
     <span class='ocr_line' id='line_1_43' title="bbox 332 2724 685 2751; baseline -0.008 -1"><span class='ocrx_word' id='word_1_301' title='bbox 332 2727 352 2750; x_wconf 88' lang='grc'>1.</span> <span class='ocrx_word' id='word_1_302' title='bbox 373 2727 458 2749; x_wconf 71' lang='lat' dir='ltr'>Deur.</span> <span class='ocrx_word' id='word_1_303' title='bbox 476 2724 574 2751; x_wconf 80' lang='lat' dir='ltr'>XXXI,</span> <span class='ocrx_word' id='word_1_304' title='bbox 592 2725 615 2748; x_wconf 82' lang='lat'>7.</span> <span class='ocrx_word' id='word_1_305' title='bbox 634 2727 685 2747; x_wconf 85' lang='lat' dir='ltr'>etc.</span> 
     </span>
    </p>

    <p class='ocr_par' dir='ltr' id='par_1_15' title="bbox 329 2769 667 2800">
     <span class='ocr_line' id='line_1_44' title="bbox 329 2769 667 2800; baseline -0.006 -6"><span class='ocrx_word' id='word_1_306' title='bbox 329 2771 352 2794; x_wconf 69' lang='lat' dir='ltr'>Q,</span> <span class='ocrx_word' id='word_1_307' title='bbox 373 2770 492 2800; x_wconf 82' lang='lat' dir='ltr'>Rogerio</span> <span class='ocrx_word' id='word_1_308' title='bbox 508 2769 541 2791; x_wconf 85' lang='lat' dir='ltr'>de</span> <span class='ocrx_word' id='word_1_309' title='bbox 558 2769 667 2798; x_wconf 81' lang='lat' dir='ltr'>Aquila.</span> 
     </span>
    </p>

    <p class='ocr_par' dir='ltr' id='par_1_16' title="bbox 330 2812 1223 2842">
     <span class='ocr_line' id='line_1_45' title="bbox 330 2812 1223 2842; baseline -0.001 -4"><span class='ocrx_word' id='word_1_310' title='bbox 330 2816 352 2838; x_wconf 84' lang='lat'>3.</span> <span class='ocrx_word' id='word_1_311' title='bbox 370 2815 423 2837; x_wconf 75' lang='lat' dir='ltr'>Sur</span> <span class='ocrx_word' id='word_1_312' title='bbox 440 2815 464 2837; x_wconf 86' lang='lat' dir='ltr'>le</span> <span class='ocrx_word' id='word_1_313' title='bbox 482 2814 621 2837; x_wconf 80' lang='lat' dir='ltr'>troisieme</span> <span class='ocrx_word' id='word_1_314' title='bbox 637 2813 670 2836; x_wconf 84' lang='lat' dir='ltr'>de</span> <span class='ocrx_word' id='word_1_315' title='bbox 687 2819 731 2836; x_wconf 87' lang='lat' dir='ltr'>ces</span> <span class='ocrx_word' id='word_1_316' title='bbox 748 2818 944 2842; x_wconf 75' lang='lat' dir='ltr'>personnagos,</span> <span class='ocrx_word' id='word_1_317' title='bbox 960 2812 995 2835; x_wconf 88' lang='lat' dir='ltr'>ef.</span> <span class='ocrx_word' id='word_1_318' title='bbox 1012 2818 1108 2842; x_wconf 80' lang='lat' dir='ltr'>supra,</span> <span class='ocrx_word' id='word_1_319' title='bbox 1126 2818 1154 2836; x_wconf 65' lang='lat' dir='ltr'>no</span> <span class='ocrx_word' id='word_1_320' title='bbox 1169 2813 1223 2837; x_wconf 82' lang='lat'><strong>418.</strong></span> 
     </span>
    </p>

    <p class='ocr_par' dir='ltr' id='par_1_17' title="bbox 330 2857 636 2888">
     <span class='ocr_line' id='line_1_46' title="bbox 330 2857 636 2888; baseline -0.003 -5"><span class='ocrx_word' id='word_1_321' title='bbox 330 2860 351 2883; x_wconf 77' lang='lat'>4.</span> <span class='ocrx_word' id='word_1_322' title='bbox 372 2859 408 2882; x_wconf 84' lang='lat' dir='ltr'>Le</span> <span class='ocrx_word' id='word_1_323' title='bbox 421 2859 450 2882; x_wconf 78' lang='lat'>‘23</span> <span class='ocrx_word' id='word_1_324' title='bbox 464 2858 553 2888; x_wconf 81' lang='lat' dir='ltr'>juillet</span> <span class='ocrx_word' id='word_1_325' title='bbox 569 2857 636 2882; x_wconf 73' lang='lat'>1‘130.</span> 
     </span>
    </p>

    <p class='ocr_par' dir='ltr' id='par_1_18' title="bbox 299 2900 1306 3024">
     <span class='ocr_line' id='line_1_47' title="bbox 331 2900 1306 2933; baseline -0.001 -5"><span class='ocrx_word' id='word_1_326' title='bbox 331 2906 352 2928; x_wconf 87' lang='lat'>5.</span> <span class='ocrx_word' id='word_1_327' title='bbox 372 2904 413 2928; x_wconf 78' lang='lat' dir='ltr'>Cf.</span> <span class='ocrx_word' id='word_1_328' title='bbox 431 2903 590 2933; x_wconf 82' lang='lat' dir='ltr'>Chronique</span> <span class='ocrx_word' id='word_1_329' title='bbox 609 2902 642 2925; x_wconf 78' lang='lat' dir='ltr'>de</span> <span class='ocrx_word' id='word_1_330' title='bbox 657 2902 785 2925; x_wconf 54' lang='lat' dir='ltr'>Ricnfmn</span> <span class='ocrx_word' id='word_1_331' title='bbox 804 2907 837 2925; x_wconf 72' lang='lat' dir='ltr'>ne</span> <span class='ocrx_word' id='word_1_332' title='bbox 855 2900 1078 2930; x_wconf 76' lang='lat' dir='ltr'><strong>SAN·GERMANO,</strong></span> <span class='ocrx_word' id='word_1_333' title='bbox 1098 2904 1225 2926; x_wconf 75' lang='lat' dir='ltr'>Menum.</span> <span class='ocrx_word' id='word_1_334' title='bbox 1242 2905 1306 2927; x_wconf 75' lang='lat' dir='ltr'>Ger-</span> 
     </span>
     <span class='ocr_line' id='line_1_48' title="bbox 300 2946 1305 2978; baseline -0.001 -7"><span class='ocrx_word' id='word_1_335' title='bbox 300 2956 374 2972; x_wconf 76' lang='lat' dir='ltr'>man.</span> <span class='ocrx_word' id='word_1_336' title='bbox 391 2950 499 2975; x_wconf 54' lang='lat' dir='ltr'>histor„</span> <span class='ocrx_word' id='word_1_337' title='bbox 516 2950 533 2970; x_wconf 88' lang='lat' dir='ltr'>t.</span> <span class='ocrx_word' id='word_1_338' title='bbox 548 2946 619 2973; x_wconf 81' lang='lat' dir='ltr'>XlX,</span> <span class='ocrx_word' id='word_1_339' title='bbox 633 2954 656 2976; x_wconf 89' lang='lat' dir='ltr'>p.</span> <span class='ocrx_word' id='word_1_340' title='bbox 674 2946 728 2974; x_wconf 81' lang='lat'><strong>359,</strong></span> <span class='ocrx_word' id='word_1_341' title='bbox 744 2948 770 2969; x_wconf 84' lang='lat' dir='ltr'>et</span> <span class='ocrx_word' id='word_1_342' title='bbox 781 2947 938 2974; x_wconf 53' lang='lat' dir='ltr'>scriptor-es</span> <span class='ocrx_word' id='word_1_343' title='bbox 954 2952 1049 2968; x_wconf 79' lang='lat' dir='ltr'>rerum</span> <span class='ocrx_word' id='word_1_344' title='bbox 1062 2948 1305 2978; x_wconf 69' lang='lat' dir='ltr'>germanicar-um,</span> 
     </span>
     <span class='ocr_line' id='line_1_49' title="bbox 299 2989 1304 3024; baseline 0 -9"><span class='ocrx_word' id='word_1_345' title='bbox 299 3002 323 3024; x_wconf 80' lang='lat' dir='ltr'>p.</span> <span class='ocrx_word' id='word_1_346' title='bbox 336 2994 364 3017; x_wconf 71' lang='lat'>94</span> <span class='ocrx_word' id='word_1_347' title='bbox 377 2992 401 3023; x_wconf 63' lang='lat'>[59</span> <span class='ocrx_word' id='word_1_348' title='bbox 413 2993 501 3022; x_wconf 82' lang='lat' dir='ltr'>juillet</span> <span class='ocrx_word' id='word_1_349' title='bbox 517 2991 598 3021; x_wconf 71' lang='lat'>1‘230]:</span> <span class='ocrx_word' id='word_1_350' title='bbox 615 2999 626 3013; x_wconf 79' lang='lat'>‹=</span> <span class='ocrx_word' id='word_1_351' title='bbox 637 2993 733 3014; x_wconf 87' lang='lat' dir='ltr'>tunc...</span> <span class='ocrx_word' id='word_1_352' title='bbox 750 2990 805 3013; x_wconf 87' lang='lat' dir='ltr'>dux</span> <span class='ocrx_word' id='word_1_353' title='bbox 823 2989 934 3013; x_wconf 81' lang='lat' dir='ltr'>Austrie</span> <span class='ocrx_word' id='word_1_354' title='bbox 947 2990 1067 3020; x_wconf 78' lang='lat' dir='ltr'>graviter</span> <span class='ocrx_word' id='word_1_355' title='bbox 1081 2990 1279 3015; x_wconf 85' lang='lat' dir='ltr'>infirmabatur.</span> <span class='ocrx_word' id='word_1_356' title='bbox 1293 3001 1304 3015; x_wconf 87' lang='lat'>»</span> 
     </span>
    </p>
   </div>
   <div class='ocr_carea' id='block_1_14' title="bbox 1397 389 2408 958">
    <p class='ocr_par' dir='ltr' id='par_1_19' title="bbox 1397 389 2408 958">
     <span class='ocr_line' id='line_1_50' title="bbox 1398 389 2404 436; baseline 0.012 -19"><span class='ocrx_word' id='word_1_357' title='bbox 1398 389 1541 425; x_wconf 72' lang='lat' dir='ltr'>gilantes</span> <span class='ocrx_word' id='word_1_358' title='bbox 1558 392 1688 422; x_wconf 78' lang='lat' dir='ltr'>affectu.</span> <span class='ocrx_word' id='word_1_359' title='bbox 1705 403 1760 431; x_wconf 83' lang='lat' dir='ltr'>per</span> <span class='ocrx_word' id='word_1_360' title='bbox 1777 395 1956 432; x_wconf 84' lang='lat' dir='ltr'>apostolica</span> <span class='ocrx_word' id='word_1_361' title='bbox 1969 396 2061 426; x_wconf 87' lang='lat' dir='ltr'>vobis</span> <span class='ocrx_word' id='word_1_362' title='bbox 2074 398 2196 436; x_wconf 86' lang='lat' dir='ltr'>scripta</span> <span class='ocrx_word' id='word_1_363' title='bbox 2209 399 2404 430; x_wconf 86' lang='lat' dir='ltr'>mandamus</span> 
     </span>
     <span class='ocr_line' id='line_1_51' title="bbox 1398 444 2403 490; baseline 0.011 -18"><span class='ocrx_word' id='word_1_364' title='bbox 1398 444 1573 481; x_wconf 77' lang='lat' dir='ltr'>quatinus,</span> <span class='ocrx_word' id='word_1_365' title='bbox 1607 447 1748 484; x_wconf 81' lang='lat' dir='ltr'>receptis</span> <span class='ocrx_word' id='word_1_366' title='bbox 1778 447 1898 477; x_wconf 89' lang='lat' dir='ltr'>litteris</span> <span class='ocrx_word' id='word_1_367' title='bbox 1921 450 2064 484; x_wconf 79' lang='lat' dir='ltr'>nostris,</span> <span class='ocrx_word' id='word_1_368' title='bbox 2097 451 2226 490; x_wconf 86' lang='lat' dir='ltr'>aliquos</span> <span class='ocrx_word' id='word_1_369' title='bbox 2257 457 2403 482; x_wconf 82' lang='lat' dir='ltr'>vestrum</span> 
     </span>
     <span class='ocr_line' id='line_1_52' title="bbox 1399 496 2404 541; baseline 0.011 -16"><span class='ocrx_word' id='word_1_370' title='bbox 1399 496 1515 534; x_wconf 85' lang='lat' dir='ltr'>probos</span> <span class='ocrx_word' id='word_1_371' title='bbox 1533 502 1561 527; x_wconf 85' lang='lat' dir='ltr'>et</span> <span class='ocrx_word' id='word_1_372' title='bbox 1579 498 1761 530; x_wconf 82' lang='lat' dir='ltr'>industrios</span> <span class='ocrx_word' id='word_1_373' title='bbox 1785 501 1825 530; x_wconf 83' lang='lat' dir='ltr'>ad</span> <span class='ocrx_word' id='word_1_374' title='bbox 1842 501 1958 531; x_wconf 78' lang='lat' dir='ltr'>sedem</span> <span class='ocrx_word' id='word_1_375' title='bbox 1975 503 2199 540; x_wconf 82' lang='lat' dir='ltr'>Apostolicam</span> <span class='ocrx_word' id='word_1_376' title='bbox 2218 505 2404 541; x_wconf 80' lang='lat' dir='ltr'>destinetis,</span> 
     </span>
     <span class='ocr_line' id='line_1_53' title="bbox 1398 549 2406 588; baseline 0.01 -10"><span class='ocrx_word' id='word_1_377' title='bbox 1398 549 1455 587; x_wconf 81' lang='lat' dir='ltr'>qui</span> <span class='ocrx_word' id='word_1_378' title='bbox 1472 559 1570 588; x_wconf 85' lang='lat' dir='ltr'>super</span> <span class='ocrx_word' id='word_1_379' title='bbox 1587 555 1674 581; x_wconf 86' lang='lat' dir='ltr'>statu</span> <span class='ocrx_word' id='word_1_380' title='bbox 1690 557 1798 582; x_wconf 81' lang='lat' dir='ltr'>vestro</span> <span class='ocrx_word' id='word_1_381' title='bbox 1810 554 1947 583; x_wconf 90' lang='lat' dir='ltr'>monitis</span> <span class='ocrx_word' id='word_1_382' title='bbox 1966 559 1996 584; x_wconf 88' lang='lat' dir='ltr'>et</span> <span class='ocrx_word' id='word_1_383' title='bbox 2010 555 2160 585; x_wconf 86' lang='lat' dir='ltr'>consiliis</span> <span class='ocrx_word' id='word_1_384' title='bbox 2177 557 2300 587; x_wconf 78' lang='lat' dir='ltr'>nostris</span> <span class='ocrx_word' id='word_1_385' title='bbox 2317 558 2406 588; x_wconf 84' lang='lat' dir='ltr'>salu-</span> 
     </span>
     <span class='ocr_line' id='line_1_54' title="bbox 1398 601 2406 645; baseline 0.011 -16"><span class='ocrx_word' id='word_1_386' title='bbox 1398 601 1512 631; x_wconf 84' lang='lat' dir='ltr'>bribus</span> <span class='ocrx_word' id='word_1_387' title='bbox 1536 603 1760 641; x_wconf 74' lang='lat' dir='ltr'>acquiescant,</span> <span class='ocrx_word' id='word_1_388' title='bbox 1784 609 1815 635; x_wconf 85' lang='lat' dir='ltr'>et</span> <span class='ocrx_word' id='word_1_389' title='bbox 1836 614 1935 643; x_wconf 86' lang='lat' dir='ltr'>super</span> <span class='ocrx_word' id='word_1_390' title='bbox 1958 606 2020 636; x_wconf 92' lang='grc'>1100</span> <span class='ocrx_word' id='word_1_391' title='bbox 2040 607 2171 645; x_wconf 82' lang='lat' dir='ltr'>plenam</span> <span class='ocrx_word' id='word_1_392' title='bbox 2192 618 2210 638; x_wconf 85' lang='lat' dir='ltr'>a</span> <span class='ocrx_word' id='word_1_393' title='bbox 2235 609 2328 639; x_wconf 89' lang='lat' dir='ltr'>vobis</span> <span class='ocrx_word' id='word_1_394' title='bbox 2347 610 2406 640; x_wconf 82' lang='lat' dir='ltr'>ha-</span> 
     </span>
     <span class='ocr_line' id='line_1_55' title="bbox 1398 654 2406 692; baseline 0.01 -10"><span class='ocrx_word' id='word_1_395' title='bbox 1398 654 1494 683; x_wconf 81' lang='lat' dir='ltr'>beant</span> <span class='ocrx_word' id='word_1_396' title='bbox 1512 660 1719 692; x_wconf 85' lang='lat' dir='ltr'>potestatem.</span> <span class='ocrx_word' id='word_1_397' title='bbox 1745 658 1783 687; x_wconf 87' lang='lat' dir='ltr'>Et</span> <span class='ocrx_word' id='word_1_398' title='bbox 1802 667 1876 687; x_wconf 85' lang='lat' dir='ltr'>ecce</span> <span class='ocrx_word' id='word_1_399' title='bbox 1900 659 2078 689; x_wconf 82' lang='lat' dir='ltr'>scribimus</span> <span class='ocrx_word' id='word_1_400' title='bbox 2102 661 2284 690; x_wconf 81' lang='lat' dir='ltr'>venerabili</span> <span class='ocrx_word' id='word_1_401' title='bbox 2311 662 2406 692; x_wconf 83' lang='lat' dir='ltr'>fratri</span> 
     </span>
     <span class='ocr_line' id='line_1_56' title="bbox 1398 709 2405 749; baseline 0.01 -14"><span class='ocrx_word' id='word_1_402' title='bbox 1398 712 1510 737; x_wconf 89' lang='lat' dir='ltr'>nostro</span> <span class='ocrx_word' id='word_1_403' title='bbox 1535 731 1553 737; x_wconf 89' lang='lat'>..</span> <span class='ocrx_word' id='word_1_404' title='bbox 1577 709 1825 748; x_wconf 86' lang='lat' dir='ltr'>archiepiscopo</span> <span class='ocrx_word' id='word_1_405' title='bbox 1846 711 1999 749; x_wconf 79' lang='lat' dir='ltr'>Regin[o]</span> <span class='ocrx_word' id='word_1_406' title='bbox 2024 717 2054 742; x_wconf 85' lang='lat' dir='ltr'>et</span> <span class='ocrx_word' id='word_1_407' title='bbox 2069 712 2188 743; x_wconf 86' lang='lat' dir='ltr'>dilecto</span> <span class='ocrx_word' id='word_1_408' title='bbox 2207 714 2276 744; x_wconf 92' lang='lat' dir='ltr'>filio</span> <span class='ocrx_word' id='word_1_409' title='bbox 2296 738 2316 744; x_wconf 91' lang='lat'>..</span> <span class='ocrx_word' id='word_1_410' title='bbox 2334 724 2405 745; x_wconf 86' lang='lat' dir='ltr'>ma—</span> 
     </span>
     <span class='ocr_line' id='line_1_57' title="bbox 1397 760 2408 804; baseline 0.009 -16"><span class='ocrx_word' id='word_1_411' title='bbox 1397 760 1499 797; x_wconf 76' lang='lat' dir='ltr'>gistro</span> <span class='ocrx_word' id='word_1_412' title='bbox 1522 761 1637 791; x_wconf 85' lang='lat' dir='ltr'>domus</span> <span class='ocrx_word' id='word_1_413' title='bbox 1663 762 1952 798; x_wconf 68' lang='lat' dir='ltr'>Theotonicorum,</span> <span class='ocrx_word' id='word_1_414' title='bbox 1977 768 2013 793; x_wconf 87' lang='lat' dir='ltr'>ut</span> <span class='ocrx_word' id='word_1_415' title='bbox 2038 765 2078 793; x_wconf 83' lang='lat' dir='ltr'>ad</span> <span class='ocrx_word' id='word_1_416' title='bbox 2103 774 2159 795; x_wconf 89' lang='lat' dir='ltr'>vos</span> <span class='ocrx_word' id='word_1_417' title='bbox 2175 765 2320 804; x_wconf 82' lang='lat' dir='ltr'>dirigant</span> <span class='ocrx_word' id='word_1_418' title='bbox 2345 767 2408 797; x_wconf 85' lang='lat' dir='ltr'>ali-</span> 
     </span>
     <span class='ocr_line' id='line_1_58' title="bbox 1397 816 2406 855; baseline 0.009 -14"><span class='ocrx_word' id='word_1_419' title='bbox 1397 822 1506 850; x_wconf 72' lang='lat' dir='ltr'>quem,</span> <span class='ocrx_word' id='word_1_420' title='bbox 1529 822 1603 843; x_wconf 90' lang='lat' dir='ltr'>cum</span> <span class='ocrx_word' id='word_1_421' title='bbox 1632 824 1695 852; x_wconf 84' lang='lat' dir='ltr'>quo</span> <span class='ocrx_word' id='word_1_422' title='bbox 1719 816 1828 844; x_wconf 80' lang='lat' dir='ltr'>nuntii</span> <span class='ocrx_word' id='word_1_423' title='bbox 1855 816 1956 845; x_wconf 81' lang='lat' dir='ltr'>vestri</span> <span class='ocrx_word' id='word_1_424' title='bbox 1983 826 2097 847; x_wconf 87' lang='lat' dir='ltr'>secure</span> <span class='ocrx_word' id='word_1_425' title='bbox 2123 819 2251 855; x_wconf 82' lang='lat' dir='ltr'>possint</span> <span class='ocrx_word' id='word_1_426' title='bbox 2279 820 2318 849; x_wconf 82' lang='lat' dir='ltr'>ad</span> <span class='ocrx_word' id='word_1_427' title='bbox 2347 829 2406 850; x_wconf 86' lang='lat' dir='ltr'>nos</span> 
     </span>
     <span class='ocr_line' id='line_1_59' title="bbox 1397 866 2406 908; baseline 0.009 -14"><span class='ocrx_word' id='word_1_428' title='bbox 1397 866 1552 895; x_wconf 82' lang='lat' dir='ltr'>accedere</span> <span class='ocrx_word' id='word_1_429' title='bbox 1579 876 1615 895; x_wconf 82' lang='lat' dir='ltr'>ac</span> <span class='ocrx_word' id='word_1_430' title='bbox 1645 867 1764 897; x_wconf 83' lang='lat' dir='ltr'>redire.</span> <span class='ocrx_word' id='word_1_431' title='bbox 1789 869 1861 897; x_wconf 88' lang='lat' dir='ltr'>Dat.</span> <span class='ocrx_word' id='word_1_432' title='bbox 1889 869 1974 906; x_wconf 88' lang='lat' dir='ltr'>apud</span> <span class='ocrx_word' id='word_1_433' title='bbox 1998 869 2144 908; x_wconf 88' lang='lat' dir='ltr'>Criptam</span> <span class='ocrx_word' id='word_1_434' title='bbox 2166 872 2348 908; x_wconf 77' lang='lat' dir='ltr'>Fer-ratam,</span> <span class='ocrx_word' id='word_1_435' title='bbox 2374 874 2406 903; x_wconf 87' lang='lat' dir='ltr'>II</span> 
     </span>
     <span class='ocr_line' id='line_1_60' title="bbox 1397 918 1611 958; baseline 0.005 -11"><span class='ocrx_word' id='word_1_436' title='bbox 1397 918 1472 949; x_wconf 89' lang='lat' dir='ltr'>idus</span> <span class='ocrx_word' id='word_1_437' title='bbox 1488 919 1577 958; x_wconf 86' lang='lat' dir='ltr'>julii.</span> <span class='ocrx_word' id='word_1_438' title='bbox 1600 932 1611 945; x_wconf 72' lang='grc'>1)</span> 
     </span>
    </p>
   </div>
   <div class='ocr_carea' id='block_1_15' title="bbox 1395 1042 2406 1294">
    <p class='ocr_par' dir='ltr' id='par_1_20' title="bbox 1395 1042 2406 1294">
     <span class='ocr_line' id='line_1_61' title="bbox 1433 1042 2406 1078; baseline 0.005 -12"><span class='ocrx_word' id='word_1_439' title='bbox 1433 1044 1476 1066; x_wconf 75' lang='grc'>61</span> <span class='ocrx_word' id='word_1_440' title='bbox 1489 1045 1545 1066; x_wconf 69' lang='grc' dir='ltr'>Ὴὶ.</span> <span class='ocrx_word' id='word_1_441' title='bbox 1566 1055 1594 1058; x_wconf 82' lang='grc'><strong>-</strong></span> <span class='ocrx_word' id='word_1_442' title='bbox 1612 1042 1644 1067; x_wconf 88' lang='grc'>111</span> <span class='ocrx_word' id='word_1_443' title='bbox 1661 1042 1785 1068; x_wconf 87' lang='lat' dir='ltr'>eundem</span> <span class='ocrx_word' id='word_1_444' title='bbox 1805 1043 1922 1069; x_wconf 88' lang='lat' dir='ltr'>modum</span> <span class='ocrx_word' id='word_1_445' title='bbox 1945 1042 2117 1078; x_wconf 67' lang='lat' dir='ltr'>[rectoribus]</span> <span class='ocrx_word' id='word_1_446' title='bbox 2133 1046 2156 1069; x_wconf 72' lang='lat' dir='ltr'>el</span> <span class='ocrx_word' id='word_1_447' title='bbox 2170 1045 2283 1077; x_wconf 82' lang='lat' dir='ltr'>populo¹</span> <span class='ocrx_word' id='word_1_448' title='bbox 2301 1044 2406 1071; x_wconf 76' lang='lat' dir='ltr'>Sanm-</span> 
     </span>
     <span class='ocr_line' id='line_1_62' title="bbox 1395 1088 1606 1124; baseline 0 -10"><span class='ocrx_word' id='word_1_449' title='bbox 1395 1088 1606 1124; x_wconf 52' lang='lat' dir='ltr'>wiltensi-ilaus}</span> 
     </span>
     <span class='ocr_line' id='line_1_63' title="bbox 1468 1256 2332 1294; baseline 0.003 -11"><span class='ocrx_word' id='word_1_450' title='bbox 1468 1256 1521 1283; x_wconf 73' lang='lat'>131</span> <span class='ocrx_word' id='word_1_451' title='bbox 1533 1257 1587 1284; x_wconf 61' lang='lat'>7⁷</span> <span class='ocrx_word' id='word_1_452' title='bbox 1800 1258 1904 1285; x_wconf 84' lang='lat' dir='ltr'>Grotta</span> <span class='ocrx_word' id='word_1_453' title='bbox 1918 1258 2048 1291; x_wconf 82' lang='lat' dir='ltr'>Ferrata,</span> <span class='ocrx_word' id='word_1_454' title='bbox 2065 1259 2100 1286; x_wconf 79' lang='lat'>20</span> <span class='ocrx_word' id='word_1_455' title='bbox 2114 1260 2213 1293; x_wconf 87' lang='lat' dir='ltr'>juillet</span> <span class='ocrx_word' id='word_1_456' title='bbox 2229 1258 2332 1294; x_wconf 76' lang='lat'><strong>[1230].</strong></span> 
     </span>
    </p>
   </div>
   <div class='ocr_carea' id='block_1_16' title="bbox 1395 1320 2405 1549">
    <p class='ocr_par' dir='ltr' id='par_1_21' title="bbox 1395 1320 2405 1549">
     <span class='ocr_line' id='line_1_64' title="bbox 1430 1320 2404 1355; baseline 0.002 -8"><span class='ocrx_word' id='word_1_457' title='bbox 1430 1320 1662 1354; x_wconf 81' lang='lat' dir='ltr'>Archiepiseopo</span> <span class='ocrx_word' id='word_1_458' title='bbox 1678 1320 1790 1353; x_wconf 75' lang='lat' dir='ltr'>Regino</span> <span class='ocrx_word' id='word_1_459' title='bbox 1809 1323 1837 1346; x_wconf 88' lang='lat' dir='ltr'>et</span> <span class='ocrx_word' id='word_1_460' title='bbox 1858 1320 1998 1353; x_wconf 78' lang='lat' dir='ltr'>magistro</span> <span class='ocrx_word' id='word_1_461' title='bbox 2018 1321 2122 1348; x_wconf 88' lang='lat' dir='ltr'>domus</span> <span class='ocrx_word' id='word_1_462' title='bbox 2141 1322 2404 1355; x_wconf 85' lang='lat' dir='ltr'>Theutonicorum‚</span> 
     </span>
     <span class='ocr_line' id='line_1_65' title="bbox 1395 1368 2405 1403; baseline 0.003 -8"><span class='ocrx_word' id='word_1_463' title='bbox 1395 1370 1430 1396; x_wconf 84' lang='lat' dir='ltr'>de</span> <span class='ocrx_word' id='word_1_464' title='bbox 1455 1370 1555 1395; x_wconf 80' lang='lat' dir='ltr'>eaden]</span> <span class='ocrx_word' id='word_1_465' title='bbox 1586 1377 1615 1395; x_wconf 81' lang='lat' dir='ltr'>re</span> <span class='ocrx_word' id='word_1_466' title='bbox 1642 1368 1784 1401; x_wconf 74' lang='lat' dir='ltr'>scribens,</span> <span class='ocrx_word' id='word_1_467' title='bbox 1810 1369 1932 1395; x_wconf 82' lang='lat' dir='ltr'>mandat</span> <span class='ocrx_word' id='word_1_468' title='bbox 1957 1372 2101 1403; x_wconf 86' lang='lat' dir='ltr'>quatenns</span> <span class='ocrx_word' id='word_1_469' title='bbox 2126 1371 2162 1397; x_wconf 81' lang='lat' dir='ltr'>ad</span> <span class='ocrx_word' id='word_1_470' title='bbox 2188 1371 2347 1398; x_wconf 82' lang='lat' dir='ltr'>Gaietanos</span> <span class='ocrx_word' id='word_1_471' title='bbox 2377 1374 2405 1399; x_wconf 87' lang='lat' dir='ltr'>et</span> 
     </span>
     <span class='ocr_line' id='line_1_66' title="bbox 1397 1417 2405 1452; baseline 0.001 -7"><span class='ocrx_word' id='word_1_472' title='bbox 1397 1418 1664 1451; x_wconf 76' lang='lat' dir='ltr'>Sanctagatlienses</span> <span class='ocrx_word' id='word_1_473' title='bbox 1674 1417 1788 1450; x_wconf 82' lang='lat' dir='ltr'>aliquos</span> <span class='ocrx_word' id='word_1_474' title='bbox 1800 1417 1941 1451; x_wconf 80' lang='lat' dir='ltr'>dirigant,</span> <span class='ocrx_word' id='word_1_475' title='bbox 1952 1426 2018 1444; x_wconf 84' lang='lat' dir='ltr'>cum</span> <span class='ocrx_word' id='word_1_476' title='bbox 2032 1419 2138 1452; x_wconf 85' lang='lat' dir='ltr'>quibus</span> <span class='ocrx_word' id='word_1_477' title='bbox 2146 1419 2303 1446; x_wconf 83' lang='lat' dir='ltr'>eorundem</span> <span class='ocrx_word' id='word_1_478' title='bbox 2316 1419 2405 1447; x_wconf 86' lang='lat' dir='ltr'>Gaie-</span> 
     </span>
     <span class='ocr_line' id='line_1_67' title="bbox 1395 1466 2404 1502; baseline 0.002 -9"><span class='ocrx_word' id='word_1_479' title='bbox 1395 1470 1530 1494; x_wconf 81' lang='lat' dir='ltr'>tanorum</span> <span class='ocrx_word' id='word_1_480' title='bbox 1553 1469 1581 1493; x_wconf 84' lang='lat' dir='ltr'>et</span> <span class='ocrx_word' id='word_1_481' title='bbox 1607 1466 1907 1499; x_wconf 75' lang='lat' dir='ltr'>Sanctagathensiuin</span> <span class='ocrx_word' id='word_1_482' title='bbox 1926 1467 2025 1493; x_wconf 89' lang='lat' dir='ltr'>nuntii</span> <span class='ocrx_word' id='word_1_483' title='bbox 2041 1467 2077 1494; x_wconf 84' lang='lat' dir='ltr'>ad</span> <span class='ocrx_word' id='word_1_484' title='bbox 2094 1475 2200 1502; x_wconf 86' lang='lat' dir='ltr'>papam</span> <span class='ocrx_word' id='word_1_485' title='bbox 2222 1476 2322 1495; x_wconf 87' lang='lat' dir='ltr'>secure</span> <span class='ocrx_word' id='word_1_486' title='bbox 2338 1476 2404 1502; x_wconf 91' lang='lat' dir='ltr'>pos-</span> 
     </span>
     <span class='ocr_line' id='line_1_68' title="bbox 1395 1514 2404 1549; baseline 0.003 -8"><span class='ocrx_word' id='word_1_487' title='bbox 1395 1515 1455 1542; x_wconf 88' lang='lat' dir='ltr'>sint</span> <span class='ocrx_word' id='word_1_488' title='bbox 1477 1515 1615 1541; x_wconf 79' lang='lat' dir='ltr'>accedere</span> <span class='ocrx_word' id='word_1_489' title='bbox 1633 1517 1661 1541; x_wconf 88' lang='lat' dir='ltr'>et</span> <span class='ocrx_word' id='word_1_490' title='bbox 1677 1517 1778 1548; x_wconf 83' lang='lat' dir='ltr'>postea</span> <span class='ocrx_word' id='word_1_491' title='bbox 1790 1514 1896 1541; x_wconf 87' lang='lat' dir='ltr'>redire.</span> <span class='ocrx_word' id='word_1_492' title='bbox 1914 1530 1946 1533; x_wconf 91' lang='lat'><strong>—</strong></span> <span class='ocrx_word' id='word_1_493' title='bbox 1967 1516 2053 1547; x_wconf 70' lang='lat' dir='ltr'>(Bm.</span> <span class='ocrx_word' id='word_1_494' title='bbox 2071 1515 2144 1543; x_wconf 66' lang='lat' dir='ltr'>PER.</span> <span class='ocrx_word' id='word_1_495' title='bbox 2163 1517 2182 1543; x_wconf 83' lang='lat' dir='ltr'>f.</span> <span class='ocrx_word' id='word_1_496' title='bbox 2201 1516 2234 1543; x_wconf 89' lang='grc'>16</span> <span class='ocrx_word' id='word_1_497' title='bbox 2250 1522 2284 1549; x_wconf 79' lang='lat'>1¹⁰,</span> <span class='ocrx_word' id='word_1_498' title='bbox 2303 1520 2330 1543; x_wconf 83' lang='lat' dir='ltr'>n⁰</span> <span class='ocrx_word' id='word_1_499' title='bbox 2346 1517 2404 1548; x_wconf 83' lang='lat'>77.)</span> 
     </span>
    </p>
   </div>
   <div class='ocr_carea' id='block_1_17' title="bbox 1394 1616 2405 2078">
    <p class='ocr_par' dir='ltr' id='par_1_22' title="bbox 1394 1616 2405 2078">
     <span class='ocr_line' id='line_1_69' title="bbox 1437 1616 2404 1656; baseline 0.004 -13"><span class='ocrx_word' id='word_1_500' title='bbox 1437 1629 1448 1643; x_wconf 84' lang='lat'>«</span> <span class='ocrx_word' id='word_1_501' title='bbox 1469 1617 1502 1653; x_wconf 92' lang='lat'>[..</span> <span class='ocrx_word' id='word_1_502' title='bbox 1520 1617 1743 1653; x_wconf 73' lang='lat' dir='ltr'>archiepiscopo</span> <span class='ocrx_word' id='word_1_503' title='bbox 1765 1617 1874 1653; x_wconf 66' lang='grc'>11091110</span> <span class='ocrx_word' id='word_1_504' title='bbox 1889 1621 1915 1644; x_wconf 77' lang='lat' dir='ltr'>et</span> <span class='ocrx_word' id='word_1_505' title='bbox 1933 1639 1952 1644; x_wconf 94' lang='lat'>..</span> <span class='ocrx_word' id='word_1_506' title='bbox 1972 1617 2117 1653; x_wconf 33' lang='lat' dir='ltr'>mel-qislro</span> <span class='ocrx_word' id='word_1_507' title='bbox 2132 1616 2261 1656; x_wconf 73' lang='lat' dir='ltr'>[domus]</span> <span class='ocrx_word' id='word_1_508' title='bbox 2283 1618 2404 1647; x_wconf 81' lang='lat' dir='ltr'>Theolo-</span> 
     </span>
     <span class='ocr_line' id='line_1_70' title="bbox 1394 1668 2404 1709; baseline 0.002 -11"><span class='ocrx_word' id='word_1_509' title='bbox 1394 1670 1562 1705; x_wconf 76' lang='lat' dir='ltr'>nicorum.]</span> <span class='ocrx_word' id='word_1_510' title='bbox 1579 1668 1661 1698; x_wconf 86' lang='lat' dir='ltr'>Cum</span> <span class='ocrx_word' id='word_1_511' title='bbox 1680 1668 1852 1698; x_wconf 86' lang='lat' dir='ltr'>Gaietanis</span> <span class='ocrx_word' id='word_1_512' title='bbox 1869 1672 1899 1698; x_wconf 91' lang='lat' dir='ltr'>et</span> <span class='ocrx_word' id='word_1_513' title='bbox 1912 1669 2133 1706; x_wconf 80' lang='lat' dir='ltr'>Sanctagathe</span> <span class='ocrx_word' id='word_1_514' title='bbox 2147 1670 2276 1699; x_wconf 90' lang='lat' dir='ltr'>civibus</span> <span class='ocrx_word' id='word_1_515' title='bbox 2293 1670 2404 1709; x_wconf 87' lang='lat' dir='ltr'>injun-</span> 
     </span>
     <span class='ocr_line' id='line_1_71' title="bbox 1395 1721 2403 1761; baseline 0.003 -11"><span class='ocrx_word' id='word_1_516' title='bbox 1395 1731 1510 1759; x_wconf 77' lang='lat' dir='ltr'>gamus</span> <span class='ocrx_word' id='word_1_517' title='bbox 1536 1726 1580 1756; x_wconf 81' lang='lat' dir='ltr'>ut,</span> <span class='ocrx_word' id='word_1_518' title='bbox 1615 1721 1756 1759; x_wconf 83' lang='lat' dir='ltr'>receptis</span> <span class='ocrx_word' id='word_1_519' title='bbox 1784 1721 1905 1751; x_wconf 86' lang='lat' dir='ltr'>litteris</span> <span class='ocrx_word' id='word_1_520' title='bbox 1935 1721 2070 1757; x_wconf 87' lang='lat' dir='ltr'>nostris,</span> <span class='ocrx_word' id='word_1_521' title='bbox 2098 1722 2228 1761; x_wconf 87' lang='lat' dir='ltr'>aliquos</span> <span class='ocrx_word' id='word_1_522' title='bbox 2256 1732 2293 1752; x_wconf 81' lang='lat' dir='ltr'>ex</span> <span class='ocrx_word' id='word_1_523' title='bbox 2320 1723 2403 1761; x_wconf 87' lang='lat' dir='ltr'>ipsis</span> 
     </span>
     <span class='ocr_line' id='line_1_72' title="bbox 1394 1774 2402 1813; baseline 0.002 -10"><span class='ocrx_word' id='word_1_524' title='bbox 1394 1775 1512 1813; x_wconf 86' lang='lat' dir='ltr'>probos</span> <span class='ocrx_word' id='word_1_525' title='bbox 1541 1779 1571 1804; x_wconf 84' lang='lat' dir='ltr'>ct</span> <span class='ocrx_word' id='word_1_526' title='bbox 1592 1774 1776 1804; x_wconf 88' lang='lat' dir='ltr'>industrios</span> <span class='ocrx_word' id='word_1_527' title='bbox 1799 1774 1839 1803; x_wconf 80' lang='lat' dir='ltr'>ad</span> <span class='ocrx_word' id='word_1_528' title='bbox 1865 1774 1982 1804; x_wconf 84' lang='lat' dir='ltr'>Sedem</span> <span class='ocrx_word' id='word_1_529' title='bbox 2008 1775 2230 1812; x_wconf 81' lang='lat' dir='ltr'>Apostolicam</span> <span class='ocrx_word' id='word_1_530' title='bbox 2257 1776 2402 1811; x_wconf 80' lang='lat' dir='ltr'>mittant,</span> 
     </span>
     <span class='ocr_line' id='line_1_73' title="bbox 1394 1827 2400 1867; baseline 0.002 -10"><span class='ocrx_word' id='word_1_531' title='bbox 1394 1828 1451 1867; x_wconf 85' lang='lat' dir='ltr'>qui</span> <span class='ocrx_word' id='word_1_532' title='bbox 1477 1837 1576 1866; x_wconf 83' lang='lat' dir='ltr'>super</span> <span class='ocrx_word' id='word_1_533' title='bbox 1595 1827 1655 1857; x_wconf 89' lang='grc'>1100</span> <span class='ocrx_word' id='word_1_534' title='bbox 1678 1827 1718 1857; x_wconf 79' lang='lat' dir='ltr'>ab</span> <span class='ocrx_word' id='word_1_535' title='bbox 1741 1827 1789 1857; x_wconf 87' lang='lat' dir='ltr'>eis</span> <span class='ocrx_word' id='word_1_536' title='bbox 1810 1827 2014 1865; x_wconf 77' lang='lat' dir='ltr'>plenariam²</span> <span class='ocrx_word' id='word_1_537' title='bbox 2033 1827 2178 1857; x_wconf 86' lang='lat' dir='ltr'>habeant</span> <span class='ocrx_word' id='word_1_538' title='bbox 2195 1832 2400 1866; x_wconf 77' lang='lat' dir='ltr'>potestatem,</span> 
     </span>
     <span class='ocr_line' id='line_1_74' title="bbox 1394 1880 2404 1921; baseline 0.001 -10"><span class='ocrx_word' id='word_1_539' title='bbox 1394 1881 1561 1911; x_wconf 88' lang='lat' dir='ltr'>devotioni</span> <span class='ocrx_word' id='word_1_540' title='bbox 1578 1885 1686 1910; x_wconf 85' lang='lat' dir='ltr'>vestre</span> <span class='ocrx_word' id='word_1_541' title='bbox 1703 1889 1759 1918; x_wconf 88' lang='lat' dir='ltr'>per</span> <span class='ocrx_word' id='word_1_542' title='bbox 1778 1880 1959 1918; x_wconf 84' lang='lat' dir='ltr'>apostolica</span> <span class='ocrx_word' id='word_1_543' title='bbox 1975 1880 2098 1918; x_wconf 87' lang='lat' dir='ltr'>scripta</span> <span class='ocrx_word' id='word_1_544' title='bbox 2113 1881 2309 1911; x_wconf 81' lang='lat' dir='ltr'>mandamus</span> <span class='ocrx_word' id='word_1_545' title='bbox 2326 1890 2404 1921; x_wconf 87' lang='lat' dir='ltr'>qua-</span> 
     </span>
     <span class='ocr_line' id='line_1_75' title="bbox 1394 1933 2405 1972; baseline 0 -9"><span class='ocrx_word' id='word_1_546' title='bbox 1394 1934 1484 1964; x_wconf 84' lang='lat' dir='ltr'>tinus</span> <span class='ocrx_word' id='word_1_547' title='bbox 1501 1934 1541 1963; x_wconf 84' lang='lat' dir='ltr'>ad</span> <span class='ocrx_word' id='word_1_548' title='bbox 1554 1942 1609 1963; x_wconf 87' lang='lat' dir='ltr'>eos</span> <span class='ocrx_word' id='word_1_549' title='bbox 1621 1933 1774 1971; x_wconf 80' lang='lat' dir='ltr'>dirigatis</span> <span class='ocrx_word' id='word_1_550' title='bbox 1787 1933 1927 1972; x_wconf 68' lang='lat' dir='ltr'>aliquos,</span> <span class='ocrx_word' id='word_1_551' title='bbox 1945 1942 2019 1962; x_wconf 90' lang='lat' dir='ltr'>cum</span> <span class='ocrx_word' id='word_1_552' title='bbox 2032 1933 2153 1972; x_wconf 85' lang='lat' dir='ltr'>quibus</span> <span class='ocrx_word' id='word_1_553' title='bbox 2166 1935 2278 1964; x_wconf 81' lang='lat' dir='ltr'>eornm</span> <span class='ocrx_word' id='word_1_554' title='bbox 2295 1934 2405 1964; x_wconf 87' lang='lat' dir='ltr'>nuntii</span> 
     </span>
     <span class='ocr_line' id='line_1_76' title="bbox 1395 1986 2404 2025; baseline 0.001 -9"><span class='ocrx_word' id='word_1_555' title='bbox 1395 1996 1509 2017; x_wconf 83' lang='lat' dir='ltr'>secure</span> <span class='ocrx_word' id='word_1_556' title='bbox 1530 1986 1658 2024; x_wconf 83' lang='lat' dir='ltr'>possint</span> <span class='ocrx_word' id='word_1_557' title='bbox 1686 1986 1726 2015; x_wconf 86' lang='lat' dir='ltr'>ad</span> <span class='ocrx_word' id='word_1_558' title='bbox 1751 1995 1810 2015; x_wconf 89' lang='lat' dir='ltr'>nos</span> <span class='ocrx_word' id='word_1_559' title='bbox 1837 1986 1992 2016; x_wconf 84' lang='lat' dir='ltr'>accedere</span> <span class='ocrx_word' id='word_1_560' title='bbox 2018 1994 2055 2015; x_wconf 84' lang='lat' dir='ltr'>ac</span> <span class='ocrx_word' id='word_1_561' title='bbox 2076 1986 2197 2016; x_wconf 88' lang='lat' dir='ltr'>redire.</span> <span class='ocrx_word' id='word_1_562' title='bbox 2221 1987 2294 2016; x_wconf 89' lang='lat' dir='ltr'>Dat.</span> <span class='ocrx_word' id='word_1_563' title='bbox 2318 1987 2404 2025; x_wconf 89' lang='lat' dir='ltr'>apud</span> 
     </span>
     <span class='ocr_line' id='line_1_77' title="bbox 1394 2039 2222 2078; baseline -0.001 -9"><span class='ocrx_word' id='word_1_564' title='bbox 1394 2040 1551 2078; x_wconf 76' lang='lat' dir='ltr'>Cryptam</span> <span class='ocrx_word' id='word_1_565' title='bbox 1566 2041 1746 2074; x_wconf 83' lang='lat' dir='ltr'>Ferratam‚</span> <span class='ocrx_word' id='word_1_566' title='bbox 1763 2039 1848 2069; x_wconf 82' lang='lat' dir='ltr'>XIII</span> <span class='ocrx_word' id='word_1_567' title='bbox 1865 2039 2025 2069; x_wconf 81' lang='lat' dir='ltr'>kalendas</span> <span class='ocrx_word' id='word_1_568' title='bbox 2042 2039 2187 2076; x_wconf 80' lang='lat' dir='ltr'>augusti.</span> <span class='ocrx_word' id='word_1_569' title='bbox 2209 2051 2222 2065; x_wconf 74' lang='lat' dir='ltr'>n</span> 
     </span>
    </p>
   </div>
   <div class='ocr_carea' id='block_1_18' title="bbox 1462 2211 1582 2238">
    <p class='ocr_par' dir='ltr' id='par_1_23' title="bbox 1462 2211 1582 2238">
     <span class='ocr_line' id='line_1_78' title="bbox 1462 2211 1582 2238; baseline 0 0"><span class='ocrx_word' id='word_1_570' title='bbox 1462 2211 1582 2238; x_wconf 53' lang='lat'>(3128</span> 
     </span>
    </p>
   </div>
   <div class='ocr_carea' id='block_1_19' title="bbox 1391 2273 2403 2454">
    <p class='ocr_par' dir='ltr' id='par_1_24' title="bbox 1391 2273 2403 2454">
     <span class='ocr_line' id='line_1_79' title="bbox 1428 2273 2403 2309; baseline 0.001 -9"><span class='ocrx_word' id='word_1_571' title='bbox 1428 2274 1564 2301; x_wconf 84' lang='lat' dir='ltr'>Senatori</span> <span class='ocrx_word' id='word_1_572' title='bbox 1579 2276 1606 2300; x_wconf 85' lang='lat' dir='ltr'>et</span> <span class='ocrx_word' id='word_1_573' title='bbox 1623 2275 1729 2307; x_wconf 83' lang='lat' dir='ltr'>populo</span> <span class='ocrx_word' id='word_1_574' title='bbox 1746 2273 1889 2300; x_wconf 85' lang='lat' dir='ltr'>Romanis</span> <span class='ocrx_word' id='word_1_575' title='bbox 1905 2273 2028 2300; x_wconf 77' lang='lat' dir='ltr'>intimat</span> <span class='ocrx_word' id='word_1_576' title='bbox 2044 2274 2131 2307; x_wconf 90' lang='lat' dir='ltr'>quod,</span> <span class='ocrx_word' id='word_1_577' title='bbox 2144 2274 2294 2301; x_wconf 84' lang='lat' dir='ltr'>Friderico</span> <span class='ocrx_word' id='word_1_578' title='bbox 2306 2274 2403 2309; x_wconf 90' lang='lat' dir='ltr'>impe-</span> 
     </span>
     <span class='ocr_line' id='line_1_80' title="bbox 1391 2321 2402 2357; baseline 0.002 -9"><span class='ocrx_word' id='word_1_579' title='bbox 1391 2325 1486 2349; x_wconf 84' lang='lat' dir='ltr'>ratore</span> <span class='ocrx_word' id='word_1_580' title='bbox 1506 2321 1705 2356; x_wconf 76' lang='lat' dir='ltr'>supplicanti,</span> <span class='ocrx_word' id='word_1_581' title='bbox 1722 2321 1758 2347; x_wconf 86' lang='lat' dir='ltr'>ad</span> <span class='ocrx_word' id='word_1_582' title='bbox 1775 2324 1873 2355; x_wconf 84' lang='lat' dir='ltr'>partes</span> <span class='ocrx_word' id='word_1_583' title='bbox 1889 2322 2073 2356; x_wconf 82' lang='lat' dir='ltr'>Campaniae</span> <span class='ocrx_word' id='word_1_584' title='bbox 2095 2322 2131 2349; x_wconf 89' lang='lat' dir='ltr'>ad</span> <span class='ocrx_word' id='word_1_585' title='bbox 2152 2323 2302 2356; x_wconf 81' lang='lat' dir='ltr'>negotium</span> <span class='ocrx_word' id='word_1_586' title='bbox 2320 2323 2402 2357; x_wconf 81' lang='lat' dir='ltr'>pacis</span> 
     </span>
     <span class='ocr_line' id='line_1_81' title="bbox 1391 2370 2401 2405; baseline 0.001 -7"><span class='ocrx_word' id='word_1_587' title='bbox 1391 2371 1660 2398; x_wconf 81' lang='lat' dir='ltr'>consummandum</span> <span class='ocrx_word' id='word_1_588' title='bbox 1688 2370 1820 2404; x_wconf 88' lang='lat' dir='ltr'>disponit</span> <span class='ocrx_word' id='word_1_589' title='bbox 1843 2370 2000 2404; x_wconf 82' lang='lat' dir='ltr'>proficisci.</span> <span class='ocrx_word' id='word_1_590' title='bbox 2033 2385 2066 2389; x_wconf 91' lang='lat'><strong>—</strong></span> <span class='ocrx_word' id='word_1_591' title='bbox 2093 2372 2179 2403; x_wconf 71' lang='lat' dir='ltr'>(Hm.</span> <span class='ocrx_word' id='word_1_592' title='bbox 2206 2372 2282 2399; x_wconf 65' lang='lat' dir='ltr'>PER.</span> <span class='ocrx_word' id='word_1_593' title='bbox 2309 2372 2342 2399; x_wconf 87' lang='grc'>16</span> <span class='ocrx_word' id='word_1_594' title='bbox 2366 2374 2401 2405; x_wconf 75' lang='lat'>1⁵⁰,</span> 
     </span>
     <span class='ocr_line' id='line_1_82' title="bbox 1392 2418 1569 2454; baseline 0 -8"><span class='ocrx_word' id='word_1_595' title='bbox 1392 2429 1421 2447; x_wconf 91' lang='lat' dir='ltr'>n.</span> <span class='ocrx_word' id='word_1_596' title='bbox 1438 2418 1569 2454; x_wconf 79' lang='lat'>78[-79].&gt;</span> 
     </span>
    </p>
   </div>
   <div class='ocr_carea' id='block_1_20' title="bbox 1797 2210 2329 2247">
    <p class='ocr_par' dir='ltr' id='par_1_25' title="bbox 1797 2210 2329 2247">
     <span class='ocr_line' id='line_1_83' title="bbox 1797 2210 2329 2247; baseline 0.006 -10"><span class='ocrx_word' id='word_1_597' title='bbox 1797 2210 1902 2237; x_wconf 83' lang='lat' dir='ltr'>Grotta</span> <span class='ocrx_word' id='word_1_598' title='bbox 1918 2211 2048 2244; x_wconf 81' lang='lat' dir='ltr'>Ferrata,</span> <span class='ocrx_word' id='word_1_599' title='bbox 2063 2211 2097 2238; x_wconf 78' lang='lat'>20</span> <span class='ocrx_word' id='word_1_600' title='bbox 2111 2212 2211 2245; x_wconf 85' lang='lat' dir='ltr'>juillet</span> <span class='ocrx_word' id='word_1_601' title='bbox 2227 2210 2329 2247; x_wconf 53' lang='lat'>[1230]</span> 
     </span>
    </p>
   </div>
   <div class='ocr_carea' id='block_1_21' title="bbox 1391 2520 2404 2823">
    <p class='ocr_par' dir='ltr' id='par_1_26' title="bbox 1391 2520 2404 2823">
     <span class='ocr_line' id='line_1_84' title="bbox 1432 2520 2404 2560; baseline 0.001 -11"><span class='ocrx_word' id='word_1_602' title='bbox 1432 2534 1445 2548; x_wconf 89' lang='lat'>«</span> <span class='ocrx_word' id='word_1_603' title='bbox 1465 2521 1498 2560; x_wconf 91' lang='lat'>[..</span> <span class='ocrx_word' id='word_1_604' title='bbox 1517 2522 1652 2550; x_wconf 73' lang='lat' dir='ltr'>senatori</span> <span class='ocrx_word' id='word_1_605' title='bbox 1671 2526 1696 2549; x_wconf 82' lang='lat' dir='ltr'>e!</span> <span class='ocrx_word' id='word_1_606' title='bbox 1717 2521 1827 2558; x_wconf 77' lang='lat' dir='ltr'>populo</span> <span class='ocrx_word' id='word_1_607' title='bbox 1845 2521 2013 2557; x_wconf 82' lang='lat' dir='ltr'>Romanis.]</span> <span class='ocrx_word' id='word_1_608' title='bbox 2032 2521 2150 2550; x_wconf 87' lang='lat' dir='ltr'>Forma</span> <span class='ocrx_word' id='word_1_609' title='bbox 2168 2520 2269 2558; x_wconf 81' lang='lat' dir='ltr'>pacis,</span> <span class='ocrx_word' id='word_1_610' title='bbox 2289 2520 2404 2550; x_wconf 87' lang='lat' dir='ltr'>divina</span> 
     </span>
     <span class='ocr_line' id='line_1_85' title="bbox 1392 2573 2404 2611; baseline 0 -8"><span class='ocrx_word' id='word_1_611' title='bbox 1392 2574 1534 2603; x_wconf 79' lang='lat' dir='ltr'>faciente</span> <span class='ocrx_word' id='word_1_612' title='bbox 1551 2574 1668 2611; x_wconf 70' lang='lat' dir='ltr'>gratia.</span> <span class='ocrx_word' id='word_1_613' title='bbox 1687 2578 1735 2603; x_wconf 88' lang='lat' dir='ltr'>est</span> <span class='ocrx_word' id='word_1_614' title='bbox 1760 2582 1778 2603; x_wconf 84' lang='lat' dir='ltr'>a</span> <span class='ocrx_word' id='word_1_615' title='bbox 1797 2573 1952 2611; x_wconf 84' lang='lat' dir='ltr'>Principe</span> <span class='ocrx_word' id='word_1_616' title='bbox 1976 2573 2150 2603; x_wconf 86' lang='lat' dir='ltr'>humiliter</span> <span class='ocrx_word' id='word_1_617' title='bbox 2169 2577 2346 2611; x_wconf 78' lang='lat' dir='ltr'>acceptata,</span> <span class='ocrx_word' id='word_1_618' title='bbox 2371 2578 2404 2603; x_wconf 87' lang='lat' dir='ltr'>et</span> 
     </span>
     <span class='ocr_line' id='line_1_86' title="bbox 1391 2625 2403 2665; baseline -0.002 -8"><span class='ocrx_word' id='word_1_619' title='bbox 1391 2636 1490 2665; x_wconf 85' lang='lat' dir='ltr'>super</span> <span class='ocrx_word' id='word_1_620' title='bbox 1506 2627 1661 2656; x_wconf 86' lang='lat' dir='ltr'>omnibns</span> <span class='ocrx_word' id='word_1_621' title='bbox 1685 2635 1741 2664; x_wconf 89' lang='lat' dir='ltr'>pro</span> <span class='ocrx_word' id='word_1_622' title='bbox 1765 2626 1887 2665; x_wconf 84' lang='lat' dir='ltr'>quibus</span> <span class='ocrx_word' id='word_1_623' title='bbox 1908 2626 1971 2656; x_wconf 85' lang='lat' dir='ltr'>fuit</span> <span class='ocrx_word' id='word_1_624' title='bbox 1987 2625 2120 2656; x_wconf 88' lang='lat' dir='ltr'>vinculo</span> <span class='ocrx_word' id='word_1_625' title='bbox 2136 2626 2403 2656; x_wconf 82' lang='lat' dir='ltr'>excommunica-</span> 
     </span>
     <span class='ocr_line' id='line_1_87' title="bbox 1392 2675 2402 2718; baseline 0 -9"><span class='ocrx_word' id='word_1_626' title='bbox 1392 2680 1491 2709; x_wconf 84' lang='lat' dir='ltr'>tionis</span> <span class='ocrx_word' id='word_1_627' title='bbox 1516 2680 1683 2714; x_wconf 68' lang='lat' dir='ltr'>astrictus,</span> <span class='ocrx_word' id='word_1_628' title='bbox 1711 2679 1876 2708; x_wconf 85' lang='lat' dir='ltr'>mandatis</span> <span class='ocrx_word' id='word_1_629' title='bbox 1901 2678 2049 2709; x_wconf 87' lang='lat' dir='ltr'>Ecclesie</span> <span class='ocrx_word' id='word_1_630' title='bbox 2071 2687 2105 2708; x_wconf 86' lang='lat' dir='ltr'>se</span> <span class='ocrx_word' id='word_1_631' title='bbox 2122 2675 2275 2718; x_wconf 87' lang='lat' dir='ltr'>subjecit.</span> <span class='ocrx_word' id='word_1_632' title='bbox 2293 2679 2402 2715; x_wconf 85' lang='lat' dir='ltr'>Quare</span> 
     </span>
     <span class='ocr_line' id='line_1_88' title="bbox 1391 2731 2403 2770; baseline -0.001 -8"><span class='ocrx_word' id='word_1_633' title='bbox 1391 2742 1496 2770; x_wconf 86' lang='lat' dir='ltr'>nuper</span> <span class='ocrx_word' id='word_1_634' title='bbox 1510 2732 1605 2762; x_wconf 84' lang='lat' dir='ltr'>nobis</span> <span class='ocrx_word' id='word_1_635' title='bbox 1622 2732 1686 2761; x_wconf 82' lang='lat' dir='ltr'>fuit</span> <span class='ocrx_word' id='word_1_636' title='bbox 1704 2732 1885 2761; x_wconf 87' lang='lat' dir='ltr'>instantius</span> <span class='ocrx_word' id='word_1_637' title='bbox 1899 2731 2121 2770; x_wconf 86' lang='lat' dir='ltr'>supplicatum</span> <span class='ocrx_word' id='word_1_638' title='bbox 2137 2735 2173 2760; x_wconf 89' lang='lat' dir='ltr'>ut</span> <span class='ocrx_word' id='word_1_639' title='bbox 2188 2740 2304 2761; x_wconf 83' lang='lat' dir='ltr'>versus</span> <span class='ocrx_word' id='word_1_640' title='bbox 2323 2732 2403 2761; x_wconf 86' lang='lat' dir='ltr'>vici-</span> 
     </span>
     <span class='ocr_line' id='line_1_89' title="bbox 1392 2784 2398 2823; baseline 0.001 -9"><span class='ocrx_word' id='word_1_641' title='bbox 1392 2786 1501 2815; x_wconf 86' lang='lat' dir='ltr'>niores</span> <span class='ocrx_word' id='word_1_642' title='bbox 1516 2789 1624 2823; x_wconf 81' lang='lat' dir='ltr'>partes</span> <span class='ocrx_word' id='word_1_643' title='bbox 1641 2785 1821 2823; x_wconf 81' lang='lat' dir='ltr'>Campanie</span> <span class='ocrx_word' id='word_1_644' title='bbox 1835 2788 1965 2815; x_wconf 86' lang='lat' dir='ltr'>nostros</span> <span class='ocrx_word' id='word_1_645' title='bbox 1981 2784 2201 2822; x_wconf 85' lang='lat' dir='ltr'>dirigeremus</span> <span class='ocrx_word' id='word_1_646' title='bbox 2214 2793 2367 2815; x_wconf 82' lang='lat' dir='ltr'>accessus</span> <span class='ocrx_word' id='word_1_647' title='bbox 2375 2786 2398 2822; x_wconf 75' lang='lat'>⁸,</span> 
     </span>
    </p>
   </div>
   <div class='ocr_carea' id='block_1_22' title="bbox 1418 2904 2400 3022">
    <p class='ocr_par' dir='ltr' id='par_1_27' title="bbox 1418 2904 2400 3022">
     <span class='ocr_line' id='line_1_90' title="bbox 1422 2904 1872 2935; baseline 0 -8"><span class='ocrx_word' id='word_1_648' title='bbox 1422 2905 1442 2928; x_wconf 86' lang='lat'>1.</span> <span class='ocrx_word' id='word_1_649' title='bbox 1460 2907 1509 2927; x_wconf 86' lang='lat' dir='ltr'>Ms.</span> <span class='ocrx_word' id='word_1_650' title='bbox 1527 2913 1534 2928; x_wconf 93' lang='lat'>.·</span> <span class='ocrx_word' id='word_1_651' title='bbox 1551 2905 1578 2927; x_wconf 90' lang='lat' dir='ltr'>in</span> <span class='ocrx_word' id='word_1_652' title='bbox 1594 2911 1617 2927; x_wconf 89' lang='lat' dir='ltr'>e.</span> <span class='ocrx_word' id='word_1_653' title='bbox 1633 2911 1667 2927; x_wconf 89' lang='lat' dir='ltr'>m.</span> <span class='ocrx_word' id='word_1_654' title='bbox 1685 2922 1701 2928; x_wconf 88' lang='lat'>..</span> <span class='ocrx_word' id='word_1_655' title='bbox 1718 2907 1744 2927; x_wconf 88' lang='lat' dir='ltr'>et</span> <span class='ocrx_word' id='word_1_656' title='bbox 1761 2904 1872 2935; x_wconf 83' lang='lat' dir='ltr'>populo.</span> 
     </span>
     <span class='ocr_line' id='line_1_91' title="bbox 1418 2947 1889 2978; baseline 0.002 -7"><span class='ocrx_word' id='word_1_657' title='bbox 1418 2948 1441 2971; x_wconf 73' lang='lat'>2.</span> <span class='ocrx_word' id='word_1_658' title='bbox 1461 2948 1534 2971; x_wconf 81' lang='lat' dir='ltr'>Dans</span> <span class='ocrx_word' id='word_1_659' title='bbox 1550 2948 1575 2970; x_wconf 86' lang='lat' dir='ltr'>la</span> <span class='ocrx_word' id='word_1_660' title='bbox 1587 2947 1664 2978; x_wconf 78' lang='lat' dir='ltr'>piece</span> <span class='ocrx_word' id='word_1_661' title='bbox 1680 2948 1750 2977; x_wconf 81' lang='lat'>6175,</span> <span class='ocrx_word' id='word_1_662' title='bbox 1763 2949 1889 2977; x_wconf 79' lang='lat' dir='ltr'>plenam.</span> 
     </span>
     <span class='ocr_line' id='line_1_92' title="bbox 1420 2990 2400 3022; baseline -0.001 -7"><span class='ocrx_word' id='word_1_663' title='bbox 1420 2992 1441 3016; x_wconf 88' lang='grc'>3.</span> <span class='ocrx_word' id='word_1_664' title='bbox 1462 2992 1595 3022; x_wconf 73' lang='lat' dir='ltr'>Gregoire</span> <span class='ocrx_word' id='word_1_665' title='bbox 1611 2991 1649 3015; x_wconf 86' lang='lat' dir='ltr'>IX</span> <span class='ocrx_word' id='word_1_666' title='bbox 1668 2991 1785 3022; x_wconf 87' lang='lat' dir='ltr'>reprend</span> <span class='ocrx_word' id='word_1_667' title='bbox 1806 2992 1841 3015; x_wconf 87' lang='lat' dir='ltr'>ici</span> <span class='ocrx_word' id='word_1_668' title='bbox 1863 2992 1902 3015; x_wconf 86' lang='lat' dir='ltr'>les</span> <span class='ocrx_word' id='word_1_669' title='bbox 1923 2994 2023 3015; x_wconf 84' lang='lat' dir='ltr'>termes</span> <span class='ocrx_word' id='word_1_670' title='bbox 2044 2991 2144 3015; x_wconf 75' lang='lat' dir='ltr'>memes</span> <span class='ocrx_word' id='word_1_671' title='bbox 2164 2990 2198 3014; x_wconf 83' lang='lat' dir='ltr'>de</span> <span class='ocrx_word' id='word_1_672' title='bbox 2219 2991 2246 3014; x_wconf 88' lang='lat' dir='ltr'>la</span> <span class='ocrx_word' id='word_1_673' title='bbox 2265 2991 2346 3015; x_wconf 81' lang='lat' dir='ltr'>lettre</span> <span class='ocrx_word' id='word_1_674' title='bbox 2365 2991 2400 3015; x_wconf 82' lang='lat' dir='ltr'>de</span> 
     </span>
    </p>
   </div>
  </div>
 </body>
</html>
