2553 3526
136 301 173 331 53
983 287 1218 326 TREIZIEME
1241 287 1400 323 ANNEE.
2199 295 2235 323 54

135 367 226 396 tibus
239 366 407 396 videretur
419 365 539 399 omitti,
552 369 678 395 certum
693 364 872 394 terminum
886 361 1145 401 peremptorium

135 419 270 457 utrique
286 418 382 457 parti,
401 427 466 456 quo
486 426 560 447 cum
577 417 796 447 munimentis
815 421 846 446 et
869 415 1056 445 rationibus
1076 413 1146 443 suis

136 480 247 502 coram
264 471 371 507 nobis,
390 470 541 500 subiture
557 469 721 508 judicium
738 469 789 498 vel
808 468 1022 507 apostolicam
1040 475 1147 504 recep-

138 529 211 554 ture
222 523 476 562 providentiam,
487 526 726 561 comparerent,
738 521 942 560 prefiximus3
952 519 1071 550 dilecto
1080 519 1148 548 filio

137 581 251 607 nostro
263 576 413 616 O[ttoni],
431 576 545 606 Sancti
562 575 694 605 Nicolai
708 575 744 604 in
761 574 901 605 Carcere
915 572 1069 603 Tulliano
1083 572 1149 601 dia·

138 638 221 660 cono
239 629 413 664 cardinali,
434 628 623 667 Apostolice
642 627 737 658 Sedis
754 627 874 665 legato,
893 625 1016 655 nostris
1034 625 1150 654 dantes

137 681 260 713 litteris
270 682 307 711 in
320 681 498 716 mandatis,
512 685 548 711 ut
558 680 695 711 interim
708 680 817 710 locum
827 688 926 718 quem
939 678 979 708 ad
988 678 1151 716 premissa

139 735 291 773 eligeres,
305 735 495 774 inspiceret,
511 734 592 773 quid
605 738 636 764 et
649 738 811 773 quantum
825 737 856 763 et
869 732 907 762 de
921 731 1043 771 quibus
1054 731 1151 761 honis

138 787 176 818 in
187 788 295 818 dotem
307 787 394 818 dieto
401 787 473 817 loco
484 787 646 821 conferre,
658 790 688 816 et
700 790 778 825 quot
788 785 965 815 canonicos
975 784 1152 814 instituere

139 840 265 871 ibidem
286 840 489 876 intenderes,
515 844 546 870 et
571 839 653 869 alias
679 838 949 869 circumstantias
972 837 1070 876 plena
1088 837 1153 866 cir-

141 893 389 932 cumspectione
406 897 572 931 pensaret.
591 893 753 931 nobisque
776 892 973 922 rescriberet
994 890 1153 930 quicquid

142 955 243 985 super
257 947 431 985 premissis
444 947 600 976 omnibus
614 946 792 976 inveniret.
807 945 882 982 Qui,
899 944 1064 974 mandatis
1081 953 1154 973 nos-

142 999 204 1029 tris
220 999 415 1037 diligentius
430 999 627 1038 obsequens.
643 999 682 1029 ad
701 1008 759 1028 nos
773 1008 850 1028 suas
867 998 995 1027 remisit
1012 997 1152 1029 litteras,

143 1052 353 1083 continentes
370 1052 456 1091 quod
478 1058 512 1082 tu
533 1052 598 1082 sibi
614 1052 807 1082 ostenderas
825 1052 933 1081 locum
955 1050 1012 1089 qui
1033 1050 1155 1080 dicitur

143 1105 340 1141 Hakinton.,
358 1105 399 1135 ad
415 1105 450 1134 id
470 1105 551 1135 satis
567 1104 724 1139 habilem,
747 1109 776 1134 et
800 1103 988 1133 manerium
1005 1107 1097 1132 tuum
1116 1103 1155 1132 de

145 1158 388 1193 Maiedenstan,
406 1158 501 1197 cujus
520 1158 621 1188 situm
639 1158 678 1187 ad
694 1157 755 1187 hoc
771 1157 859 1186 idem
874 1156 1004 1193 legatus
1026 1160 1155 1193 reputat

144 1211 316 1250 aptiorem.
336 1212 487 1249 Insuper,
509 1220 663 1241 asserens
680 1210 767 1249 quod
781 1209 1000 1248 quadraginta
1020 1208 1155 1247 preben-

144 1264 215 1300 das,
234 1273 377 1303 quarum
393 1263 539 1302 quelibet
555 1263 800 1302 quinquaginta
817 1271 944 1291 marcas
964 1261 1099 1291 valeret.
1118 1261 1156 1290 de

145 1317 298 1348 ecclesiis
319 1317 359 1347 ad
379 1321 409 1347 te
425 1316 522 1355 pleno
544 1316 618 1355 jure
641 1315 880 1354 spectantibus,
898 1315 933 1344 in
954 1315 1082 1352 prefata
1105 1323 1157 1344 ec-

145 1370 248 1400 clesia
276 1369 431 1400 ordinare
463 1378 675 1407 proponeres,
705 1367 946 1398 nichilominus
973 1367 1157 1405 promisisti

146 1423 234 1463 quod
249 1422 357 1453 eidem
376 1422 515 1453 ecclesie
535 1422 684 1452 redditus
698 1422 864 1461 du[or]um
881 1421 1011 1450 milium
1029 1429 1158 1450 marca-

146 1485 222 1506 rum
236 1476 276 1506 de
291 1475 449 1514 predictis
468 1475 659 1513 assignares
677 1474 840 1509 ecclesiis,
858 1478 887 1504 et
913 1474 943 1503 ei
959 1473 997 1503 de
1017 1482 1159 1511 proven-

147 1528 238 1558 tibus
270 1528 610 1567 archiepiscopalibus
645 1527 831 1566 portionem
864 1527 968 1557 sacris
1000 1526 1159 1565 prefixam

148 1581 333 1612 canonibus
354 1581 538 1612 exhiberes.
559 1582 628 1611 Tuo
650 1581 754 1619 igitur
777 1587 808 1611 et
832 1604 852 1610 ..
878 1581 999 1619 prioris
1023 1589 1058 1610 ac
1082 1589 1160 1609 con-

147 1638 268 1665 ventus
292 1634 547 1666 Cantuariensis
572 1634 710 1664 ecclesie
735 1633 1006 1672 procuratoribus
1031 1633 1072 1663 ob
1098 1632 1161 1662 hoc

149 1683 273 1726 prefixo
296 1687 439 1717 termino
464 1687 502 1717 in
531 1692 645 1717 nostra
674 1687 843 1726 presentia
870 1686 1072 1720 constitutis,
1102 1694 1161 1724 pro

149 1744 243 1779 parte
259 1740 325 1770 fuit
346 1739 526 1778 allegatum
550 1740 688 1770 adversa
705 1740 803 1779 quod,
821 1748 896 1769 cum
918 1739 988 1773 tihi,
1007 1742 1102 1777 prout
1126 1739 1161 1768 in

145 1793 274 1832 judicio
299 1793 340 1824 ad
365 1793 451 1832 quod
475 1793 555 1823 dicti
580 1794 670 1832 prior
693 1797 724 1823 et
746 1798 929 1823 conventus
951 1801 985 1822 se
1007 1791 1163 1830 petebant

149 1847 292 1882 admitti,
325 1852 421 1877 erant
451 1847 567 1877 docere
600 1847 718 1885 parati.
752 1846 928 1884 collegium
962 1845 1163 1875 instituendi

149 1900 334 1939 predictum
348 1900 403 1939 jus
418 1909 629 1939 nequaquam
642 1904 852 1938 competeret.
867 1899 924 1930 sed
940 1899 974 1928 id
987 1899 1022 1928 in
1039 1899 1163 1937 grande

150 1953 406 1985 Cantuariensis
435 1953 574 1983 ecclesie
605 1953 826 1992 prejudicium
857 1952 1068 1982 redundaret.
1102 1952 1163 1980 tibi

151 2010 228 2037 ante
243 2006 435 2036 institutum
453 2010 484 2036 et
499 2006 631 2035 finitum
646 2005 811 2044 judicium
831 2005 1030 2043 postulatam
1052 2004 1164 2033 indul-

150 2068 228 2098 gere
243 2059 427 2090 licentiam.
446 2068 487 2089 ne
507 2068 565 2097 per
580 2058 641 2088 hoc
658 2058 840 2097 principale
862 2058 1083 2096 perimeretur
1107 2067 1165 2087 ne-

151 2112 288 2150 gotium,
306 2112 446 2142 minime
461 2111 674 2146 debebamus,
690 2111 769 2150 quia
789 2120 847 2141 nec
864 2120 934 2141 rem
950 2111 1112 2140 minorem
1129 2111 1164 2139 in

146 2165 276 2204 judicio
298 2164 416 2195 deduci
440 2164 607 2199 convenit,
631 2173 690 2203 per
715 2173 814 2203 quam
837 2164 1006 2203 questioni
1029 2164 1165 2202 majoris

152 2217 203 2248 rei
226 2217 428 2257 prejudicari
450 2217 631 2255 contingit;
653 2217 753 2256 judex
777 2217 866 2247 enim
891 2226 990 2255 super
1011 2216 1166 2246 libertate

153 2280 192 2301 ex
210 2274 406 2301 testamento
418 2270 523 2309 petita
537 2270 742 2300 audientiam
759 2270 910 2307 denegat,
923 2269 1026 2299 donec
1040 2269 1078 2298 de
1095 2269 1167 2307 ipso

153 2327 365 2358 testamento,
389 2322 443 2352 cui
466 2331 504 2352 ex
529 2322 720 2361 hujusmodi
746 2322 972 2361 prejudicatur
993 2322 1165 2360 petitione,

154 2380 343 2415 cognoscat,
356 2376 427 2406 etei
437 2376 491 2405 cui
506 2384 627 2405 novum
643 2385 725 2414 opus
740 2376 930 2405 nuntiatum
948 2375 1064 2411 extitit,
1086 2384 1167 2404 nun-

156 2429 274 2459 tiatore
292 2429 331 2459 de
348 2437 407 2459 suo
427 2429 502 2467 jure
524 2428 640 2458 docere
663 2432 788 2466 parato,
807 2437 847 2458 ne
869 2428 1009 2463 edificet,
1028 2428 1169 2457 interdi-

156 2483 254 2519 citur,
272 2482 424 2522 quamvis
441 2482 480 2512 de
502 2482 702 2512 destruendo
721 2491 828 2520 opere,
849 2482 877 2511 si
901 2490 1035 2511 necesse
1055 2482 1166 2515 fuerit.

156 2536 268 2567 cautio
282 2535 453 2566 offeratur.
467 2535 634 2569 Ceterum.
650 2544 724 2564 cum
740 2534 819 2564 olim
837 2544 854 2564 a
870 2534 955 2564 bone
971 2534 1130 2564 memorie
1149 2558 1167 2564 ..

157 2588 287 2619 Eliensi
303 2587 456 2626 episcopo
475 2592 506 2617 et
529 2587 600 2626 ejus
618 2586 765 2625 collegis
785 2587 819 2616 in
841 2596 923 2625 quos
942 2587 1027 2617 110110
1043 2596 1169 2617 memo-

157 2642 208 2672 rie
224 2666 244 2672 ..
262 2641 477 2680 predecessor
493 2645 569 2670 tuus
586 2644 616 2670 et
634 2640 713 2669 dicti
729 2640 819 2678 prior
835 2644 866 2669 et
882 2644 1065 2670 conventus
1081 2649 1171 2669 com-

157 2695 391 2735 promiserant,
414 2694 591 2724 arbitrium
615 2698 649 2722 ut
671 2693 957 2732 Cantuarien[ses]
987 2693 1171 2731 archiepis-

159 2748 244 2787 copi,
260 2756 402 2778 assensu
417 2747 525 2785 ipsius
541 2750 736 2781 conventus,
754 2751 810 2775 aut.
826 2747 962 2785 majoris
979 2751 1009 2776 et
1026 2747 1171 2776 sanioris

150 2800 274 2840 partis,
297 2809 365 2830 non
385 2800 510 2835 habito,
535 2800 825 2837 congregationem
849 2799 1050 2829 secularium
1074 2799 1172 2829 cleri-

160 2862 274 2884 corum
301 2861 512 2891 nequaquam
539 2852 755 2881 instituerent
782 2856 811 2881 et
840 2851 878 2881 de
909 2851 1006 2881 bonis
1031 2852 1172 2882 Cantua-

157 2906 282 2937 riensis
309 2905 448 2936 ecclesie
477 2914 543 2935 non
576 2905 737 2939 dotarent.
769 2904 873 2934 latum
901 2909 932 2934 et
962 2905 1002 2934 ab
1032 2909 1173 2943 utraque

155 2963 250 2999 parte
263 2963 468 2997 acceptatum
484 2958 640 2993 extiterit‚
659 2963 689 2988 et
705 2958 789 2988 illud
807 2957 916 2988 felicis
934 2958 1173 2988 recordationis

1228 359 1443 389 Innocentius
1453 359 1920 397 0303,01’0(10005501·11051011,
1933 364 2125 398 perpetuum
2138 360 2236 388 silen-

1229 412 1313 441 tium
1328 412 1478 450 partibus
1494 416 1523 441 et
1541 420 1654 441 earum
1671 411 1919 441 successoribus
1937 420 2035 449 super
2052 412 2236 449 questioni-

1230 464 1291 494 bus
1307 465 1341 493 in
1359 474 1396 494 eo
1415 465 1613 494 terminatis.
1632 464 1818 502 imponens.
1837 464 1874 494 de
1894 468 1982 494 certa
2001 464 2140 494 scientia
2159 474 2237 493 con-

1229 517 1381 552 firmarit,
1392 526 1428 546 ac
1440 517 1517 546 dicti
1529 517 1657 551 arbitri.v
1668 516 1967 546 Cantuariensibus
1980 516 2238 554 archiepiscopis

1230 575 1440 599 reservantes
1466 569 1553 608 quod
1579 569 1747 599 dumtaxat
1774 569 1810 598 in
1837 569 1976 599 ecclesia
2003 569 2041 598 de
2070 570 2179 598 Lame.
2210 570 2238 598 si

1232 622 1366 653 vellent.
1394 628 1518 653 certum
1537 631 1712 652 numerum
1731 622 1934 659 regularium
1951 630 2165 660 personarum
2188 622 2240 650 in-

1232 676 1382 706 stituere.
1398 676 1494 714 eique
1506 680 1639 713 possent
1654 680 1760 705 certos
1772 675 1920 704 redditus
1932 674 2114 712 assignare.
2134 674 2242 712 prohi-

1233 729 1348 758 bentes
1365 725 1548 766 expresse2.
1570 737 1610 758 ne
1627 728 1738 766 aliqua
1752 728 1962 765 congregatio
1973 727 2172 757 secularium
2191 736 2241 756 ca-

1235 781 1429 810 nonicorum
1453 781 1492 809 ab
1515 781 1597 818 ipsis
1616 781 1720 811 fieret.
1744 790 1802 818 per
1820 789 1901 819 quos
1919 780 1995 818 jura
2015 784 2045 810 et
2062 780 2241 817 dignitates

1234 833 1488 864 Cantuariensis
1509 833 1647 863 ecclesie
1671 833 1789 867 minui,
1813 837 1842 862 et
1867 833 1902 862 in
1925 842 1963 862 ea
1982 837 2094 862 sancte
2118 832 2244 862 valeret

1236 886 1525 924 contemplationis
1550 886 1653 915 otium
1678 885 1876 924 perturbari.
1906 885 2060 915 duxerint
2088 885 2243 915 inhiben-

1235 939 1313 969 dum
1345 949 1352 967 :
1381 938 1573 977 hujusmodi
1596 939 1726 977 questio
1749 947 1787 968 ex
1810 938 2023 968 concessione
2049 937 2242 967 resuscitari

1237 1000 1303 1021 non
1318 991 1456 1021 debebat
1474 990 1663 1029 apostolica,
1685 999 1759 1020 cum
1775 990 1875 1020 fuerit
1894 990 1955 1020 sub
1975 989 2065 1028 longi
2087 990 2243 1028 temporis

1237 1044 1411 1082 dispendio
1434 1048 1465 1073 et
1488 1043 1641 1081 expensis
1667 1042 1842 1081 sollempni
1865 1042 2103 1072 deliberatione
2126 1043 2243 1080 sopita.

1239 1098 1332 1131 item,
1359 1105 1433 1126 cum
1460 1096 1720 1126 Cantuarienses
1751 1095 1992 1133 archiepiscopi
2022 1095 2079 1134 qui
2110 1096 2246 1124 fuerunt

1238 1158 1295 1187 pro
1318 1153 1473 1187 tempore.
1498 1153 1542 1179 tot
1565 1149 1603 1178 de
1626 1148 1722 1178 bonis
1745 1147 1884 1178 ecclesie
1907 1147 2159 1178 Cantuariensis
2182 1147 2247 1185 piis

1237 1201 1320 1232 locis
1342 1201 1552 1237 contulerint,
1579 1201 1665 1240 quod
1687 1201 1907 1240 quantitatem
1930 1200 2087 1238 prefixam
2110 1200 2247 1229 canoni-

1239 1255 1301 1285 bus
1314 1255 1383 1294 jam
1397 1255 1566 1289 excedant,
1584 1255 1722 1292 ipsaque
1737 1253 1877 1284 ecclesia
1894 1258 1938 1283 tot
1956 1253 2152 1283 debitorum.
2172 1262 2247 1290 pen-

1240 1309 1372 1338 sionum
1389 1312 1419 1338 et
1436 1307 1512 1337 aliis
1529 1308 1734 1345 opprimatur
1749 1306 1916 1336 oneribus.
1937 1306 2017 1336 adeo
2036 1306 2134 1336 etiam
2153 1306 2248 1335 honis

1240 1362 1383 1400 propriis
1404 1361 1445 1390 sit
1463 1361 1634 1390 exhausta.
1653 1360 1738 1398 quod
1759 1360 1810 1388 vix
1823 1359 1891 1398 jam
1911 1359 1951 1388 ad
1971 1359 2247 1388 sustentationem

1240 1415 1382 1444 Domino
1403 1414 1621 1444 servientium
1643 1413 1677 1442 in
1700 1413 1825 1447 eadem.
1848 1412 2107 1450 hospitalitatem
2131 1416 2159 1441 et
2184 1411 2249 1441 alia

1242 1467 1381 1497 sufficiat
1406 1475 1506 1496 onera
1529 1465 1765 1504 supportanda,
1785 1465 1845 1494 tibi
1869 1465 2032 1503 prefatum
2051 1463 2250 1494 instituendi

1242 1520 1417 1558 collegium
1435 1524 1464 1549 et
1486 1518 1620 1548 dotandi
1637 1518 1674 1548 de
1691 1518 1848 1556 predictis
1864 1517 2079 1555 proventibus
2100 1521 2129 1546 et
2150 1516 2250 1546 bene-

1243 1573 1340 1607 ficiis,
1358 1572 1444 1611 quod
1457 1572 1528 1601 sine
1541 1571 1658 1609 grandi
1674 1571 1823 1608 ipsorum
1842 1578 1908 1599 non
1925 1573 2052 1607 poterat
2068 1568 2251 1607 prejudicio

1243 1626 1326 1656 lieri.
1342 1634 1408 1655 11011
1424 1625 1562 1654 debebat
1577 1624 1788 1663 aliquatenus
1805 1623 1942 1653 licentia
1958 1621 2142 1659 indulgeri;
2161 1622 2250 1660 quia,

1244 1680 1273 1709 si
1289 1678 1414 1716 singuli
1430 1686 1639 1708 successores
1657 1677 1705 1706 tui
1722 1676 1783 1706 hoc
1801 1676 1841 1705 ad
1857 1675 2129 1714 consequentiam
2148 1674 2253 1704 trahe-

1244 1737 1326 1768 rent,
1346 1732 1434 1761 infra
1448 1731 1546 1761 breve
1560 1735 1689 1768 tempus
1706 1729 1771 1767 ipsi
1785 1728 1922 1759 ecclesie
1940 1737 2043 1766 pauca
2059 1727 2111 1757 vel
2126 1727 2255 1756 modica

1245 1789 1466 1816 remanerent.
1484 1785 1528 1814 Ex
1546 1783 1692 1822 predicta
1711 1783 1811 1813 etiam
1828 1781 2055 1819 assignatione
2075 1781 2253 1810 beneficio-

1245 1848 1317 1868 rum
1334 1843 1432 1876 atque
1448 1840 1679 1875 proventuum,
1697 1844 1795 1873 grave
1817 1834 1936 1864 inferri
1958 1833 2150 1863 asserebant
2167 1833 2253 1862 Can-

1247 1891 1409 1921 tuariensi
1435 1890 1573 1920 ecclesie
1600 1889 1847 1919 detrimentum.
1876 1897 1893 1917 a
1921 1896 1987 1926 qua
2012 1887 2083 1916 sine
2108 1886 2256 1924 ipsorum

1246 1953 1397 1975 assensu.
1424 1953 1483 1974 seu
1510 1942 1645 1982 majoris
1677 1947 1707 1972 et
1734 1941 1878 1971 sanioris
1908 1940 2023 1978 partis,
2055 1939 2195 1969 alienari
2225 1943 2257 1968 et

1247 1998 1343 2027 alteri
1368 1997 1506 2027 ecclesie
1534 1995 1693 2034 applicari
1720 2003 1784 2024 non
1812 1998 1975 2032 poterant.
2000 1993 2039 2022 Et
2062 1993 2096 2021 in
2119 1992 2180 2021 hoc
2203 2001 2256 2021 ar-

1247 2049 1523 2089 chiepiscopalem
1539 2048 1735 2086 dignitatem
1750 2056 1816 2076 non
1833 2046 1997 2076 modicum
2012 2045 2077 2075 ledi
2091 2045 2255 2079 dicebant,

1248 2104 1344 2143 quod,
1374 2104 1403 2133 si
1431 2103 1543 2133 eadem
1569 2101 1731 2131 beneficia
1757 2100 1895 2138 collegio
1921 2099 2067 2138 predicto
2093 2098 2258 2136 assignari

1249 2156 1436 2195 contigerit,
1453 2154 1707 2186 Cantuariensis
1724 2153 1993 2191 archiepiscopus
2011 2152 2067 2190 qui
2084 2151 2182 2181 fuerit
2199 2159 2257 2189 pro

1251 2217 1404 2249 tempore,
1422 2207 1618 2247 disponendi
1631 2207 1669 2237 de
1683 2207 1766 2245 ipsis
1782 2206 1965 2240 beneficiis,
1981 2205 2147 2234 dumtaxat
2165 2204 2257 2234 illius

1250 2263 1389 2294 ecclesie
1419 2261 1589 2292 canonicis
1622 2259 1845 2293 conferendis,
1878 2257 2070 2288 facultatem
2105 2257 2256 2289 liberam,

1250 2325 1341 2346 more
1359 2315 1466 2350 solito,
1486 2323 1551 2344 non
1566 2313 1714 2343 habebit.
1732 2312 1888 2350 Ideoque,
1907 2319 1981 2341 cum
1994 2311 2141 2348 ipsorum
2158 2310 2259 2339 inter-

1251 2375 1338 2401 esset-
1359 2374 1395 2399 ut.
1413 2369 1509 2398 illesa
1529 2377 1589 2397 sua
1610 2370 1799 2397 servaretur
1822 2364 1972 2398 ecclesia,
1996 2372 2109 2393 eorum
2134 2367 2204 2392 erat
2222 2362 2257 2391 111

1251 2423 1312 2453 hoc
1332 2421 1549 2453 contradictio
1564 2418 1785 2453 admittenda;
1804 2418 1909 2452 1131113,
1933 2416 1963 2446 51
1977 2416 2038 2445 1100
2053 2415 2258 2454 propositum

1251 2475 1423 2515 pretendat
1446 2473 1630 2504 honestatis
1650 2471 1851 2511 ymaginem.
1875 2469 1954 2508 quia
1975 2473 2097 2502 tamen,
2120 2467 2258 2505 collegio

1252 2530 1324 2568 ipso
1339 2529 1374 2558 in
1392 2535 1530 2557 numero
1545 2525 1788 2564 prebendarum
1807 2528 1838 2553 et
1856 2522 2055 2560 dignitatum
2072 2521 2258 2550 successive

1254 2586 1433 2612 crescente.
1452 2585 1483 2610 et
1499 2579 1628 2609 volente
1644 2575 1879 2608 Cantuariensi
1895 2573 2072 2605 conventui
2089 2572 2258 2611 adequari,

1287 2729 1307 2752 1.
1325 2728 1459 2751 Innocent
1474 2725 1521 2749 111.

1286 2779 1309 2803 2.
1332 2779 1352 2802 ll
1374 2778 1433 2801 faut
1453 2775 1586 2800 entendre
1606 2782 1612 2797 :
1637 2783 1648 2796 ι
1669 2778 1695 2797 et
1716 2772 1895 2803 prohibentes
1915 2776 2046 2800 expresse
2068 2767 2123 2799 [ne]
2148 2770 2260 2798 possent

1255 2823 1344 2847 eidem
1362 2821 1477 2845 ecclesie
1494 2823 1584 2843 certos
1600 2818 1725 2842 redditus
1739 2817 1890 2847 assignare.
1910 2824 1921 2837 υ

1287 2875 1308 2898 3.
1327 2873 1370 2897 011
1388 2879 1421 2896 110
1437 2872 1494 2895 voit
1511 2877 1558 2901 pas
1574 2870 1589 2892 a
1606 2869 1671 2899 quoi
1687 2875 1716 2891 se
1733 2870 1861 2897 rapporte
1879 2875 1890 2888 (ι
1907 2872 1968 2888 nam
1984 2872 2010 2891 »ς
2026 2865 2050 2887 10
2068 2862 2212 2886 redacteur
2228 2862 2261 2885 (10

1255 2920 1281 2942 la
1301 2917 1378 2948 piece
1397 2915 1485 2947 parait
1502 2915 1582 2937 s'etre
1599 2912 1760 2936 embrouille
1777 2911 1844 2934 dans
1861 2911 1886 2933 la
1903 2910 1974 2933 serie
1993 2908 2040 2931 des
2058 2906 2212 2930 incidentes
2228 2905 2262 2929 de

1257 2966 1330 2986 cette
1346 2962 1446 2991 longue
1462 2960 1571 2990 phrase.
