2553 3526
163 290 220 319 489
1000 281 1244 325 QUINZIEME
1268 282 1425 318 ΑΝΝΕΕ,
2206 298 2263 327 490

164 371 196 375 —
217 357 303 389 (ΗΕ-,σ-
320 356 364 387 20,
387 357 406 382 f.
424 355 457 382 72
474 359 516 387 v⁰;
536 364 605 382 ann.
626 356 694 388 XV,
712 364 736 382 c.
754 356 804 387 :37;
828 370 857 374 -
877 356 1033 382 Porrmsr
1050 354 1170 385 11008·;

162 405 201 432 cf.
220 404 284 430 ibid.
303 404 431 435 10869'1.)

204 517 217 531 α
244 528 261 533 ..
286 505 422 542 qenerali
440 505 585 533 ministro
607 509 632 533 et
657 505 811 533 universis
835 505 986 539 fratribus
1009 504 1042 531 de
1065 503 1172 531 ordine

160 560 298 594 fratrum
314 558 472 586 Minorum
489 562 638 595 presentes
653 558 769 586 litteras
783 558 979 593 inspecturis.
995 556 1069 592 Qui,
1086 559 1170 593 post-

162 611 269 650 posita
281 611 426 640 vanitate
438 628 485 640 —.
498 611 571 639 Dat.
584 609 749 644 Laterani,
765 610 795 638 X
806 609 965 639 kalendas
978 609 1069 643 maii,
1084 617 1170 637 anno

160 663 419 702 quintodecimo.
442 675 454 688 η

230 841 348 869 5996

194 903 427 937 Archiepiscopo
443 903 567 930 Barcnsi
587 905 615 929 et
635 903 770 937 episeopo
792 902 938 929 Bitetensi
960 903 1082 929 mandat
1098 911 1169 936 qua-

159 954 246 980 tenus
276 951 498 986 archiepiscopo
529 951 720 978 Brundusino
754 951 914 984 injungant
944 954 976 978 ut
1003 951 1033 977 in
1065 952 1169 977 fratres

159 1000 382 1028 Praedicatores
396 999 559 1027 Brundusii
576 1008 610 1026 ac
627 999 828 1026 benefactores
843 1008 942 1026 corum
963 1000 1169 1026 excommuni-

158 1048 286 1076 cationis
302 1048 481 1075 sententiam
503 1048 539 1075 de
557 1050 652 1075 cetero
671 1056 728 1074 non
751 1049 835 1080 ferat,
856 1051 884 1075 et
899 1049 1077 1075 sententiam
1096 1057 1169 1082 quae

159 1097 191 1124 in
219 1105 266 1124 eos
293 1099 396 1124 contra
428 1097 620 1131 apostolicam
647 1097 859 1124 inhibitionem
892 1097 982 1124 fuerit
1011 1100 1168 1129 attentata,

159 1145 279 1173 inanem
292 1148 321 1173 et
334 1146 450 1173 irritam
468 1146 622 1178 nuntient;
636 1146 757 1180 insuper
773 1146 898 1172 eundem
911 1146 1167 1180 archiepiscopum

158 1195 341 1229 compellant
362 1197 395 1222 ut
417 1195 533 1221 eosdem
552 1195 657 1221 fratres
678 1202 765 1228 super
786 1195 950 1229 sepultura,
968 1203 1021 1221 nec
1043 1203 1098 1221 non
1123 1203 1168 1221 su-

159 1251 210 1279 per
226 1242 380 1270 exactione
401 1251 505 1269 census
526 1244 574 1269 vel
600 1242 668 1270 aliis
691 1242 825 1270 indebite
842 1251 898 1269 non
918 1244 1068 1275 molestet;
1093 1245 1167 1270 cete-

157 1302 223 1321 rum
240 1293 282 1320 eis
302 1293 451 1327 significat
470 1301 500 1319 se
518 1293 596 1319 velle
618 1292 734 1319 eosdem
757 1293 861 1319 fratres
885 1292 921 1319 ad
946 1292 1166 1319 observantiam

157 1341 305 1376 pactionis
331 1349 398 1368 cum
425 1340 525 1367 eodem
554 1340 776 1374 archiepiscopo
800 1340 893 1367 initae
918 1349 975 1367 non
1001 1341 1106 1373 teneri,
1133 1341 1168 1367 de

155 1390 262 1418 abbate
275 1389 418 1417 videlicet
432 1389 630 1421 Nerdonensi,
648 1389 777 1423 ipsorum
795 1389 992 1422 benefactore,
1010 1390 1056 1416 vel
1068 1390 1168 1424 aliquo

155 1440 193 1467 de
217 1437 461 1466 Nerdonensibus
487 1438 640 1464 monachis
666 1438 702 1464 de
727 1440 822 1465 cetero
847 1446 904 1464 non
930 1438 1111 1472 recipiendo.
1135 1454 1169 1456 —

156 1489 244 1521 (Rue.
260 1487 305 1519 20,
321 1488 341 1514 f.
357 1487 392 1514 72
408 1489 451 1519 v⁰;
469 1494 539 1513 ann.
557 1486 625 1519 XV,
644 1495 668 1513 c.
687 1486 735 1518 38;
753 1501 784 1504 —
802 1486 960 1513 Por-raas]-
973 1486 1083 1517 11006.)

741 840 862 872 Latran,
875 840 909 867 26
925 840 1001 866 avril
1018 840 1096 866 1241.

199 1601 212 1616 α
241 1611 261 1619 ..
283 1588 509 1625 archiepiscopo
533 1588 660 1617 Bai-ensi
686 1592 712 1616 et
744 1610 762 1616 ..
789 1589 922 1625 episcopo
944 1589 1096 1617 Bitelensi.
1122 1589 1168 1618 De

156 1641 336 1672 humilium
355 1641 548 1679 depressorc
574 1658 623 1669 ——.
653 1641 726 1670 Dat.
756 1640 921 1675 Laterani,
942 1641 987 1670 VI
1009 1640 1168 1671 kalendas

156 1692 247 1729 maii,
267 1701 354 1722 anno
368 1691 625 1730 quintodecimo.
647 1704 658 1717 n

225 1870 344 1900 599ἵ

192 1933 311 1961 Eisdem
330 1933 471 1960 similiter
487 1933 591 1960 scribit
611 1933 646 1959 de
667 1933 767 1959 eodem
791 1934 981 1960 Brundusino
1004 1934 1168 1969 archiepis-

155 1991 237 2017 copo,
256 1982 306 2016 qui
321 1982 357 2009 ab
373 1982 483 2009 eisdem
503 1981 643 2008 fratribus
661 1982 919 2008 Praedicator-ibus
942 1982 977 2008 de
1000 1983 1169 2010 Brundusio

157 2031 321 2066 portionem
339 2031 475 2065 exigebat
490 2031 526 2057 de
543 2031 589 2057 his
606 2039 679 2064 quae
695 2030 736 2057 cis
752 2031 787 2057 ad
805 2032 917 2057 cultum
935 2031 1072 2058 divinum
1093 2033 1167 2065 lega-

156 2080 275 2112 bantur,
304 2080 404 2114 eisque
428 2079 582 2106 licentiam
608 2079 749 2106 audiendi
771 2080 969 2106 confessiones
988 2080 1167 2113 denegatam

156 2129 199 2156 eis
229 2129 352 2156 mandat
381 2131 548 2167 quatenus,
567 2131 630 2163 post
662 2128 887 2162 inquisitionem
914 2129 949 2155 de
975 2129 1020 2155 his
1047 2130 1168 2161 factam,

159 2178 343 2213 praedictum
367 2177 636 2211 archiepiscopum,
660 2180 770 2204 extunc
795 2177 831 2204 ab
855 2178 949 2204 officio
974 2181 1002 2205 et
1028 2178 1169 2204 beneficio

156 2235 345 2262 suspensum,
362 2227 544 2260 compellant
567 2228 598 2252 ut
616 2226 695 2252 infra
719 2226 936 2260 praefigendum
964 2226 1000 2253 ab
1020 2227 1093 2261 ipsis
1114 2230 1169 2253 ter-

160 2275 288 2308 minum,
305 2275 497 2309 apostolieam
519 2274 605 2301 adeat
626 2274 839 2308 praesentiam;
861 2275 937 2308 quod
954 2275 1089 2307 fecerint,
1112 2275 1168 2309 ipsi

159 2332 252 2358 papae
274 2332 326 2359 per
352 2324 468 2350 litteras
494 2331 560 2350 suas
588 2323 741 2349 intiment.
769 2338 801 2341 —-
828 2324 914 2355 (ΗΕΘ,
942 2323 987 2353 20.
1014 2324 1034 2350 l'.
1061 2324 1095 2350 72
1123 2327 1168 2356 v⁰;

158 2381 229 2400 ann.
247 2372 316 2406 XV,
333 2381 358 2399 c.
375 2372 433 2403 39.)

736 1871 857 1903 Latran,
874 1871 908 1898 26
924 1872 1001 1898 avril
1018 1872 1096 1898 1241.

201 2485 214 2500 «
236 2473 368 2502 Eisdem.
389 2473 437 2502 Ad
457 2472 551 2502 illum
569 2473 691 2503 mentis
707 2491 756 2501 ——.
777 2473 863 2503 Sane
880 2473 950 2511 ipse
971 2473 1170 2513 [Brundusi-

160 2535 223 2556 nus
249 2525 531 2564 archiepiscopus]
558 2535 575 2555 a
597 2525 727 2555 dilectis
752 2525 830 2554 filiis
857 2526 1017 2555 fratribus
1043 2526 1170 2555 ordinis

194 2652 215 2676 i.
237 2653 310 2676 Avec
331 2653 356 2675 la
376 2652 438 2675 date
462 2654 482 2675 V
503 2653 722 2682 (probablement
744 2659 839 2675 errcur
862 2652 895 2675 de
919 2653 1024 2682 copiste
1047 2660 1116 2683 pour
1138 2654 1172 2682 X)

159 2699 296 2721 kalendas
311 2698 380 2720 maii
397 2698 432 2724 (=
443 2696 473 2720 ‘27
486 2696 576 2725 avril),
593 2695 699 2726 d’apres
710 2696 862 2725 WMnnNG,
878 2699 1002 2720 Annales
1016 2699 1171 2725 Minorum,

162 2741 209 2770 ΙΙΙ,
226 2741 279 2770 418,
298 2746 325 2764 n⁰
342 2741 379 2768 35.
395 2744 421 2764 et
438 2741 597 2769 smmum,
614 2743 718 2764 Butler.
736 2743 889 2769 Francisc..
906 2741 992 2771 1.‘194,
1009 2747 1035 2764 n⁰
1050 2742 1103 2766 338.

191 2785 215 2809 ⁴2.
235 2786 308 2809 Avcc
325 2786 350 2808 la
363 2785 425 2808 date
444 2787 467 2808 Χ
483 2786 619 2808 kalendas
639 2786 718 2812 maii,
735 2792 811 2807 anno
827 2786 1039 2814 quartodecimo
1061 2786 1171 2816 (proba-

162 2830 281 2853 blement
300 2836 395 2853 eri-eur
411 2829 446 2852 de
462 2829 568 2859 copiste
587 2836 657 2859 pour
672 2829 894 2859 quintodecimo)
910 2830 948 2859 (=
963 2829 992 2853 ‘2¹2
1008 2830 1075 2854 avril
1094 2830 1172 2860 1240),

162 2873 269 2904 d'apres
291 2873 444 2901 WADmNG,
461 2872 716 2902 012.c1·t.,111,4¹t,
733 2877 761 2895 ηο
776 2873 815 2902 ⁶23,
834 2878 860 2896 et
877 2873 1034 2901 SBARALEA,
1051 2876 1098 2903 Op.
1114 2875 1172 2903 cit„

163 2917 184 2945 1,
197 2917 252 2944 277,
266 2921 294 2940 η’*
309 2917 362 2940 309.
380 2916 418 2941 Le
434 2919 508 2940 texte
523 2916 571 2940 des
589 2916 679 2946 picces
698 2916 773 2940 10869
788 2919 814 2940 et
833 2917 906 2941 110οὸΙ
922 2917 955 2940 de
973 2917 1116 2941 PorTnAs‘r
1133 2920 1173 2941 est

163 2963 334 2985 exactemcnt
353 2961 377 2984 lc
392 2961 491 2989 me‘me;
509 2961 547 2984 les
564 2961 641 2984 dates
654 2961 743 2984 seules
760 2960 898 2985 different.

1255 354 1501 384 predicatorum
1525 356 1559 385 in
1580 358 1769 387 Brundusio
1786 360 1987 393 constitutisv
2005 361 2043 390 de
2061 362 2126 390 hiis
2145 373 2207 401 que
2226 364 2258 392 in

1252 407 1469 442 ornamentis,
1487 408 1536 438 vel
1559 419 1616 447 pro
1635 410 1683 440 eis
1707 419 1765 440 seu
1786 411 1923 445 fabrica,
1950 412 2182 449 luminaribus,
2202 425 2260 445 an-

1254 458 1449 495 niversario,
1470 461 1620 499 septimo,
1642 463 1799 493 vicesimo
1818 464 1868 494 vel
1890 465 2056 495 tricesimo
2078 467 2146 497 sive
2171 468 2257 503 aliis,

1253 511 1292 540 ad
1310 517 1503 550 perpetuum
1527 515 1651 544 cultum
1668 516 1817 545 divinum
1835 517 1987 554 legantur
2005 519 2139 551 eisdem,
2160 521 2261 558 exigit

1254 565 1454 602 portionem:
1475 571 1504 596 et
1522 567 1597 597 licet
1613 569 1676 606 ipsi
1699 578 1732 599 se
1750 570 1789 599 ad
1809 570 1868 600 hoc
1890 578 2072 609 proponant
2090 573 2262 605 humiliter

1254 627 1316 647 non
1341 620 1456 654 teneri,
1475 630 1549 649 cnm
1567 622 1609 651 sit
1628 632 1684 660 per
1703 623 1819 653 Scdem
1838 625 2059 662 Apostolicam
2081 627 2258 657 diffinitum

1253 672 1339 709 qnod
1367 672 1405 701 de
1437 673 1558 703 talibus
1589 676 1748 705 canonica
1776 677 1881 714 portio
1909 678 2025 707 deduci
2057 688 2121 708 non
2152 680 2258 715 dehet,

1253 724 1428 754 dummodo
1444 726 1478 754 in
1497 727 1646 757 fraudem
1665 737 1727 757 non
1747 729 1802 758 siat
1819 735 1852 758 ut
1869 739 1907 759 ea
1921 731 2094 769 episcopus
2109 733 2177 762 sive
2191 744 2259 771 par-

1252 777 1410 807 rochialis
1431 779 1571 809 ecclesia
1593 781 1710 810 debeat
1733 782 1934 814 defraudari,
1962 784 2031 821 ipse
2054 790 2173 819 tamen,
2202 787 2261 816 dc-

1252 830 1407 860 cretalem
1425 831 1627 870 hujusmodi,
1646 834 1732 863 sicut
1748 836 1946 873 accepimus.
1970 837 2093 871 dicens,
2115 840 2260 875 procaci-

1253 886 1317 911 tate
1337 883 1443 918 solitay
1474 893 1546 914 esse
1569 885 1705 917 nnllam.
1730 885 1920 917 eorunnlem
1940 893 2086 926 pretextu
2108 891 2258 927 fratrum,

1215 956 1217 959 .
1252 935 1373 973 quihus
1390 937 1476 974 quod
1494 937 1659 967 nullorum
1674 940 1901 969 confessiones
1914 942 2061 971 audiant.
2078 943 2258 979 interdicit,

1252 988 1372 1017 asserit
1399 988 1608 1026 impudenter
1636 991 1722 1029 quod
1748 992 1939 1030 hujusmodi
1964 994 2134 1025 audientia
2160 1005 2218 1026 nec
2243 1006 2261 1026 a

1253 1041 1401 1070 Romano
1423 1042 1581 1072 Pontifice.
1604 1052 1663 1073 nec
1682 1043 1789 1081 legato
1809 1045 1842 1073 in
1869 1054 1929 1074 sna
1954 1048 2128 1084 parrochia
2151 1054 2260 1086 posset

1251 1092 1336 1128 fieri,
1354 1092 1478 1131 absque
1497 1094 1548 1123 sui
1567 1094 1702 1124 licentia
1723 1096 1859 1133 speciali
1873 1114 1920 1125 —.
1942 1098 2014 1126 Dat.
2035 1099 2199 1134 Laterani,
2226 1106 2260 1129 ut

1252 1154 1362 1183 supra.
1386 1158 1397 1171 »

1321 1297 1439 1325 5998
1867 1302 1987 1333 Latran,
2002 1303 2016 1329 3
2034 1304 2092 1330 mai
2110 1304 2187 1331 1241.

1286 1359 1517 1394 Archiepiscopo
1544 1361 1711 1388 Arelatensi
1743 1363 1865 1389 mandat
1895 1366 2039 1397 quatenus
2068 1365 2202 1393 abbatem
2233 1370 2261 1394 et

1251 1411 1429 1434 conventum
1448 1409 1547 1435 Villae
1563 1409 1701 1443 Magnae,
1724 1411 1903 1438 Biterrensis
1928 1412 2080 1445 dioecesis,
2099 1419 2215 1442 moneat
2232 1418 2260 1442 et

1252 1456 1373 1483 inducat
1390 1460 1421 1483 ut
1437 1459 1484 1484 vel
1508 1457 1675 1489 Nicolaum,
1697 1460 1872 1487 canonicum
1898 1462 2038 1488 ecclesiae
2059 1463 2161 1490 Sancti
2187 1465 2259 1490 Lau-

1251 1506 1340 1532 rentii
1356 1506 1519 1539 Tiburtini,
1537 1510 1588 1533 aut
1609 1508 1805 1535 Benedictum
1823 1510 1858 1536 de
1874 1510 1994 1542 Verulo,
2012 1511 2074 1544 ejus
2095 1515 2260 1545 procurato-

1251 1562 1324 1585 rem,
1335 1555 1484 1588 percipere
1497 1558 1656 1589 proventus
1672 1557 1813 1583 ecclesiae
1829 1558 1932 1584 Sancti
1950 1559 2094 1593 Stephani
2105 1560 2140 1586 de
2153 1561 2259 1588 Pezan.

1251 1603 1439 1637 permittant,
1456 1604 1526 1630 etei
1547 1604 1734 1631 satisfaciant
1756 1606 1791 1631 de
1812 1607 1957 1640 perceptis
1980 1616 1997 1634 a
2017 1610 2148 1642 tempore
2167 1611 2261 1637 factae

1250 1651 1307 1685 ipsi
1321 1651 1442 1678 Nicolao
1454 1653 1632 1683 collationis,
1645 1656 1696 1680 aut
1712 1654 1737 1680 ei
1755 1663 1883 1681 annuam
1903 1656 2010 1689 viginti
2028 1657 2158 1691 quinque
2174 1658 2261 1685 libra-

1251 1709 1315 1727 rum
1328 1701 1544 1728 Turonensium
1563 1702 1733 1736 pensionem
1751 1703 1912 1736 assignent,
1929 1706 1975 1731 vel
1992 1714 2087 1731 coram
2106 1706 2168 1740 ipso
2186 1715 2261 1741 papa

1251 1758 1280 1775 se
1305 1751 1502 1783 praesentent.
1529 1765 1563 1767 —
1585 1751 1671 1782 (Res.
1691 1751 1735 1784 20,
1763 1752 1782 1778 f.
1804 1752 1837 1778 72
1861 1759 1907 1784 v0;
1934 1762 2003 1780 ann.
2026 1754 2093 1786 XV,
2115 1765 2139 1781 e.
2160 1755 2207 1787 110;
2226 1771 2260 1774 —

1251 1798 1384 1825 Monam
1401 1798 1479 1830 1193,
1498 1799 1517 1824 f.
1534 1798 1609 1829 ⁴282.)

1293 1905 1305 1918 «
1325 1915 1344 1921 ..
1363 1894 1587 1931 archiepiscopo
1609 1895 1789 1923 Arelatensi.
1812 1895 1959 1925 Dilectus
1981 1896 2069 1926 iilius
2089 1897 2258 1933 Nicolaus,

1251 1946 1432 1975 canonicus
1459 1946 1597 1976 ecclesie
1619 1947 1731 1977 Sancti
1752 1948 1923 1977 Laurentii
1940 1949 2142 1991 Tiburtin[i],
2165 1951 2259 1981 nohis

1252 1999 1402 2037 exposuit
1416 1999 1514 2037 qnod,
1530 2009 1603 2029 cum
1618 2001 1646 2030 ci
1660 2010 1716 2038 per
1728 2002 1952 2031 venerabilem
1963 2003 2097 2032 fratrem
2112 2009 2259 2033 nostrum

1254 2074 1273 2081 ..
1293 2052 1578 2090 archiepiscopum
1596 2057 1626 2083 et
1642 2053 1799 2083 dilectum
1818 2054 1923 2083 lilium
1942 2078 1961 2083 ..
1980 2056 2129 2085 abbatem
2149 2058 2262 2087 Sancti

1254 2104 1348 2134 Pauli
1366 2105 1624 2146 Na1·bonen[ses]
1644 2106 1676 2135 in
1700 2108 1898 2145 competenti
1918 2108 2143 2138 ecclesiastico
2162 2110 2262 2140 hene-

1253 2158 1327 2187 ficio
1352 2158 1386 2186 in
1416 2158 1587 2196 provincia
1617 2159 1828 2189 Narbonensi
1859 2161 2054 2190 auctoritate
2083 2163 2263 2200 apostoliea

1253 2210 1522 2240 mandaverimus
1537 2212 1714 2249 provideri,
1728 2212 1806 2241 dieti
1822 2213 2091 2252 archiepiscopus
2105 2220 2135 2244 ct
2148 2215 2258 2251 abhas,

1253 2264 1287 2292 in
1310 2264 1458 2293 mandati
1483 2265 1587 2294 nostri
1611 2266 1803 2295 executione
1830 2266 1971 2296 sollicite
1996 2268 2216 2305 providentes,
2240 2293 2259 2298 ..

1253 2317 1363 2346 abbati
1380 2317 1466 2347 Ville
1487 2318 1616 2353 Magne,
1632 2318 1835 2347 Biterrensis
1852 2319 2004 2355 diocesis,
2022 2321 2263 2351 marniaverunt

1254 2374 1288 2398 ut
1305 2369 1354 2399 vel
1378 2370 1593 2399 Benedictum
1611 2370 1649 2399 de
1668 2371 1825 2412 Verul[o].
1848 2377 2093 2410 procuratorem
2116 2374 2263 2412 ejusdem

1253 2423 1416 2458 canonici,
1435 2423 1469 2452 in
1487 2423 1688 2461 corporalem
1705 2425 1949 2461 possessionem
1964 2426 2111 2455 omnium
2130 2436 2263 2464 proven-

1255 2479 1346 2504 tuum
1365 2475 1503 2505 ecclesie
1520 2476 1633 2505 Sancti
1651 2477 1810 2514 Stephani
1828 2478 1866 2507 de
1890 2479 2020 2513 Pezan.,
2039 2488 2120 2517 quos
2139 2479 2263 2510 hahue-

1254 2533 1304 2558 rat
1317 2533 1393 2558 ante
1414 2538 1507 2558 suam
1532 2529 1782 2567 promotionem,
1802 2530 1984 2565 induceret,
2004 2532 2094 2561 salva
2116 2533 2264 2570 portione

1254 2586 1410 2619 perpetuo
1428 2581 1551 2610 vicario
1573 2582 1678 2619 ipsius
1697 2582 1836 2612 ecclesie
1854 2583 2034 2621 assignata,
2055 2584 2103 2613 vel
2120 2594 2264 2614 ammam

1254 2634 1374 2672 viginti
1410 2635 1557 2673 quinque
1595 2634 1755 2664 librarum
1791 2637 2035 2666 Turonensium
2070 2638 2263 2675 pensionem

1255 2687 1380 2716 tamdiu
1402 2687 1603 2724 persolveret
1626 2688 1785 2717 canonico
1809 2689 2008 2727 supradicto,
2032 2690 2135 2720 donec
2157 2691 2266 2729 provi-

1255 2739 1346 2769 deret
1369 2739 1475 2769 eidem
1501 2740 1535 2768 in
1557 2740 1783 2770 ecclesiastico
1810 2741 1970 2772 beneficio
1993 2744 2202 2781 competenti.
2228 2744 2267 2773 Et

1254 2791 1332 2822 licet
1348 2792 1435 2822 idem
1450 2792 1551 2822 abhas
1564 2792 1650 2823 Ville
1664 2793 1781 2831 Magne
1794 2795 1958 2832 prefatum
1972 2800 2215 2833 procuratorem
2232 2797 2265 2825 in

1256 2845 1501 2883 possessionem
1516 2845 1683 2875 induxerit
1696 2851 1914 2884 proventuum
1927 2848 2064 2878 ecclesie
2076 2854 2265 2883 memorale,

1257 2898 1335 2936 quia
1356 2903 1476 2933 tamen,
1494 2903 1621 2928 mutata
1643 2900 1850 2936 postmodnm
1874 2900 1907 2929 in
1930 2902 2132 2930 contrarium
2152 2901 2268 2931 volun-

1258 2955 1334 2985 tate,
1353 2955 1531 2989 proventus
1548 2951 1712 2989 predictos
1730 2957 1972 2990 procuratorem
1997 2954 2135 2984 eundem
2161 2955 2270 2993 perei-
