2553 3526
121 307 177 337 193
966 296 1201 335 ΤΒΕΙΖΙΕΜΕ
1224 295 1383 331 ANNEE.
2164 310 2216 337 194

120 373 310 411 procuravit
333 373 472 408 intrudi,
498 376 631 411 propter
651 372 738 411 quod
760 381 818 410 per
843 375 1091 401 conservatores
1115 378 1133 397 a

122 425 218 455 nobis
237 425 362 455 eisdem
379 424 519 455 ecclesie
536 434 572 454 ac
590 424 693 463 priori
710 433 896 459 concessos,
916 424 1003 453 idem
1022 422 1133 452 archi—

120 477 284 516 presbiter
300 477 363 507 fuit
386 477 728 507 excommunicatione
752 477 888 515 ligatus,
907 476 1040 515 justitia
1064 474 1133 504 exi-

121 534 230 568 gente,
249 530 413 568 prefatum
430 530 586 568 priorem,
605 530 753 569 ejusdem
776 529 907 558 comitis
931 529 1043 557 favore
1063 528 1133 557 suf-

121 582 210 619 fulti,
231 582 422 612 immaniter
444 582 601 621 persequi
624 591 689 612 non
713 587 880 611 verentur.
899 581 1015 610 Dictus
1033 580 1132 610 etiam

122 635 303 665 canonicus
321 635 408 675 [etc.‚
432 640 468 665 ut
491 644 602 674 supra,
626 635 661 664 in
688 634 813 664 eisdem
833 634 967 668 litteris,
989 642 1093 672 usque
1113 633 1132 672 z]

122 688 290 719 celebrare
305 688 419 718 divina
441 693 472 718 et
493 688 794 718 excommunicatos
814 687 853 717 ad
870 687 982 717 eadem
1000 687 1034 715 in
1052 686 1132 716 locis

121 740 310 771 interdictis
337 741 526 776 admittere,
555 750 591 770 ac
614 740 797 779 prescripto
825 739 937 769 comiti
961 739 1009 769 sic
1032 738 1134 777 ligato

123 793 369 824 communicare
396 794 613 832 presumpsit,
644 793 805 824 canonica
838 802 922 831 pena
952 792 1131 830 castigans,

123 839 232 876 amoto
258 855 277 876 a
301 847 531 885 prenominato
559 846 832 876 archidiaconatu
854 845 1134 883 archipresbitero

124 899 301 934 antediem,
324 899 515 938 episcopum
538 899 646 937 ipsum
667 908 703 929 ac
722 899 852 929 eosdem
876 898 1134 936 archipresbite-

122 961 197 982 rum
215 957 247 983 et
265 953 473 987 canonicum,
495 953 582 991 quod
606 952 712 982 eidem
733 952 836 991 priori
854 952 940 991 [etc.,
966 956 1000 981 ut
1022 961 1131 990 supra.

122 1005 158 1035 in
183 1005 309 1036 eisdem
333 1005 467 1041 litteris,
493 1005 707 1045 paucissimis
734 1005 882 1040 mutatis,
911 1014 1015 1044 usque
1042 1006 1062 1042 ε]
1088 1005 1134 1034 ita

123 1058 211 1098 quod
225 1058 313 1089 ultra
329 1058 491 1089 decimam
508 1068 584 1098 pars
600 1058 686 1097 [etc.,
702 1063 737 1087 ut
755 1067 865 1096 supra,
884 1058 917 1087 in
936 1058 1060 1087 eisdem
1078 1057 1133 1086 lit-

121 1111 214 1147 teris,
238 1120 345 1150 usque
366 1111 401 1140 in
424 1111 549 1149 finem].
576 1112 649 1141 Dat.
675 1111 849 1146 Laterani,
871 1111 948 1140 XVI
973 1110 1133 1140 kalendas

123 1163 248 1193 martii.
268 1175 281 1190 ι,

191 1401 310 1430 51)·58
700 1402 821 1435 Latran,
840 1403 874 1428 1*
889 1411 967 1429 mars
982 1403 1062 1429 1240.

157 1469 264 1497 Eidem
278 1470 427 1504 significat
444 1470 589 1497 Soranum
603 1470 785 1505 episcopum,
803 1473 873 1498 tunc
885 1472 914 1498 in
928 1471 1061 1506 partibus
1073 1472 1135 1498 illis

122 1518 317 1553 apostolicum
333 1519 475 1552 legatum,
487 1519 652 1545 sententias
666 1519 986 1546 excommunicationis
1003 1520 1032 1546 in
1046 1520 1135 1546 comi-

123 1569 183 1594 tem
210 1567 411 1594 Tholosanum
432 1570 461 1594 et
490 1567 520 1594 in
547 1567 739 1594 Witletmum
769 1568 904 1600 Arnaldi,
933 1569 1133 1595 senescalcum

123 1613 342 1650 [Agennensem
357 1615 489 1650 ejusdem
506 1614 646 1650 comitisL
663 1624 717 1643 nec
734 1625 790 1642 non
807 1617 960 1643 interdicti
977 1617 1007 1643 in
1026 1620 1134 1644 terram

123 1664 256 1698 ejusdem
274 1663 402 1698 comitis,
419 1673 436 1691 a
449 1664 569 1691 decanis
589 1664 692 1691 Sancti
712 1664 844 1692 Andreae
861 1666 1091 1699 Burdegalensis
1108 1670 1135 1693 et

125 1712 230 1740 Sancti
255 1712 392 1740 Severini
416 1713 660 1747 Burdegalensis,
684 1716 801 1748 propter
824 1714 1031 1748 spoliationem
1058 1715 1136 1749 Ray-

124 1759 231 1788 mundi
255 1760 417 1793 Bernardi,
447 1760 554 1795 prioris
577 1761 612 1787 de
634 1761 750 1794 Mauso,
775 1762 951 1788 auctoritate
975 1763 1137 1796 apostolica

124 1809 264 1844 prolatas,
281 1817 435 1844 perperam
452 1810 644 1842 relaxavisse‚
660 1810 745 1844 eique
760 1811 881 1837 mandat
896 1814 1040 1845 quatenus
1056 1820 1137 1845 prae-

124 1858 219 1885 dictos
239 1858 378 1885 comitem
402 1861 430 1885 et
455 1860 655 1885 senescalcum
678 1862 797 1886 moneat
814 1863 841 1886 et
862 1860 984 1886 inducat
1006 1863 1038 1887 ut
1058 1861 1137 1887 infra

124 1906 249 1934 duorum
268 1906 416 1934 mensium
434 1907 565 1942 spatium
582 1908 668 1942 plene
679 1908 715 1934 de
728 1908 847 1934 damnis
863 1912 891 1935 et
910 1909 1029 1942 injuriis
1046 1909 1137 1943 priori

124 1955 220 1982 eidem
238 1957 267 1982 et
291 1956 432 1983 ecclesiae
454 1956 490 1983 de
515 1956 621 1983 Manso
644 1957 739 1983 illatis
764 1957 966 1989 satisfaciant;
991 1958 1136 1992 alioquin,

124 2012 190 2031 cum
204 2012 262 2031 non
277 2004 314 2031 de
328 2004 393 2038 jure
408 2004 500 2031 iidem
517 2013 614 2032 comes
631 2008 659 2032 et
672 2006 856 2032 senescalcus
874 2006 985 2032 fuerint
996 2006 1136 2038 absoluti,

123 2053 172 2081 illi
200 2055 230 2080 et
253 2053 399 2088 praedicti
425 2053 543 2080 comitis
569 2057 646 2081 terra
673 2054 703 2080 in
728 2055 870 2088 pristinas
895 2055 1138 2082 excommunica-

123 2101 216 2129 tionis
231 2104 260 2130 et
275 2101 429 2129 interdicti
446 2102 609 2129 sententias
625 2103 813 2130 reducentur.
833 2118 863 2121 —
881 2104 967 2134 (Rso.
986 2104 1028 2136 19,
1047 2105 1066 2130 f.
1086 2104 1138 2131 152

126 2147 200 2192 [146]
211 2152 252 2183 ι·“;
268 2158 339 2177 ann.
354 2150 436 2182 XIII,
448 2159 473 2177 c.
484 2150 553 2183 239;
571 2166 603 2169 —
618 2152 655 2178 cf.
670 2158 766 2183 supra,
784 2160 811 2178 ιι.
826 2152 904 2184 1574,
920 2152 989 2179 2Τ32
1003 2156 1031 2180 et
1045 2153 1138 2185 4926.)

167 2290 180 2305 a
199 2279 316 2308 Eidem.
344 2278 480 2308 Miseret
500 2288 559 2309 nos
585 2280 761 2317 grandium
785 2280 1003 2319 graviumque
1017 2290 1138 2319 grava-

125 2331 256 2361 minum
279 2335 310 2361 et
335 2331 497 2367 laborum,
530 2341 593 2371 que
618 2332 759 2362 dilectus
787 2333 877 2363 filius
903 2334 1138 2373 R[aymundus

125 2383 314 2421 Bernardfl,
331 2384 421 2422 prior
441 2384 480 2414 de
497 2385 623 2420 Manso,
643 2394 700 2423 pro
717 2385 943 2416 ecclesiastica
961 2387 1138 2425 pertulisse

125 2437 311 2467 dinoscitur
330 2437 495 2472 libertate,
514 2447 614 2476 super
630 2438 752 2477 quibus
776 2439 895 2468 affectu
915 2439 979 2469 sibi
1001 2443 1138 2478 paterno

126 2489 346 2528 compatimur
366 2494 397 2520 et
413 2490 520 2528 ipsius
539 2491 706 2529 pressuris
723 2496 754 2521 et
770 2491 940 2522 doloribus
964 2501 1000 2522 ex
1020 2493 1139 2523 intimo

127 2542 352 2574 condolemus.
369 2543 452 2574 Cum
467 2544 557 2574 enim
574 2544 697 2574 nobilis
719 2544 769 2573 vir
788 2568 807 2574 ..
830 2554 939 2576 comes
955 2545 1139 2576 Tolosanus

126 2596 207 2627 olim
223 2596 333 2635 ipsum
352 2601 384 2626 et
400 2596 574 2627 ecclesiam
592 2606 686 2627 suam
702 2597 783 2627 villa
797 2597 836 2628 de
853 2598 981 2634 Manso,
998 2607 1035 2628 ac
1049 2608 1139 2629 secu-

126 2649 190 2680 lari
204 2649 337 2689 justitia
351 2653 382 2679 et
398 2649 505 2688 ipsius
523 2649 663 2680 dominii
679 2650 890 2688 possessione
904 2651 955 2681 vel
973 2652 1081 2690 quasi,
1100 2652 1140 2681 ad

128 2702 268 2733 eandem
284 2701 458 2732 ecclesiam
474 2702 721 2740 pertinentibus
738 2703 834 2741 pleno
847 2704 933 2742 jure,
950 2713 1010 2734 nec
1028 2713 1093 2734 non
1110 2709 1141 2734 et

127 2754 204 2785 aliis
222 2754 319 2784 bonis
336 2755 406 2785 suis
422 2759 537 2784 contra
550 2755 720 2794 justitiam
735 2755 920 2794 spoliasset,
940 2757 980 2786 ab
997 2757 1140 2786 homini-

126 2808 188 2838 bus
205 2807 292 2838 dicte
309 2807 385 2838 ville
397 2808 626 2847 juramentum
641 2808 812 2838 fidelitatis
828 2813 1028 2849 extorquens
1046 2820 1053 2839 :
1072 2814 1141 2840 tan-

127 2860 202 2891 dem
215 2869 272 2898 per
290 2883 309 2890 ..
328 2861 441 2891 Sancti
457 2860 589 2891 Andr-ee
606 2865 638 2891 et
658 2884 676 2891 ..
699 2862 812 2891 Sancti
830 2862 982 2892 Severini
999 2863 1140 2893 decanos

129 2913 394 2951 Burdegalenses
409 2914 473 2944 fuit
486 2914 575 2944 idem
598 2914 687 2952 prior
705 2915 745 2944 ad
762 2915 909 2954 predicta
925 2916 1048 2950 omnia,
1067 2925 1140 2946 cum

128 2955 293 3005 perceptis
316 2975 353 2996 ex
376 2966 425 2996 eis
452 2966 617 2997 fructibus
645 2971 676 2997 et
706 2976 769 3006 que
796 2968 922 3006 percipi
948 2972 1139 3006 potuerunt,

253 3025 440 3057 GREGOIRE
458 3032 505 3062 1x‚
528 3035 547 3057 t.
566 3033 616 3060 ιιι.

1217 368 1357 405 cognitis
1372 378 1469 398 cause
1482 369 1621 404 meritis,
1637 371 1831 400 auctoritate
1848 376 1958 400 nostra
1976 373 2219 403 sententialiter

1216 420 1406 450 restitutus.
1430 426 1459 451 et
1483 421 1742 460 condempnatus
1765 423 1871 452 dictus
1893 433 2001 453 comes
2023 424 2061 453 ad
2085 425 2219 454 satisfa-

1217 473 1368 502 ciendum
1391 483 1534 511 congrue
1558 474 1595 504 de
1622 475 1785 513 expensis,
1807 485 1842 505 ac
1865 476 2016 514 dampnis
2036 482 2065 506 et
2085 478 2219 515 injuriis

1215 535 1273 563 per
1296 526 1404 564 ipsum
1424 527 1547 556 eisdem
1569 527 1670 565 priori
1692 532 1722 556 et
1745 527 1883 558 ecclesie
1900 528 2064 566 irrogatis.
2087 530 2124 558 Et
2142 530 2220 567 quia

1215 580 1363 617 prefatus
1389 589 1497 609 comes
1523 580 1668 618 ipsorum
1697 581 1861 611 sententie
1889 590 1952 611 non
1977 581 2082 611 solum
2106 592 2220 620 parere

1216 633 1455 662 contumaciter
1476 633 1663 667 recusabat,
1689 642 1802 663 verum
1828 634 1927 663 etiam
1946 634 1979 663 in
2004 635 2111 672 ipsum
2133 636 2221 673 prio-

1217 694 1285 715 rem
1302 694 1358 723 pcr
1375 694 1408 715 se
1429 695 1465 715 ac
1476 685 1684 715 Vt'illelmum
1701 686 1839 715 Arnaldi
1853 687 2078 716 senescalcum
2092 692 2122 717 et
2138 687 2220 718 alios

1217 737 1376 767 satellites
1400 748 1477 767 suos
1500 739 1615 768 durius
1639 738 1734 768 solito
1751 739 1908 775 seviebat,
1925 740 2222 778 contrajuramen-

1218 795 1285 819 tum
1303 800 1398 820 suum
1423 800 1521 829 super
1541 790 1601 820 hoc
1621 791 1794 829 prestitum
1813 796 1933 821 temere
1952 792 2124 826 veniendo,
2143 792 2222 821 dicti

1213 844 1340 883 judices
1364 844 1398 872 in
1425 852 1478 873 eos
1502 844 1607 881 primo
1633 844 1995 878 excommunicationis,
2019 854 2054 874 ac
2076 845 2217 880 demum,

1217 896 1364 934 ejusdem
1390 896 1520 925 comitis
1546 901 1713 925 crescente
1736 896 1942 925 contumacia
1966 897 2159 929 manifesta,
2187 897 2221 926 in

1218 953 1337 978 terram
1366 949 1436 987 ejus
1464 953 1494 978 et
1517 948 1623 978 locum
1653 949 1691 977 ad
1719 958 1816 987 quem
1841 949 2024 984 deveniret,
2053 949 2222 979 interdicti

1217 1001 1411 1035 sententias,
1431 1001 1580 1038 exigente
1600 1001 1742 1040 J'ustitia,
1762 1001 1979 1039 protulerunt.
1999 1002 2036 1031 Et
2055 1001 2130 1031 licet
2151 1011 2219 1037 nos,

1216 1058 1304 1083 ratas
1320 1054 1502 1083 sententias
1519 1054 1608 1091 ipsas
1627 1053 1799 1088 hahentes,
1822 1063 1876 1083 eas
1893 1063 1997 1092 usque
2014 1054 2052 1083 ad
2070 1055 2223 1084 satisfac-

1216 1109 1340 1139 tionem
1361 1109 1558 1146 condignam
1576 1108 1844 1138 mandaverimus
1860 1108 2099 1138 inviolabiliter
2115 1109 2224 1139 obser-

1217 1162 1298 1191 vari.
1318 1162 1508 1200 fuerintque
1526 1161 1611 1191 dicte
1628 1161 1802 1195 sententie,
1822 1166 1918 1199 prout
1932 1162 2082 1199 exigebat
2098 1167 2224 1200 proter-

1217 1215 1269 1245 via
1281 1215 1420 1254 predicti
1433 1215 1574 1244 comitis.
1587 1219 1773 1252 aggramte,
1788 1215 2044 1252 persistentibus
2056 1215 2173 1244 comite
2188 1224 2224 1245 ac

1218 1268 1407 1298 senescalco
1427 1268 1596 1307 jamdictis
1620 1277 1677 1305 per
1694 1277 1747 1297 sex
1768 1276 1871 1297 annos
1889 1267 2042 1297 indurato
2062 1268 2171 1298 animo
2191 1268 2224 1297 in

1218 1321 1354 1355 eisdem,
1386 1346 1405 1350 ..
1434 1322 1579 1351 Soranus
1606 1321 1789 1359 episcopus,
1817 1325 1893 1350 tunc
1918 1320 1951 1349 in
1980 1321 2128 1358 partibus
2156 1320 2224 1350 illis

1218 1374 1407 1413 Apostolice
1420 1374 1514 1404 Sedis
1527 1373 1667 1411 legatus,
1682 1382 1824 1412 sequens
1838 1373 2017 1403 voluntatis
2031 1373 2222 1411 impulsum,

1219 1437 1283 1457 non
1301 1427 1465 1466 judicium
1489 1427 1640 1461 rationis,
1666 1426 1860 1465 irrequisito
1883 1426 1954 1464 ipso
1978 1427 2098 1465 priore,
2120 1426 2224 1456 dictas

1218 1480 1417 1516 sententias,
1446 1479 1538 1509 nulla
1556 1479 1784 1509 satisfactione
1808 1479 1955 1517 prestita,
1981 1478 2138 1517 nullaque
2153 1479 2226 1518 jus-

1219 1534 1290 1563 titie
1307 1534 1414 1563 forma
1430 1537 1570 1568 servata,
1588 1532 1627 1562 de
1645 1533 1745 1568 facto,
1773 1541 1847 1562 cum
1866 1532 1904 1562 de
1924 1532 1998 1571 jure
2015 1541 2079 1562 non
2103 1536 2224 1570 posset,

1218 1596 1389 1625 perperam
1418 1586 1596 1620 relaxavit,
1627 1585 1661 1614 in
1693 1585 1842 1623 ipsorum
1875 1585 1996 1623 prioris
2027 1589 2057 1614 et
2088 1584 2227 1614 ecclesie

1219 1649 1317 1678 grave
1340 1639 1560 1678 prejudicium
1585 1643 1615 1668 et
1632 1647 1715 1677 pene
1738 1637 1956 1676 irreparabile
1979 1638 2226 1668 detrimentum.

1219 1693 1327 1729 Quare
1344 1692 1438 1723 nobis
1457 1692 1545 1721 idem
1564 1691 1654 1730 prior
1669 1690 1842 1720 humiliter
1859 1690 2058 1728 supplicavit
2074 1694 2120 1725 ut,
2140 1699 2226 1725 cum,

1219 1746 1352 1775 attritus
1377 1745 1547 1774 laboribus
1572 1748 1604 1774 et
1627 1743 1808 1774 exhaustus
1832 1743 2001 1781 expensis,
2028 1752 2087 1773 nec
2110 1751 2175 1773 non
2196 1747 2228 1772 et

1218 1800 1316 1836 longa
1333 1808 1431 1837 quam
1449 1797 1534 1836 apud
1551 1797 1668 1828 Sedem
1683 1796 1906 1834 Apostolicam
1922 1805 2040 1834 passus
2057 1800 2116 1830 est,
2136 1796 2226 1824 infir-

1219 1853 1332 1882 mitate
1350 1852 1550 1886 confractus,
1569 1850 1609 1880 ad
1627 1850 1893 1888 prosecutionem
1916 1849 2040 1887 negotii
2057 1849 2225 1878 sufficiens

1220 1915 1284 1936 non
1303 1906 1432 1940 existat,
1451 1909 1481 1934 et
1497 1913 1673 1942 processus
1690 1903 1796 1942 ipsius
1818 1903 1963 1941 episcopi
1980 1902 2092 1932 nullus
2111 1902 2227 1932 debeat

1220 1959 1258 1989 de
1271 1959 1346 1997 jure
1363 1957 1503 1992 censeri,
1522 1965 1596 1986 cum
1620 1960 1734 1986 contra
1749 1955 1835 1994 juris
1856 1956 1997 1985 formam
2018 1964 2083 1984 non
2102 1955 2227 1993 absque

1220 2011 1324 2041 multa
1336 2011 1438 2040 fuerit
1450 2009 1635 2039 temeritate
1650 2013 1872 2048 presumptus,
1886 2008 2119 2038 mandaremus
2133 2007 2227 2036 illum

1222 2065 1350 2095 nullum
1372 2064 1505 2102 penitus
1527 2063 1687 2092 nuntiari.
1712 2062 1870 2098 Quamvis
1890 2062 1993 2099 igitur
2012 2060 2229 2091 redeuntibus

1220 2119 1394 2149 humiliter
1410 2118 1450 2147 ad
1471 2117 1662 2147 mandatum
1682 2116 1829 2146 Ecclesie
1847 2115 1963 2146 debeat
1980 2116 2050 2154 ejus
2067 2115 2228 2153 gremium

1222 2172 1355 2211 aperiri,
1383 2171 1462 2210 quia
1484 2175 1594 2200 tamen
1618 2169 1652 2199 in
1674 2169 1881 2199 absolutione
1905 2168 2021 2198 talium
2045 2177 2109 2197 non
2135 2167 2230 2197 debet

1218 2225 1273 2264 jus
1290 2224 1428 2254 alterius
1449 2223 1581 2262 penitus
1600 2222 1770 2252 absorberi
1786 2239 1835 2256 —,
1853 2221 2049 2251 mandamus
2066 2224 2229 2259 quatenus

1223 2277 1430 2316 supradictos
1447 2276 1600 2306 comitem
1620 2279 1651 2305 et
1672 2274 1899 2305 senescalcum
1918 2273 2078 2303 attentius
2095 2281 2230 2302 moneas

1223 2335 1253 2362 et
1269 2331 1419 2364 inducas,
1438 2334 1473 2359 ut
1489 2329 1578 2358 infra
1594 2328 1733 2358 duorum
1746 2327 1912 2357 mensium
1929 2326 2070 2364 spatium
2088 2334 2106 2354 a
2123 2325 2231 2354 moni-

1223 2384 1311 2414 tione
1339 2387 1395 2413 tua
1414 2382 1509 2421 plene
1533 2391 1569 2411 ac
1594 2381 1723 2418 integre
1749 2379 1958 2410 satisfaciant
1982 2379 2019 2408 de
2044 2377 2226 2416 premissis,

1223 2437 1349 2467 nullam
1370 2436 1425 2466 ‘eis
1452 2444 1551 2473 super
1581 2434 1647 2463 hiis
1675 2433 1862 2463 molestiam
1888 2432 1926 2461 de
1951 2436 2059 2461 cetero
2086 2430 2228 2464 illaturi;

1223 2490 1384 2529 alioquin,
1405 2498 1478 2519 cum
1502 2488 1575 2517 talis
1599 2486 1763 2517 absolutio
1784 2485 1822 2515 de
1841 2486 1914 2524 jure
1937 2493 2000 2513 non
2027 2483 2143 2514 valeat.
2171 2491 2230 2512 nos

1223 2547 1343 2574 extunc
1363 2543 1452 2581 ipsos
1469 2545 1499 2571 et
1518 2545 1639 2570 terram
1657 2547 1750 2568 suam
1773 2538 1807 2566 in
1831 2537 1990 2575 pristinas
2007 2535 2231 2565 excommuni-

1223 2596 1364 2626 cationis
1388 2599 1419 2624 et
1442 2592 1611 2623 interdicti
1635 2590 1818 2621 sententias
1837 2589 1991 2618 duximus
2013 2587 2226 2623 reducendos,

1224 2658 1315 2689 quas,
1337 2648 1447 2686 elapso
1464 2645 1656 2685 hujusmodi
1675 2643 1827 2677 termino,
1845 2650 1950 2681 usque
1969 2641 2009 2670 ad
2028 2640 2229 2670 satisfactio-

1224 2711 1299 2732 nem
1316 2700 1524 2737 condignam,
1543 2696 1774 2736 appellatione,
1795 2694 2056 2725 contradictione
2079 2697 2109 2723 et
2131 2702 2229 2722 excu-

1224 2755 1351 2785 satione
1381 2751 1606 2785 cessantibus,
1643 2749 1747 2778 facias
1779 2746 2018 2777 inviolabiliter
2048 2745 2227 2775 observari.

1223 2809 1295 2839 Non
1319 2805 1528 2837 obstantibus
1552 2802 1789 2833 constitutione
1811 2801 1849 2830 de
1870 2800 1998 2830 duabus
2020 2799 2118 2828 dietis
2142 2801 2228 2834 [etc.‚

1223 2865 1259 2890 ut
1283 2868 1393 2897 supra,
1420 2858 1454 2887 in
1476 2856 1597 2887 litteris
1621 2855 1682 2885 sub
1704 2862 1841 2884 numero
1865 2853 1940 2882 5076
1962 2852 2094 2885 notatis,
2126 2859 2230 2889 usque

1222 2914 1257 2942 in
1275 2911 1399 2950 finem].
1417 2911 1490 2940 Dat.
1512 2908 1677 2942 Laterani,
1695 2906 1846 2937 kalendis
1866 2905 1988 2939 martii,
2012 2913 2098 2934 anno
2115 2903 2229 2933 tertio-

1224 2966 1362 2996 decimo.
1382 2976 1393 2990 υ

2078 3021 2103 3045 13
