2553 3526
304 304 358 331 5:35
1026 296 1265 328 anutsTREs
1288 294 1343 323 DE
1366 288 1588 324 GREGOIRE
1614 295 1671 324 Ιχ.

301 368 524 399 obedientiam
541 372 569 396 et
585 366 804 396 reverentiam
817 365 967 395 exhiberi
980 364 1123 394 debitam
1137 362 1309 392 facientes.

302 422 560 451 contradictores
575 424 648 449 etc..
669 419 833 456 prefatum
854 419 892 447 G.
917 423 952 447 ut.
976 418 1022 447 sic
1040 416 1148 446 ablata
1173 414 1311 445 ecclesie

302 475 446 513 predicte
474 473 625 503 restituat
654 490 702 502 —.
724 471 859 508 cogatis.
881 470 1051 508 Alioquin.
1075 469 1182 498 eidem
1207 467 1258 500 O..
1284 466 1312 495 si

304 529 374 566 ejus
396 527 512 555 electio
539 525 695 555 canonice
716 523 880 553 celebrata
903 531 966 552 non
989 522 1107 552 extitit.
1129 519 1312 558 superbiis

303 580 472 609 silentium
508 579 725 615 imponentes.
760 576 887 613 prefato
913 576 964 605 G..
995 574 1072 603 dum
1101 578 1209 602 tamen
1241 572 1312 610 ejus

303 633 496 661 electionem
515 630 694 660 inveniatis
712 629 869 658 canonice
884 628 922 657 de
940 635 1079 665 persona
1095 626 1213 655 idonea
1231 624 1313 654 cele-

304 686 445 714 bratam.
480 694 496 713 a
524 683 669 722 predicto
695 682 782 711 clero
808 687 839 711 et
863 680 981 719 populo
1006 679 1148 709 debitam
1181 678 1312 707 faciatis

303 738 524 767 obedientiam
547 741 576 765 et
602 735 822 765 reverentiam
849 733 1010 763 exhiberi.
1033 732 1125 768 Quod
1143 732 1171 760 si
1188 736 1313 760 utram-

304 800 365 829 que
395 790 588 820 electionem
618 794 730 818 contra
760 787 949 817 sanctiones
972 785 1149 815 canonicas
1175 785 1313 813 invene-

305 844 377 872 ritis
396 852 467 872 esse
485 847 721 880 presumptam.
747 849 814 869 vos.
838 844 978 877 utraque
1000 842 1139 867 cassata.
1158 836 1243 865 dicte
1260 844 1313 865 ec-

304 896 403 925 clesie
421 895 585 933 provideri
604 894 641 923 de
661 898 788 931 pastore
806 893 863 931 (1111
881 896 971 921 tanto
994 894 1153 927 congruat
1169 889 1263 919 oneri
1283 894 1313 919 et.

305 949 433 978 honori.
459 957 515 986 per
541 947 735 977 electionem
763 945 956 974 canonicam
987 943 1128 973 faciatis.
1157 943 1230 972 Non
1255 941 1313 971 ob-

305 1008 411 1031 stante
439 1001 675 1031 constitutione
702 999 740 1029 de
768 998 896 1027 duabus
922 997 1019 1027 dietis
1047 996 1132 1035 [etc..
1165 1004 1269 1034 usque
1292 996 1313 1032 z]

306 1056 390 1084 ultra
419 1054 547 1085 tertiam
574 1053 625 1083 vel
654 1057 805 1091 quartam
830 1051 916 1089 [etc.
944 1059 1048 1088 usque
1075 1051 1094 1086 z]
1119 1049 1314 1078 auctoritate

307 1108 509 1146 presentium
528 1115 591 1135 non
611 1105 771 1135 trahatur.
790 1103 881 1140 Quod
900 1103 927 1132 si
944 1112 1007 1132 non
1025 1111 1140 1132 omnes
1159 1106 1220 1131 etc.
1239 1101 1313 1130 Dat.

307 1167 341 1190 ut
360 1170 470 1198 supra.
490 1173 500 1185 ι)

378 1312 495 1340 6078

343 1375 486 1408 Episcopo
511 1377 539 1400 et
562 1373 692 1407 capitulo
713 1371 855 1398 ecclesiae
877 1369 1098 1404 Magalonensis
1116 1369 1263 1402 significat
1287 1376 1316 1394 se

307 1424 479 1449 confirmare
502 1422 645 1456 quaedam
672 1423 783 1447 statuta
809 1428 824 1446 a
850 1418 994 1453 [Johanne
1015 1418 1050 1444 de
1070 1417 1173 1444 Monte
1198 1415 1316 1450 Lauro]‚

308 1471 513 1505 Magalonensi
530 1471 693 1504 episcopo-2,
706 1470 796 1500 edita,
807 1472 835 1495 et
852 1468 1010 1502 praecipue
1023 1466 1146 1493 uniones
1163 1465 1199 1492 ab
1214 1465 1315 1492 eodem

309 1521 443 1554 episcopo
461 1521 552 1546 tactas
568 1519 604 1545 de
619 1518 743 1545 ecelesia
760 1518 887 1544 Sanctae
904 1516 1018 1543 Mariae
1029 1515 1064 1541 de
1077 1514 1210 1543 Tabulis,
1226 1514 1317 1540 villae

310 1569 421 1595 Montis
439 1567 605 1598 Pessulani,
628 1566 834 1600 Magalonensi
856 1564 997 1591 ecclesiae
1018 1563 1160 1597 subjecta,
1177 1565 1248 1589 tunc
1264 1571 1317 1588 va-

308 1621 404 1645 cante.
427 1625 492 1643 cum
513 1616 636 1642 ecclesia
659 1615 761 1642 Sancti
780 1614 919 1645 Firmini,
941 1613 1072 1646 ejusdem
1092 1612 1158 1644 loci,
1176 1611 1318 1638 similiter

309 1666 403 1692 eidem
428 1665 632 1699 Magalouensi
660 1664 801 1691 ecciesiae
824 1662 967 1695 subjecta.
995 1669 1047 1687 nec
1068 1669 1123 1687 non
1146 1661 1181 1687 de
1204 1661 1318 1694 capella

870 1309 991 1340 Latran,
1007 1308 1039 1334 12
1054 1315 1131 1333 mars
1147 1307 1213 1333 1241
1224 1308 1242 1331 ¹.

309 1716 412 1741 Sancti
430 1714 582 1740 willelmi
604 1714 638 1740 de
655 1713 758 1740 Monte
775 1713 936 1739 pessulano
958 1719 1023 1737 cum
1042 1710 1166 1736 ecclesia
1182 1709 1218 1735 de
1233 1709 1318 1736 Juvi-

309 1764 403 1795 niaco,
420 1762 653 1797 [Magalonensis
667 1760 837 1795 dioecesis];
856 1761 965 1787 inserto
983 1759 1036 1785 sub
1052 1767 1102 1785 sua
1117 1758 1197 1785 bulla
1216 1758 1317 1784 charta

310 1812 451 1846 praedicti
466 1812 687 1845 Magalonensis
702 1810 831 1845 episcopi
849 1818 936 1843 super
955 1809 1001 1835 his
1018 1809 1162 1834 confecta.
1182 1822 1212 1824 —
1230 1807 1316 1838 (Rae.

307 1860 352 1887 220.
374 1862 392 1886 t'.
410 1860 443 1887 85
460 1865 503 1891 1·“’;
521 1868 590 1886 ann.
608 1860 677 1891 XV,
695 1868 719 1886 0.
738 1859 786 1889 93;
804 1873 835 1876 -
856 1858 989 1884 Momm]
1008 1856 1086 1888 1193,
1105 1856 1209 1885 1:345:
1231 1870 1262 1873 —
1280 1857 1317 1881 ct'.

307 1917 403 1942 supra,
423 1914 450 1935 nu
466 1909 559 1939 5410.)

351 2010 363 2023 «
391 2019 411 2026 ..
438 1998 569 2034 episcopo
589 2002 615 2025 ec
641 1996 775 2033 capitulo
799 1995 916 2023 ecclesie
942 1993 1174 2029 illasuzloueusis,
1200 1993 1321 2021 ordinis

310 2051 408 2078 sanem*
430 2050 608 2085 ,luyzzstiuzss
636 2048 711 2077 Hiis
733 2056 796 2086 (1110
822 2047 861 2076 ab
884 2064 933 2074 —.
960 2047 1033 2075 Dat.
1058 2045 1225 2075 Laterani,
1252 2045 1320 2074 IIII

311 2102 385 2131 idus
406 2102 528 2131 martii.
547 2110 633 2131 anno
650 2100 908 2139 quartodecimo.
931 2112 943 2125 n

384 2257 527 2294 [6079]

350 2321 472 2356 [Charta
488 2329 556 2347 vero
569 2320 713 2348 Johannis
730 2319 765 2345 de
781 2319 884 2346 Monte
896 2319 1000 2350 Lauro,
1013 2317 1235 2351 Magalonensis
1247 2317 1321 2351 epis-

313 2371 390 2404 copi,
408 2371 478 2396 haec
495 2370 555 2396 est³
571 2368 589 2403 z]

762 2257 948 2291 Maguelone,
963 2257 979 2282 5
996 2256 1154 2283 novembre
1170 2255 1250 2282 1240.

357 2472 368 2483 (ι
386 2459 422 2488 10
435 2457 568 2487 001111110
577 2455 833 2486 DominiNostri
847 2455 952 2485 ,1110511
961 2454 1099 2485 Christi.
1110 2456 1205 2483 Anno
1214 2455 1322 2484 Incar-

350 2564 368 2587 l.
389 2563 465 2586 Bulle
483 2563 515 2585 de
532 2562 556 2585 la
572 2562 645 2585 XIVe
662 2561 760 2589 nanee,
777 2561 874 2591 egat-ce
891 2560 960 2583 dans
976 2561 1000 2583 le
1016 2562 1140 2589 Reytstre
1157 2560 1190 2583 de
1205 2561 1230 2583 la
1246 2559 1323 2588 XV⁶;

316 2608 349 2631 ef.
367 2615 464 2636 supra,
480 2614 506 2630 0.
524 2607 592 2634 5980,
607 2607 665 2630 598Τ
682 2610 708 2630 et
725 2606 796 2630 5990.

347 2652 369 2675 ⁴2.
390 2652 408 2675 11
427 2656 466 2674 est
487 2652 501 2674 a
526 2655 604 2674 noter
627 2658 690 2681 que,
707 2650 774 2673 dans
797 2654 868 2673 cette
889 2650 978 2676 lettre,
995 2656 1058 2672 sans
1076 2649 1159 2672 doute
1183 2656 1230 2679 par
1253 2649 1324 2672 suite

317 2696 398 2719 d'une
420 2696 579 2725 negligence
598 2695 631 2718 de
652 2695 804 2723 redaction,
821 2694 945 2724 l‘eveque
965 2693 998 2717 de
1015 2693 1187 2723 Maguelone‚
1206 2693 1261 2716 l*un
1277 2692 1325 2716 des

318 2741 519 2767 destinataires,
536 2744 575 2763 est
593 2740 706 2769 designe
728 2746 775 2769 par
798 2740 836 2762 les
858 2739 1037 2768 expressions
1054 2739 1224 2761 venerabilis
1240 2740 1327 2766 frater·

319 2788 412 2808 1105101·
429 2803 443 2807 ..
461 2786 610 2813 episcopus
627 2785 844 2813 Mayalonensis,
866 2786 902 2811 et,
922 2783 982 2813 plus
1001 2783 1067 2810 loin,
1086 2784 1120 2805 ab
1137 2784 1233 2806 eodem
1251 2784 1325 2811 epis-

318 2836 397 2858 copo,
412 2836 516 2852 comme
528 2829 568 2852 s'il
580 2835 613 2852 ne
625 2828 734 2858 figurait
749 2835 796 2858 pas
808 2827 869 2857 deja
882 2827 950 2850 dans
961 2827 1104 2854 l'adresse;
1117 2827 1185 2850 dans
1197 2827 1327 2851 l'adresse

319 2881 424 2897 comme
441 2874 507 2896 dans
523 2874 547 2896 10
564 2880 645 2903 corps
663 2873 696 2896 de
715 2873 740 2895 la
760 2873 850 2901 lettre,
869 2873 886 2895 il
906 2879 939 2896 ne
955 2875 1022 2902 peut
1037 2872 1118 2902 s'agir
1134 2878 1187 2902 que
1205 2872 1239 2895 de
1257 2871 1327 2895 Jean

320 2918 353 2941 de
368 2918 514 2947 Mondaur,
526 2918 630 2948 e'veque
647 2918 679 2941 de
693 2917 855 2948 Magnelone
867 2916 900 2940 de
917 2916 974 2940 1234
990 2916 1005 2939 {a
1022 2916 1090 2941 1247.

352 2962 373 2985 3.
392 2962 460 2985 Rea.
477 2962 515 2990 20,
533 2962 551 2985 f.
568 2962 596 2985 85
611 2966 647 2985 νο.

1397 371 1409 385 1)

1396 425 1409 438 1>

1397 478 1409 492 ))

1397 530 1410 544 Ἰ)

1399 585 1410 597 1)

1399 636 1410 650 1)

1399 690 1409 703 ))

1398 743 1410 756 ))

1398 795 1410 808 )1

1398 848 1410 862 ))

1399 901 1411 914 J)

1399 955 1412 968 J)

1400 1008 1412 1020 ))

1400 1060 1412 1074 ))

1400 1114 1412 1126 ))

1401 1166 1412 1179 ))

1401 1218 1413 1232 ὶ)

1401 1271 1414 1286 ))

1402 1325 1414 1338 ))

1402 1378 1407 1391 )

1401 1430 1414 1444 ))

1402 1484 1414 1497 ))

1401 1536 1415 1550 ))

1403 1589 1415 1602 ))

1403 1642 1415 1655 ))

1404 1695 1416 1708 ))

1404 1749 1416 1762 ))

1404 1802 1416 1816 ))

1405 1856 1417 1869 ))

1405 1909 1417 1922 ))

1405 1962 1417 1976 Υ)

1406 2015 1418 2028 i)

1406 2068 1418 2081 ))

1406 2120 1418 2133 ))

1406 2173 1418 2186 5)

1406 2226 1418 2239 B

1407 2279 1419 2293 ))

1406 2331 1419 2346 1)

1408 2385 1419 2398 1)

1407 2438 1420 2452 D

1408 2491 1420 2505 ))

1408 2544 1421 2558 ))

1409 2596 1421 2610 ))

1410 2649 1422 2663 ))

1410 2702 1422 2715 ))

1410 2755 1423 2769 Ἰ)

1411 2808 1424 2821 ))

1412 2861 1424 2874 D

2347 295 2403 326 536

1435 360 1581 390 nationis
1604 361 1752 400 ejusdem
1772 361 1966 391 M0CC0XL0.
1991 361 2087 390 nonis
2109 361 2311 391 novembris.
2330 363 2407 392 Pre-

1435 414 1539 443 sentis
1551 414 1665 452 scripti
1679 414 1764 444 serie
1783 414 1824 443 sit
1835 414 1990 444 omnibus
2003 419 2067 444 tam
2081 415 2291 452 presentibus
2306 424 2404 454 quam

1438 466 1558 496 futuris
1570 466 1764 496 hominibus
1774 467 2000 501 manifestum,
2014 467 2100 505 quod
2113 476 2171 496 nos
2180 466 2352 497 ,Iohannes
2366 468 2404 497 de

1436 519 1546 548 Monte
1563 519 1679 548 Lauro.
1694 519 1807 548 divina
1822 519 2036 549 miseratione
2054 519 2301 557 Magalonensis
2318 520 2406 558 epis-

1435 580 1551 609 copus.
1581 572 1832 601 considerantes
1855 572 2093 607 dissensiones,
2119 573 2348 602 contentiones
2376 578 2406 602 et

1437 624 1523 654 rixas
1537 634 1608 663 quc,
1628 625 1804 654 transactis
1820 624 2034 662 temporibus,
2049 629 2247 662 suggerente
2262 625 2403 660 diabolo,

1436 678 1628 716 frequenter
1658 682 1768 707 exorte
1802 678 1935 707 fuerant
1966 677 2054 707 inter
2084 677 2257 707 ecclesiam
2293 678 2406 708 Sancti

1437 730 1577 759 Firmini
1594 730 1633 760 (10
1653 731 1762 760 Monte
1783 729 1978 760 Pessulano.
1997 739 2034 760 ex
2049 739 2116 759 una
2133 735 2233 768 parte,
2254 735 2283 760 et
2301 730 2406 760 eccle-

1436 783 1520 812 siam
1538 783 1637 813 Beate
1655 783 1758 812 Marie
1771 783 1809 813 de
1823 782 1971 812 Tabulis.
1987 783 2133 822 ejusdem
2148 783 2221 817 loci.
2238 792 2274 813 ex
2290 783 2402 817 altera.

1437 835 1584 865 volentes
1601 835 1678 865 huic
1702 836 1814 865 morbo
1831 835 2014 865 remedium
2031 835 2198 871 adhihere,
2218 841 2253 865 ut
2268 836 2407 866 materia

1437 888 1586 918 scandali
1600 889 1733 926 penitus
1750 889 1869 918 evitari
1884 888 1991 918 valeat
2007 889 2042 918 in
2058 889 2220 923 futurum,
2239 889 2408 919 attenden-

1438 947 1486 972 tes
1503 942 1602 972 etiam
1619 951 1656 971 ex
1674 942 1840 980 proposito
1860 947 1973 972 nostro
1990 951 2055 972 non
2071 942 2177 972 solum
2194 943 2327 981 utrique
2339 952 2409 980 pre-

1437 995 1599 1024 dictarum
1627 994 1856 1028 ecclesiarum,
1882 995 1939 1025 sed
1964 995 2064 1025 etiam
2089 995 2148 1024 toti
2178 995 2408 1033 Magalonensi

1439 1047 1577 1077 ecclesie
1601 1047 1781 1077 utilitatem
1802 1057 1867 1077 non
1891 1048 2053 1078 modicam
2077 1048 2268 1083 imminere,
2295 1048 2409 1078 habita

1439 1100 1607 1130 voluntate
1627 1110 1663 1130 ac
1678 1100 1820 1130 consilio
1836 1105 1867 1130 et
1888 1110 2053 1131 consensu
2074 1101 2214 1138 Sicardi,
2237 1102 2406 1140 prepositi,

1439 1158 1469 1182 et
1484 1153 1620 1191 capituli
1637 1153 1895 1191 Magalonansis,
1910 1153 2085 1184 ecclesiam
2097 1154 2278 1192 predictam
2291 1155 2410 1185 Sancte

1440 1206 1543 1236 Mario
1568 1206 1606 1235 de
1625 1206 1761 1236 Tabulis
1783 1206 1922 1237 ecclesie
1947 1207 2060 1237 Sancti
2077 1207 2219 1237 Firmini
2236 1207 2411 1246 conjungi-

1439 1269 1524 1289 mus.
1544 1260 1774 1290 connectimus
1790 1266 1821 1290 et
1837 1260 1984 1301 unimus,
1998 1261 2045 1290 ita
2062 1261 2149 1299 quod
2165 1261 2203 1291 de
2219 1265 2329 1290 cetero
2340 1269 2410 1290 om-

1440 1313 1496 1342 nia
1522 1313 1587 1342 sint
1616 1313 1664 1342 eis
1690 1313 1892 1347 communia,
1914 1318 1946 1343 et
1972 1313 2028 1343 ille
2050 1314 2107 1352 qui
2134 1322 2222 1343 nunc
2247 1313 2337 1351 prior
2361 1318 2411 1343 est

1436 1366 1594 1404 jamdicte
1611 1365 1750 1396 ecclesie
1765 1367 1879 1396 Sancti
1891 1366 2044 1396 Firmini.
2058 1366 2109 1396 vel
2122 1367 2180 1405 qui
2192 1375 2249 1405 pro
2267 1371 2411 1404 tempore

1440 1419 1552 1448 fuerit.
1575 1419 1617 1448 sit
1642 1427 1771 1448 exnunc
1794 1425 1952 1457 perpetuo
1982 1419 2072 1457 prior
2102 1419 2241 1450 ecclesie
2266 1419 2412 1457 predicte

1440 1472 1540 1501 Beate
1558 1472 1662 1501 Mai-ie
1680 1472 1718 1501 de
1735 1472 1882 1508 Tabulis,
1905 1481 1993 1502 nunc
2010 1473 2171 1507 vacantis.
2191 1472 2412 1510 precipientes

1440 1524 1561 1554 dictam
1579 1524 1738 1554 unionem
1757 1525 1926 1563 perpetuis
1949 1525 2152 1563 temporibus
2171 1525 2342 1555 observari
2360 1525 2413 1554 in-

1441 1577 1630 1607 violabilem
1649 1583 1680 1607 et
1703 1577 1886 1611 immotam,
1906 1582 2098 1607 revocantes
2119 1587 2177 1607 seu
2194 1577 2414 1608 dissolventes

1441 1630 1599 1659 unionem
1633 1638 1696 1668 (1110
1730 1630 1836 1659 fuerat
1867 1630 2042 1660 observata
2071 1640 2176 1669 usque
2211 1631 2251 1659 ad
2278 1639 2414 1669 presens

1442 1688 1583 1722 tempus.
1611 1683 1699 1713 inter
1728 1683 1849 1713 dictam
1875 1683 2050 1713 ecclesiam
2076 1684 2188 1713 Sancti
2215 1684 2356 1713 Firmini
2385 1688 2413 1713 et

1442 1736 1642 1776 [ecclesiam]
1663 1736 1701 1766 de
1720 1737 1909 1771 ι1011101000,
1928 1737 1987 1774 [ita
2008 1737 2106 1776 quod]
2131 1737 2236 1767 nichil
2259 1736 2414 1775 deinceps

1442 1798 1616 1820 commune
1642 1789 1786 1819 habeant
1815 1789 1855 1819 ad
1880 1789 2036 1823 invicem,
2064 1790 2121 1820 sed
2151 1790 2292 1820 ecclesia
2321 1790 2417 1820 Beati

1444 1843 1586 1873 Firmini
1606 1843 1754 1881 predicta
1771 1852 1844 1872 cum
1871 1843 1958 1873 dicta
1979 1843 2119 1873 ecclesia
2137 1844 2236 1873 Beate
2253 1843 2358 1873 Marte
2377 1842 2416 1873 de

1442 1896 1579 1926 Tabulis
1593 1896 1635 1926 sit
1652 1900 1754 1926 unus¹
1774 1896 1812 1926 de
1832 1900 1941 1926 cetero
1957 1896 2135 1934 prioratus.
2154 1901 2185 1926 et
2203 1896 2350 1934 predicta
2367 1905 2416 1926 ec—

1444 1949 1545 1979 clesia
1562 1949 1600 1978 de
1623 1949 1801 1980 tluviniaco
1818 1949 1861 1979 sit
1885 1957 1941 1987 per
1967 1958 2001 1979 se
2019 1949 2175 1979 similiter
2195 1958 2269 1978 cum
2290 1948 2414 1987 capella

1445 2002 1558 2032 Sancti
1574 2001 1738 2031 willelmi
1756 2001 1794 2031 de
1812 2002 1923 2032 Monte
1939 2001 2121 2032 Pessulano
2133 2001 2219 2031 alius
2232 2002 2414 2039 prioratus.

1444 2064 1542 2094 quam
1566 2054 1694 2084 scilicet
1717 2054 1888 2092 capellam.
1914 2064 1988 2084 cum
2011 2055 2166 2084 omnibus
2188 2055 2322 2094 juribus
2345 2055 2416 2085 suis

1444 2117 1480 2137 ac
1506 2107 1731 2145 pertinentiis.
1754 2107 1861 2137 eidem
1885 2107 2025 2138 ecclesie
2050 2108 2089 2138 de
2111 2108 2288 2138 Juviniaco
2311 2109 2415 2138 simili

1444 2161 1540 2190 modo
1563 2160 1797 2199 conjungimus
1825 2166 1857 2190 et
1880 2161 2026 2190 unimus.
2057 2162 2211 2191 Preterea
2240 2161 2415 2191 ecclesiam

1445 2214 1564 2244 Sancte
1591 2213 1682 2243 Fidis
1710 2213 1748 2243 de
1777 2214 1886 2243 Monte
1915 2213 2098 2244 Pessulano
2125 2219 2156 2244 et
2183 2214 2296 2244 domos
2321 2215 2415 2253 Juxta

1445 2275 1516 2296 eam
1535 2266 1671 2304 positas.
1687 2275 1770 2304 quas
1787 2266 1919 2296 tenebat
1935 2266 2024 2304 prior
2041 2266 2180 2297 ecclesie
2195 2267 2295 2297 Beate
2311 2267 2415 2297 Mai-ie

1445 2319 1483 2349 de
1507 2319 1644 2348 Tabulis
1671 2319 1848 2357 sepedicte.
1874 2319 2026 2349 volumus
2048 2323 2079 2350 et
2100 2319 2304 2358 precipimus
2329 2319 2417 2358 quod

1445 2372 1565 2402 habeat
1582 2377 1611 2402 et
1631 2377 1741 2402 teneat.
1759 2372 1797 2402 de
1814 2377 1923 2402 cetero
1946 2372 2194 2410 Magalonensis
2216 2373 2415 2411 prepositus,

1445 2430 1475 2456 et
1502 2425 1572 2464 ejus
1596 2434 1654 2463 pro
1681 2430 1825 2463 tempore
1847 2434 2069 2456 successores.
2094 2427 2177 2455 Acta
2198 2426 2334 2456 fuerunt
2356 2425 2417 2456 hec

1446 2479 1558 2508 onmia
1569 2478 1700 2516 publice
1713 2483 1744 2508 et
1756 2478 2204 2517 sollempniterMagalon[e]‚
2214 2479 2248 2508 in
2261 2478 2417 2517 capitulo,

1446 2531 1658 2570 presentibus
1684 2536 1714 2561 et
1741 2532 1924 2569 expressim
1945 2531 2233 2561 consentientibus
2256 2541 2262 2560 :
2285 2531 2418 2561 domino

1448 2584 1595 2617 Sic-ardo,
1615 2584 1782 2622 preposito
1803 2584 2044 2622 Magalonensi.
2069 2593 2126 2622 pro
2147 2593 2182 2614 se
2205 2589 2237 2615 et
2259 2585 2419 2622 magistro

1449 2638 1556 2666 Petro.
1583 2637 1785 2672 intirmari03
1812 2637 1933 2673 Bricio,
1958 2637 2067 2675 priore
2090 2637 2128 2667 de
2152 2637 2311 2672 Lundris;
2338 2638 2419 2667 Ber-

1449 2690 1562 2723 nardo,
1591 2690 1700 2727 priore
1725 2689 1763 2720 de
1786 2689 1928 2724 Niheut3
1955 2689 2112 2724 Deodato,
2139 2690 2279 2719 sacrista
2306 2690 2420 2720 Sancti

1449 2743 1610 2772 Firmini:
1644 2743 1819 2772 Gurrando
1851 2743 1891 2773 de
1920 2743 2054 2777 Mauso.
2088 2743 2260 2773 XVillelmo
2296 2744 2418 2773 Bren..

1450 2795 1657 2834 presbiteris.
1676 2796 1733 2834 qui
1754 2796 1860 2826 eidem
1886 2796 2018 2826 domino
2036 2796 2213 2834 preposito,
2235 2800 2330 2834 prout
2350 2796 2420 2834 ipse

1451 2848 1591 2883 dicebat.
1611 2848 1818 2879 contulerant
1839 2849 1928 2879 vices
1944 2858 2037 2884 suas3
2061 2849 2233 2885 Michaele,
2254 2850 2421 2879 archidia-

1444 2963 1464 2986 1.
1483 2964 1532 2985 Ms.
1549 2969 1557 2985 .·
1574 2962 1666 2987 unius.
