2553 3526
267 308 324 338 :3:35
996 300 1232 332 sneisTnEs
1256 299 1310 327 DE
1333 290 1555 328 GREGOIRE
1580 300 1635 328 ix.
2306 299 2364 329 33ss

268 378 330 409 ojus
346 376 558 410 praejudicium
578 373 748 400 invenerint
764 376 955 399 attentatum,
966 371 995 396 in
1011 373 1120 395 statum
1139 367 1271 393 debitum

270 430 416 452 revocent.
434 440 464 442 —
481 425 567 455 (llam.
585 424 628 450 20.
648 424 666 448 1'.
685 422 716 447 33
734 424 778 450 v⁰;
796 429 865 446 ann.
884 420 966 448 xlv,
984 428 1007 444 c.
1028 418 1100 447 187.)

310 547 321 559 «
344 557 362 561 ,.
381 534 480 560 abbati
494 532 713 569 Apostolorum.
732 534 756 557 e!
780 529 818 556 11'.
838 529 871 556 (lc
884 524 1110 563 ('‹1.s·111›1yiiol[a]
1128 530 1153 553 (Ἰ
1172 525 1272 553 Μαίη-

269 588 351 622 [mla
375 587 407 613 11(Ι
430 584 603 623 (“ω’;ιι]ι[υ].
631 584 789 612 canonicis
814 582 998 610 ,isis-nsihfus.
1029 578 1146 608 Dilecti
1173 577 1234 606 tilii
1253 600 1272 605 ..

270 640 363 668 electi
384 656 429 666 —.
450 640 520 667 Dat.
542 636 707 667 Laterani,
726 639 760 664 ut
775 644 888 672 supra.
914 646 925 659 ›>

339 835 456 865 5329

305 899 413 925 Abbati
441 898 544 924 Sancti
566 897 706 929 Galeani,
731 897 913 922 xvlitterariae
938 894 1089 923 dioecesis,
1114 892 1217 918 scribit
1242 891 1277 917 de

771 834 889 860 Latran.
908 832 939 858 13
956 830 1110 857 decembre
1126 829 1203 856 1240.

270 950 314 976 (3.,
337 957 411 981 quae
432 955 482 980 pro
499 946 658 977 abbatissa,
678 949 703 971 et
727 945 773 974 Β,,
794 944 923 977 ejusden]
947 944 979 970 (T.
1005 950 1111 971 surore,
1133 949 1206 974 quae
1227 948 1277 974 pre

270 997 406 1031 priorissa
432 1006 460 1022 sc
484 996 623 1029 gerebant
644 993 815 1020 monasterii
839 994 965 1019 Sanctae
988 991 1102 1017 Mariae
1128 989 1277 1020 Magdalu}-

271 1055 324 1072 nae
352 1046 380 1071 in
406 1045 550 1073 Collibus.
572 1044 708 1070 Lucanae
731 1042 883 1069 dioecesis.
910 1041 993 1074 eujus
1017 1038 1188 1065 monasterii
1216 1046 1277 1063 ino-

271 1095 373 1122 niales.
394 1096 548 1127 sequentes
566 1092 722 1119 consilium
744 1100 760 1117 a
780 1090 939 1123 Raynerio,
962 1091 1088 1115 Sanctae
1110 1087 1223 1114 Mariae
1247 1086 1276 1112 in

270 1143 423 1170 Cosniidin
446 1142 568 1168 diacono
594 1140 754 1168 cardinali,
779 1139 821 1165 eis
850 1139 967 1169 datum,
996 1137 1168 1167 debuerant,
1194 1136 1277 1168 juxta

271 1191 495 1225 promissionem
519 1198 604 1223 quam
629 1191 769 1216 fecerant,
787 1188 920 1213 ordinem
947 1185 1173 1213 Cistereiensem
1196 1193 1278 1210 assu-

272 1248 363 1271 inere;
377 1240 402 1266 ei
417 1239 538 1265 mandat
553 1240 698 1271 quatenus
711 1238 857 1271 }‘›raet'atas
870 1236 902 1263 C.
917 1238 944 1261 et
958 1234 1130 1263 13.,‹tietum
1144 1233 1276 1259 ordinem

271 1290 399 1323 recipcre
423 1290 590 1314 recusantes
619 1290 647 1313 et
676 1287 706 1313 in
733 1285 874 1311 nefandos
898 1293 1032 1310 excessus
1061 1284 1220 1317 prolapsas,
1242 1283 1278 1308 ad

270 1338 413 1371 agendam
433 1339 603 1370 perpetuam
626 1334 841 1369 paenitentiam
862 1333 891 1359 in
913 1333 1012 1366 aliquo
1030 1331 1187 1358 reclusorio
1203 1339 1279 1357 coni—

272 1389 378 1421 pellat·;
400 1387 468 1412 illas
489 1394 562 1419 quae
584 1384 743 1418 praedictis
764 1384 796 1410 C.
825 1386 852 1409 et
875 1383 908 1408 B.
935 1381 1135 1411 adhaeserint,
1157 1380 1279 1406 inducat

271 1440 301 1462 ut
322 1435 506 1470 pram‘lietum
528 1433 660 1459 ordinem
684 1432 923 1462 Cistercienseni,
947 1431 1029 1463 juxta
1053 1429 1277 1463 proiiiissi‹›11e1ii

270 1494 365 1512 suani.
379 1484 560 1517 suscipiant3
579 1490 660 1515 quas,
676 1481 700 1507 si
718 1481 811 1514 ipsius
827 1480 942 1506 abbatis
958 1479 1079 1505 monitis
1095 1478 1280 1511 acquiescere

272 1533 431 1563 noluerint,
454 1532 482 1558 in
510 1530 697 1557 monasteriis
717 1529 830 1555 ordinis
851 1528 946 1554 sancti
969 1527 1124 1554 Benedicti
1146 1527 1278 1552 collocet.

270 1583 406 1614 ἶ(11116.
426 1581 470 1609 20,
487 1582 505 1606 f.
520 1580 552 1606 33
570 1586 600 1605 νῦ
613 1587 618 1611 ;
633 1588 703 1605 ann.
719 1579 801 1610 XIV,
820 1578 932 1607 (2188.)

314 1702 326 1716 (ι
349 1713 367 1718 ..
386 1690 486 1717 abbati
503 1688 608 1716 Sam-ti
629 1687 770 1723 Galyani,
795 1686 953 1713 l'ulleraue
975 1684 1110 1712 diocesis.
1129 1682 1211 1712 Cum
1229 1691 1281 1711 so-

273 1752 363 1772 rores
380 1741 573 1771 monasterii
591 1741 710 1770 Sancte
727 1738 831 1768 Marie
857 1736 1048 1773 Magdalene
1068 1736 1102 1764 in
1120 1735 1277 1765 Collibus.

276 1798 404 1826 Lucane
422 1794 575 1824 diocesis.
601 1792 691 1823 olim,
717 1792 802 1821 sicut
821 1790 1018 1828 accepimusv
1048 1793 1174 1818 certum
1193 1788 1282 1818 ordi-

274 1858 348 1879 nem
369 1857 433 1877 non
458 1847 628 1880 habentes,
654 1845 693 1874 ad
713 1845 861 1873 diversos
880 1843 1013 1872 babitus
1031 1842 1148 1871 divisis
1166 1841 1282 1871 volun-

275 1902 397 1931 tatibus
424 1900 606 1931 anelarent,
630 1898 774 1931 tandem,
801 1898 836 1926 C.
860 1895 1050 1929 inonialei'u,
1077 1904 1139 1933 que
1166 1904 1199 1924 se
1226 1903 1283 1932 pro

274 1955 443 1985 abbatissa
468 1953 601 1991 gei'elsstat
626 1960 751 1983 earum,
776 1959 848 1980 cum
870 1959 936 1979 una
957 1949 994 1978 de
1019 1948 1189 1978 sororibus
1213 1948 1283 1977 suis

275 2010 314 2038 ad
337 2008 455 2037 Sedem
480 2005 702 2044 Apostolicam
730 2003 948 2034 destinantes,
974 2002 1003 2031 ei
1030 2006 1103 2031 voto
1132 2001 1283 2030 unanimi

274 2062 511 2092 commiserunt
525 2064 570 2088 ut.
586 2059 733 2096 ipsarum
747 2057 891 2089 nominc,
906 2056 943 2085 de
954 2055 1069 2084 ordine
1085 2054 1284 2083 assumendo

275 2125 309 2145 se
344 2114 470 2153 precise
501 2112 745 2142 committerent
776 2109 914 2139 arbitrio
946 2108 1058 2137 dilecti
1088 2107 1148 2136 tilii
1180 2107 1284 2136 nostri

276 2166 463 2207 R[ainerii].
481 2168 600 2195 Sancte
618 2164 720 2193 Marie
737 2163 771 2192 in
793 2162 963 2193 Cosmidin
985 2161 1115 2190 diaconi
1132 2161 1283 2190 cardina-

276 2221 328 2251 lis.
354 2221 425 2257 Quo
444 2219 512 2248 illis
536 2218 669 2256 provide
687 2217 784 2246 dante
801 2215 977 2245 consilium
996 2219 1027 2243 ut
1045 2214 1193 2243 ordinem
1212 2213 1285 2243 Cis-

277 2275 474 2304 terciensem
499 2272 717 2309 susciperent.
742 2274 773 2299 et
797 2269 927 2298 tandem
959 2268 1040 2305 ipsis
1063 2267 1203 2297 eundem
1230 2275 1286 2296 su-

277 2337 366 2358 mere
391 2325 611 2356 communiter
630 2322 911 2362 promittentibus,
939 2326 1034 2359 prout
1057 2320 1228 2350 dicebatur
1251 2321 1284 2349 in

277 2382 499 2411 instrumento
518 2378 649 2416 publico
670 2377 819 2406 confecto
837 2375 955 2405 exinde
976 2374 1150 2405 contineri,
1171 2383 1206 2403 ac
1221 2373 1286 2403 eis-

277 2435 362 2469 dem,
381 2433 420 2463 ad
436 2432 630 2470 petitionem
648 2430 807 2468 ipsarum,
831 2438 849 2458 a
873 2428 967 2457 nobis
989 2436 1145 2457 concesso
1169 2431 1204 2456 ut
1226 2426 1287 2456 hoc

1024 2481 1151 2518 prefata
1166 2479 1213 2514 C.,
1235 2480 1287 2508 in-

280 2540 408 2570 tellecto
432 2538 518 2577 quod
541 2537 606 2566 alia
630 2536 769 2565 debebat
793 2535 826 2564 111
851 2534 1054 2563 abbatissam
1072 2533 1184 2571 pretici
1201 2533 1288 2572 jam-

277 2486 421 2516 faciendi
444 2485 605 2514 haberent
622 2483 762 2513 liberam
782 2481 971 2511 facultatem
995 2491 1000 2509 :

279 2594 364 2622 dicto
381 2591 592 2623 monasterio,
611 2599 667 2627 per
684 2588 823 2618 eundem
839 2588 988 2617 ordinem
1006 2587 1194 2621 reformato,
1216 2586 1288 2624 ipsa

280 2656 353 2676 cum
378 2654 493 2674 novem
521 2644 596 2673 aliis
624 2652 660 2672 ex
687 2642 825 2680 prefatis
853 2640 1035 2674 sororibus,
1065 2648 1146 2678 quas
1172 2639 1289 2677 iniqua

280 2699 492 2737 suggestione
517 2696 658 2727 seduxit,
681 2695 826 2732 recipere
845 2694 969 2723 dictum
988 2693 1138 2723 ordinem
1155 2701 1288 2721 recusa-

280 2753 334 2782 vit.
356 2752 401 2781 ita
417 2760 449 2780 se
468 2750 507 2779 ad
524 2749 656 2778 illarum
673 2757 735 2786 que
751 2751 967 2785 susceperunt
985 2746 1136 2780 eundem,
1156 2753 1289 2774 conver-

282 2811 354 2835 tens
370 2803 597 2843 injtiriosam1,
619 2801 716 2840 quod,
740 2800 846 2830 tribus
868 2809 903 2829 ex
926 2800 974 2829 eis
995 2799 1111 2828 habitu
1128 2797 1290 2827 violenter

280 2858 400 2891 ablato,
428 2861 554 2886 ceteras
577 2864 633 2893 per
658 2860 728 2884 octo
754 2854 824 2883 dies
850 2852 1007 2891 compulit
1023 2853 1056 2881 in
1076 2857 1163 2881 terra
1181 2859 1290 2881 come-

315 2992 336 3015 t.
353 2993 401 3015 Ms.
420 2999 425 3013 :
443 2990 566 3020 injurias.

1356 364 1443 397 dere,
1462 364 1639 394 interdicta
1660 365 1707 395 eis
1730 374 1785 403 per
1803 374 1950 395 mensem
1967 366 2137 396 audientia
2153 366 2360 401 divinoi·uni;

1356 417 1477 455 ‹piibus
1495 419 1700 455 postmodum
1718 420 1890 457 ymagines
1906 424 1936 449 et
1949 428 2063 449 cruces
2080 429 2116 449 ac
2134 419 2236 449 libros
2253 424 2284 449 et
2307 428 2365 456 ap-

1358 475 1507 507 paratum
1534 471 1648 500 altaris
1676 472 1806 501 auferre
1831 473 2046 510 presumpsit,
2079 481 2133 502 eas
2162 472 2261 507 nulli,
2299 472 2367 501 nisi

1358 523 1478 561 quibus
1509 524 1580 562 ipsa
1609 525 1747 558 volebat,
1776 525 1866 563 loqui
1900 525 1950 554 vel
1979 526 2129 555 confiteri
2156 526 2362 563 permittens.

1359 577 1555 615 Accepimus
1573 578 1710 616 insuper
1729 578 1815 616 quod
1835 578 1920 607 dicta
1940 578 1975 608 C.
1994 582 2024 607 et
2041 579 2091 612 R,
2111 587 2202 607 soror
2217 587 2287 607 sua.
2302 587 2366 616 que

1358 639 1392 659 se
1410 639 1466 667 pro
1479 630 1584 668 ipsius
1602 631 1965 668 monasteriipriorissa
1981 631 2125 668 gerebat.
2139 631 2366 660 confessiones

1359 691 1508 712 sororum
1534 684 1694 714 omnium.
1719 688 1750 713 et
1767 684 1998 721 religiosorum
2017 684 2074 722 qui
2097 684 2310 713 morabantur
2331 684 2365 712 in

1360 737 1561 766 monasterio
1589 737 1659 775 ipso
1681 742 1756 767 ante
1784 737 2029 775 susceptionem
2053 737 2199 776 ejusdem
2225 737 2364 766 ordinis.

1361 788 1554 818 audiebant.
1587 790 1736 828 injuncto
1759 791 1806 820 eis
1833 795 1878 823 ut,
1906 791 1932 820 si
1957 790 2135 828 aliquando
2162 789 2283 819 vellent
2310 789 2367 819 alii

1360 842 1522 872 contiteri,
1550 843 1649 872 istum
1680 844 1904 873 tantummodo
1928 843 2149 873 confessionis
2171 843 2303 872 modum
2329 843 2367 871 de

1361 895 1431 923 suis
1458 895 1613 924 omnibus
1647 897 1788 933 peccatis
1816 896 1994 928 haherent,
2026 896 2179 925 videlicet
2214 906 2219 924 :
2252 909 2263 921 ι(
2296 896 2366 925 Mea

1364 960 1375 973 »
1401 947 1506 985 culpa.
1526 949 1603 986 quia
1622 958 1680 978 nec
1697 949 1900 979 abbatissam
1919 959 1976 979 nec
1994 949 2187 987 priorissam
2201 957 2305 978 meam
2324 948 2369 977 di-

1365 1014 1375 1026 »
1401 1001 1477 1037 ligo.
1495 1006 1535 1033 et.
1556 1002 1603 1031 eis
1622 1003 1841 1032 reverentiam
1862 1003 2005 1032 debitam
2026 1012 2089 1032 non
2109 1003 2313 1041 impendens,
2334 1002 2369 1030 in

1364 1067 1375 1080 n
1401 1055 1492 1085 horis
1509 1056 1679 1085 canonicis
1700 1056 1907 1093 diligentiam
1929 1065 1992 1086 non
2013 1057 2153 1086 servavi.
2181 1068 2192 1082 n
2216 1057 2370 1085 Preterea

1362 1108 1444 1146 ipsa,
1465 1109 1550 1147 quod
1575 1113 1623 1138 est
1649 1109 1818 1139 enormius
1835 1114 1865 1139 et
1882 1109 1995 1139 auditu
2014 1109 2185 1144 horribile,
2203 1109 2369 1138 interdum

1362 1166 1495 1199 peccata
1518 1162 1581 1191 sibi
1603 1162 1843 1196 confitentium,
1864 1163 1992 1192 cunctis
2014 1163 2183 1192 sororibus
2205 1163 2370 1192 audienti-

1363 1214 1433 1248 bus,
1454 1214 1716 1252 improperabat¹
1735 1215 1858 1244 eisdem
1878 1219 1908 1244 et
1928 1215 1962 1244 111
1984 1215 2213 1245 confusionem
2238 1215 2370 1244 illarum

1363 1267 1541 1305 aliquando
1558 1268 1762 1305 liubin-abac
1783 1273 1823 1303 et,
1840 1269 1925 1298 sicut
1943 1273 2019 1297 tunc
2033 1269 2163 1298 easdem
2177 1268 2371 1298 verberibus

1364 1321 1538 1358 affligebat.
1557 1322 1603 1351 sic
1622 1327 1652 1351 et
1668 1322 1762 1351 modo
1779 1322 1923 1359 ailligere
1941 1332 2005 1351 non
2024 1327 2165 1356 veretur,
2183 1331 2250 1351 una
2268 1331 2304 1351 ex
2323 1322 2371 1351 eis

1364 1378 1540 1412 antequam
1559 1375 1731 1413 prescripti
1756 1375 1883 1405 ordinis
1900 1376 2055 1405 instituta
2071 1376 2290 1414 susciperent,
2315 1384 2373 1413 per

1363 1427 1510 1465 ejusdem
1530 1428 1687 1465 priorisse
1710 1428 1846 1458 verbera
1866 1429 2051 1467 expirante3
2073 1438 2154 1467 quas
2171 1428 2317 1466 predicta
2333 1428 2368 1458 C.

1364 1490 1439 1518 sepe
1463 1481 1548 1510 fame
1575 1481 1679 1510 nimia
1704 1482 1874 1515 cruciavit,
1903 1482 2102 1512 elemosinas
2127 1482 2223 1511 vendi
2244 1482 2372 1511 faciens

1364 1534 1471 1563 eidem
1492 1535 1693 1563 monasterio
1714 1544 1770 1572 pro
1793 1535 1936 1564 utilitate
1960 1536 2126 1565 communi
2150 1541 2299 1573 erogatas
2320 1536 2372 1564 in-

1366 1588 1451 1617 tuitu
1473 1588 1616 1625 pietatis,
1650 1588 1777 1617 duabus
1805 1588 1948 1617 infirmis
1977 1597 2013 1618 ex
2039 1589 2164 1618 eisdem
2190 1589 2372 1623 sororibus,

1365 1642 1487 1680 quibus
1503 1642 1616 1671 eadem
1633 1642 1669 1671 C.
1688 1646 1719 1670 et
1739 1641 1851 1671 lumen
1868 1641 1939 1670 dari
1956 1641 2126 1679 prohibuit
2143 1646 2173 1670 et
2190 1642 2374 1671 custodiam

1366 1695 1552 1732 denegavit,
1580 1694 1671 1723 nullo
1705 1694 1848 1724 vidente.
1880 1695 2102 1732 migrantibus
2135 1695 2172 1724 de
2202 1695 2262 1724 bac
2289 1695 2373 1725 luce.

1366 1748 1452 1784 Quid
1469 1747 1584 1785 plura?
1600 1747 1733 1779 Eadem,
1754 1756 1817 1776 non
1836 1752 1990 1777 contenta
2006 1749 2092 1786 quod
2108 1749 2181 1786 ipsa
2197 1753 2228 1778 et
2247 1749 2376 1786 prefata

1367 1810 1459 1830 soror
1476 1810 1533 1830 sua
1550 1800 1660 1838 plures
1678 1800 1760 1829 alias
1778 1810 1815 1830 ex
1832 1801 2002 1831 sororibus
2020 1802 2197 1840 sepedictis
2215 1811 2290 1840 sepe
2308 1802 2374 1831 fus-

1368 1854 1455 1883 tibus
1480 1858 1725 1892 percusserunt,
1755 1858 1785 1883 et
1811 1854 1896 1892 quod
1918 1854 2005 1884 dicta
2025 1854 2073 1888 C.,
2105 1855 2225 1893 spiritu
2252 1856 2376 1885 furoris

1367 1917 1513 1939 accensa.
1534 1907 1709 1946 qnamdam
1727 1916 1763 1936 ex
1782 1907 1829 1937 eis
1847 1907 1955 1945 gladio
1969 1907 2165 1943 vulneravit,
2185 1908 2376 1938 adherenti-

1367 1961 1427 1990 bus
1445 1961 1509 1990 sibi
1528 1960 1696 1998 probibuit
1709 1961 1795 1998 quod
1809 1961 1847 1990 de
1865 1960 2009 1990 violenta
2024 1962 2202 2000 injectione
2216 1971 2374 1991 manuum

1367 2015 1400 2043 in
1424 2023 1554 2043 sorores
1573 2014 1716 2044 easdem.
1742 2013 1841 2048 nulli,
1869 2019 2079 2053 preterquam
2098 2015 2172 2051 sihi,
2193 2015 2376 2045 confessio-

1368 2077 1442 2097 nem
1459 2068 1567 2097 sacere
1584 2071 1828 2104 attemptarent,
1843 2076 1861 2096 a
1877 2067 2004 2097 duabus
2019 2077 2056 2097 ex
2068 2068 2193 2097 eisdem
2206 2069 2376 2098 sororibus

1367 2121 1405 2150 de
1427 2120 1542 2149 stando
1569 2120 1732 2149 mandatis
1750 2120 1829 2155 suis,
1853 2121 2043 2159 juramento
2060 2121 2221 2151 violenter
2237 2127 2373 2151 extorto.

1367 2174 1502 2205 Verum,
1522 2182 1561 2202 ne
1578 2172 1771 2210 pestilentes
1784 2172 1986 2212 hujusmodi,
1999 2183 2062 2212 que
2076 2174 2215 2204 sathane
2229 2175 2377 2205 membra

1370 2231 1552 2256 noscuntur
1568 2226 1720 2261 existere,
1738 2226 1863 2256 Christi
1885 2236 2023 2264 sponsas
2043 2227 2090 2256 sic
2107 2228 2261 2266 persequi
2278 2233 2309 2257 et
2327 2234 2375 2258 at-

1370 2285 1474 2310 terere
1496 2279 1714 2316 gratulentur,
1738 2279 1934 2309 mandamus
1958 2284 2132 2318 quatenus,
2155 2281 2183 2310 si
2204 2281 2378 2319 premissis

1371 2334 1492 2363 veritas
1523 2333 1754 2370 suffragatur&
1783 2334 1946 2370 sepefatas
1974 2334 2009 2364 C.
2037 2338 2068 2363 et
2096 2343 2242 2364 sororem
2270 2344 2375 2369 suam,

1370 2396 1443 2425 que,
1468 2386 1662 2424 priusquam
1683 2386 1770 2416 idem
1793 2387 2031 2416 monasterium
2050 2387 2278 2422 intravissent,
2298 2388 2379 2417 alibi

1370 2439 1497 2470 recluse
1523 2439 1626 2469 fuisse
1649 2439 1815 2473 dicuntur,
1835 2439 1875 2468 ad
1898 2439 2058 2477 agendam
2077 2445 2267 2478 perpetuam
2285 2441 2380 2479 peni-

1371 2492 1507 2522 tentiam
1528 2492 1561 2521 in
1580 2492 1690 2530 aliquo
1708 2491 1889 2521 reclusorio
1905 2509 1942 2513 —-
1959 2492 2148 2530 compellas,
2170 2493 2322 2523 invocato
2339 2494 2379 2523 ad

1370 2545 1440 2580 boc,
1462 2545 1489 2574 si
1512 2554 1593 2583 opus
1616 2545 1724 2580 fuerit,
1748 2544 1871 2574 auxilio
1890 2545 2018 2574 brachii
2035 2545 2206 2575 secularis.
2224 2546 2378 2576 Ceterum

1371 2598 1446 2627 illas
1462 2607 1525 2636 que
1542 2598 1639 2627 dictis
1656 2597 1889 2636 pestilentibus
1906 2598 2119 2635 adheserunt,
2139 2603 2184 2634 ut,
2199 2600 2291 2638 juxta
2308 2609 2380 2638 pro-

1372 2651 1565 2680 missionem
1593 2660 1702 2685 suam,
1727 2650 1929 2689 sepedictum
1951 2651 2099 2682 ordinem
2122 2652 2378 2682 Cisterciensem

1372 2703 1572 2741 suscipiant,
1597 2703 1779 2733 secundum
1801 2703 1910 2733 datam
1936 2703 1996 2732 tibi
2021 2713 2039 2733 a
2062 2705 2129 2734 Deo
2154 2705 2376 2742 prudentiam,

1372 2756 1549 2794 diligenter
1574 2756 1728 2791 inducas,
1756 2756 1843 2794 quod
1869 2757 1896 2786 si
1919 2757 2054 2787 monitis
2078 2757 2143 2787 tuis
2167 2758 2378 2796 acquiescere

1373 2810 1456 2839 sorte
1475 2809 1653 2844 noluerint,
1673 2818 1727 2839 eas
1744 2809 1778 2838 in
1802 2809 1878 2839 aliis
1895 2810 2106 2840 monasteriis
2129 2811 2256 2840 ordinis
2273 2811 2380 2841 sancti

1406 2936 1426 2959 Ι.
1442 2937 1491 2959 Ms.
1508 2942 1516 2958 .·
1533 2935 1764 2966 improperabant.

1403 2979 1425 3004 2.
1442 2982 1490 3004 MS.
1509 2988 1515 3003 :
1531 2980 1725 3010 suffragantur.
