2553 3526
283 287 336 315 571
1011 275 1250 309 nsotsrnsss
1272 273 1326 303 DE
1349 266 1571 304 GREGOIRE
1594 276 1652 305 1x.
1701 286 1704 289 Δ
2199 258 2201 261 ’
2324 278 2381 307 572

286 364 320 383 se
341 353 441 382 fcrri¹
462 349 814 381 excommunicationis
831 347 1043 377 sententiam.
1068 345 1095 374 si
1116 344 1185 373 hec.
1206 342 1292 371 sicut

286 406 493 444 promiserat.
519 413 583 433 nou
607 402 758 440 impleret
781 411 787 429 :
811 400 978 429 nescimus
1003 406 1141 436 quorum
1168 396 1292 433 impro-

286 459 361 488 vido
373 468 453 487 usus
468 456 616 486 consilio.
631 455 680 483 vcl
696 454 804 492 potins
821 452 983 481 diabolica
997 451 1112 480 fraude
1124 449 1290 486 deceptus,

287 510 467 548 assumptis
483 508 680 547 quibusdam
694 506 829 544 prelatis
842 510 872 534 et
887 504 1050 533 militibus
1063 502 1188 540 paneis,
1202 499 1293 530 nulla

287 562 514 593 satisfactiuns¹
540 560 674 598 prestita
697 558 746 588 vel
770 557 977 587 absolutione
1002 559 1143 593 recepta.
1163 558 1293 592 portum

288 614 471 644 Brundusii
497 614 638 642 latenter
665 611 856 649 egrediens.
882 612 970 648 quo²
995 617 1052 646 pro
1082 611 1170 637 certo
1199 605 1290 640 ierit,

288 669 470 705 ignoratur.
495 667 528 695 Si
550 670 658 695 autem
681 665 726 694 ita
750 663 981 701 impotenter3.
1004 661 1049 690 ita
1070 659 1234 693 debiliter,
1259 658 1293 686 in

287 722 385 750 Terre
412 720 529 749 Sancte
556 718 743 748 subsidium
772 716 1012 748 transfretaret,
1036 711 1294 743 irremediabilis

289 774 440 803 confusio
457 777 543 802 esset
562 772 660 801 totius
680 770 791 809 populi
807 768 1004 802 Christiani,
1022 767 1112 806 quia,
1128 765 1220 794 illius
1237 773 1294 802 po-

291 826 403 856 tentia.
417 825 473 863 qui
491 834 545 862 pre
563 824 690 854 cunctis
707 822 910 853 Christianis
926 820 1133 859 principibus
1149 817 1296 847 creditur

290 888 362 908 esse
381 878 555 916 potentior.
575 877 660 915 apud
677 877 876 906 Sarracenos
894 872 1176 912 periculosissime
1196 870 1296 899 viles-

289 936 394 963 cente,
419 932 470 960 vix
497 935 584 960 esset
607 939 704 968 quem
731 930 768 959 de
792 929 921 958 cetero⁴
944 925 1172 957 formidarent,
1194 924 1296 952 immo

289 989 403 1014 contra
420 984 628 1014 Christianos
645 982 846 1012 insultarent
860 981 1016 1010 audacter
1032 983 1062 1008 et
1077 985 1192 1007 secure
1208 976 1295 1006 sevi-

290 1039 394 1067 rent⁵.
414 1038 451 1066 In
469 1040 564 1074 portu
581 1040 702 1065 autem.
721 1034 818 1073 paulo
835 1038 921 1067 ante,
937 1036 1059 1062 statuta
1074 1030 1177 1060 edidit
1193 1033 1223 1059 et
1241 1028 1297 1058 lit-

290 1096 377 1121 teras
399 1089 575 1119 destinavit
598 1089 638 1117 ad
654 1087 915 1126 impugnandum
936 1090 965 1115 et
988 1083 1217 1121 usurpandum
1240 1090 1297 1119 pa-

292 1143 482 1172 trimonium
510 1141 697 1180 Apostolice
726 1140 832 1174 Sedis,
857 1140 1125 1168 Beneventanam
1152 1134 1298 1165 obsideri

291 1197 418 1226 faciens
432 1196 611 1225 civitatem,
628 1203 691 1232 que
705 1197 753 1223 est
769 1192 915 1222 Ecclesie
932 1193 1079 1221 Romane
1097 1189 1214 1219 civitas
1228 1196 1298 1225 spe-

291 1248 398 1281 cialis,
421 1249 467 1277 ita
489 1247 598 1286 quod⁶
618 1246 703 1276 nulli
724 1246 896 1283 ingressus
916 1244 967 1274 vel
989 1251 1143 1280 egressus
1161 1244 1297 1279 pateret,

292 1306 323 1331 et
344 1302 401 1340 qui
422 1304 628 1338 caperentur,
645 1300 724 1338 Jugo
746 1302 857 1328 essent
878 1296 1049 1327 servitutis
1069 1294 1202 1324 addicti.
1222 1293 1299 1323 Suf-

290 1354 442 1392 fraganei
459 1362 588 1392 quoque
604 1352 749 1381 civitatis
766 1351 871 1389 ipsius
888 1350 928 1379 ad
947 1347 1207 1379 consecrationis
1226 1355 1300 1376 mu-

293 1418 356 1438 nus
373 1407 611 1445 recipiendum,
638 1405 732 1444 pueri
749 1405 789 1434 ad
808 1403 1034 1434 crisniandum
1056 1404 1108 1431 et⁷
1129 1401 1300 1438 litigantes

293 1462 333 1491 ad
351 1460 513 1499 judicium
538 1459 616 1488 illuc
638 1458 792 1487 accedere
814 1456 1042 1495 prohibentur.
1064 1455 1228 1488 Preterea,
1252 1453 1302 1482 fa-

293 1515 385 1544 ciens
410 1513 590 1543 excrcitum
617 1511 822 1548 congregari,
846 1513 1003 1547 occupato
1028 1507 1169 1546 quodam
1195 1510 1302 1536 castro

293 1567 440 1597 Ecclesie
458 1565 630 1594 violenter.
645 1564 796 1593 civitates
813 1567 843 1592 et
860 1562 977 1600 oppida
990 1570 1046 1599 per
1061 1559 1303 1590 Patrimonium

294 1625 325 1650 et
348 1620 503 1649 ducatum
527 1617 651 1656 Spoleti
676 1617 797 1647 litteris
823 1621 854 1646 et
878 1615 1073 1645 muneribus
1099 1612 1303 1651 dampnabili

294 1673 451 1703 aviditate
472 1671 655 1701 sollicitans
665 1673 687 1705 ⁸,
706 1669 867 1699 vassallos
883 1668 1029 1698 Ecclesie
1047 1667 1229 1696 terroribus
1249 1668 1304 1695 ac⁹

295 1726 468 1756 blanditiis
486 1725 525 1754 ad
546 1733 580 1754 se
597 1728 735 1753 conatur
754 1721 1006 1757 attrahet-‹1¹⁰,et
1026 1729 1042 1749 a
1064 1720 1126 1749 fide
1148 1728 1184 1748 ac
1205 1719 1303 1748 devo-

296 1780 384 1809 tione
402 1779 496 1808 Sedis
515 1777 702 1815 Apostolice
721 1784 885 1813 separare.
904 1775 1002 1804 Hec¹¹
1025 1778 1135 1803 autem
1154 1773 1228 1802 ideo
1246 1781 1303 1801 vo-

294 1834 346 1862 bis
363 1832 508 1862 breviter
527 1830 732 1863 nuntiamus,
748 1838 788 1858 ne
804 1827 890 1866 apud
907 1836 962 1857 vos
982 1827 1104 1856 veritas
1126 1825 1304 1855 mendatiis

295 1885 522 1915 obumbretur.
541 1883 634 1913 Nulli
652 1882 755 1919 igitur
773 1881 908 1910 omnino
929 1880 1083 1913 credatis,
1102 1879 1159 1918 qui
1180 1878 1302 1913 verbis,

296 1939 429 1976 scriptis
447 1938 531 1967 vel¹²
548 1936 676 1966 nuntiis
695 1935 873 1974 quicquam
895 1934 988 1963 vobis
1010 1938 1123 1962 contra,
1140 1932 1305 1970 prescrip-

296 1997 363 2021 tam
378 1994 567 2029 suggsereret
585 1990 769 2019 veritatem.
784 1988 862 2026 quia
880 1992 1037 2025 tanquam
1052 1985 1209 2015 salsitatis
1226 1984 1304 2021 figu-

296 2045 348 2074 lus
369 2049 453 2074 essct
473 2053 488 2072 a
506 2044 643 2072 veritate
661 2042 792 2080 penitus
810 2040 951 2070 alienus.
970 2039 1132 2075 Quocirca
1148 2037 1305 2067 fraterni-

299 2098 357 2128 tati
374 2102 480 2126 vcstre
500 2097 533 2125 in
550 2095 703 2124 virtute¹³
719 2093 907 2123 obedientie
924 2092 1072 2121 districte
1093 2090 1305 2128 precipiendo

299 2150 494 2179 mandamus
512 2148 681 2187 quatinus,
701 2146 759 2176 hec
779 2154 842 2184 que
859 2145 1022 2183 premissa
1039 2148 1128 2178 sunt,
1147 2142 1306 2180 singu1i¹⁴

331 2285 351 2308 1.
371 2284 439 2307 PER.
456 2281 627 2306 omis.ser1·t.

328 2329 351 2352 ⁶3.
371 2328 438 2351 PER.
456 2328 538 2349 omis.
555 2332 617 2355 quo.

330 2374 352 2396 3.
374 2372 440 2395 PER,
458 2372 622 2400 inpatcnter.

330 2418 352 2440 4.
371 2416 438 2439 Pisa.
453 2415 592 2438 decenter.

331 2463 352 2485 5.
372 2460 468 2484 S.-Pn.
486 2460 629 2482 servirent.

336 2507 344 2529 j

330 2551 343 2573 7

349 2523 353 2528 .
375 2506 440 2528 l'En.
458 2505 540 2527 omis.
558 2504 594 2525 ita
611 2501 694 2531 quod.

348 2568 354 2573 .
376 2550 441 2572 PER⁴
461 2550 543 2571 ontis.
562 2550 597 2570 et.

331 2595 352 2617 ὃ.
373 2593 465 2617 S.-PR,
483 2596 507 2615 et
524 2592 593 2615 Ron.
611 2591 750 2614 sollicitat.

332 2640 354 2661 ti.
375 2637 469 2661 S.-l’n.
487 2640 513 2659 et
532 2636 601 2659 Ron.
619 2638 653 2657 et.

334 2682 369 2706 10.
390 2681 483 2704 Sel‘ti.
501 2683 527 2703 et
544 2679 613 2702 Bon,
631 2679 663 2701 ad
679 2685 707 2701 se
724 2678 814 2700 nitens
830 2677 977 2700 attrahere.

334 2727 369 2749 tt.
390 2725 484 2748 Sapit.
502 2727 527 2746 et
545 2723 614 2746 Ron.
632 2723 700 2745 Hoc.

335 2771 369 2794 1³3.
390 2769 483 2792 s.-Pn.
500 2772 525 2791 et
542 2768 613 2791 Ron.
631 2770 686 2790 aut.

335 2815 369 2837 ¹2³..
390 2814 460 2837 Rom.
478 2812 641 2835 fraternitati
658 2814 750 2834 vestre
765 2817 813 2840 pei·
828 2809 979 2840 apostolica
996 2809 1098 2839 scripta
1114 2809 1141 2832 in
1158 2809 1270 2832 virtute.

336 2859 371 2881 lsi.
393 2858 458 2880 rm.
477 2856 603 2885 singulis,
615 2867 647 2872 -
659 2855 694 2878 La
712 2855 747 2877 fin
764 2854 797 2877 de
809 2855 833 2876 la
850 2855 928 2876 lettre
941 2853 1069 2876 adressee
1081 2853 1212 2881 potestati
1224 2855 1248 2875 et
1261 2859 1310 2881 po-

299 2904 368 2931 pulo
384 2902 501 2924 Senensi
518 2900 591 2923 etant
609 2899 752 2922 differente
769 2898 803 2921 de
820 2899 844 2920 la
858 2898 938 2920 lettre
954 2897 1088 2926 originale
1104 2896 1137 2919 dc
1154 2896 1269 2925 Vicnne,
1284 2899 1311 2919 et

303 2951 344 2969 cci
364 2945 479 2975 original
500 2944 657 2974 presentant
674 2943 688 2965 a
707 2946 750 2966 cet
771 2942 880 2966 endroit
896 2948 950 2965 une
966 2944 1061 2964 courte
1077 2941 1183 2969 lacune,
1201 2941 1236 2964 M.
1254 2940 1310 2964 Rc-

1376 348 1432 376 per
1448 340 1598 371 civitates
1613 346 1642 371 et
1660 341 1807 372 dioceses
1823 346 1949 372 vestras
1967 342 2194 380 sollempniter
2211 343 2381 381 publican-

1376 399 1434 424 tes,
1461 394 1590 424 faciatis
1611 396 1666 424 ea¹
1691 395 1931 425 inviolabiliter
1950 396 2130 430 observari,
2153 397 2302 435 aliasque
2323 406 2384 435 pro

1376 446 1533 476 Ecclesia.
1557 452 1660 477 matre
1681 452 1801 482 vestra,
1822 448 1916 478 stetis
1937 448 2079 479 fideliter
2097 452 2156 478 ac2
2176 453 2381 479 constanter.

1376 501 1447 529 Dat.
1467 500 1609 529 Perusii.
1628 509 1714 529 anno
1731 501 1886 530 secundo.
1910 513 1922 526 n

1447 679 1498 706 131
1510 680 1564 707 18
1956 679 2093 712 Perouse,
2115 680 2130 706 6
2147 682 2215 707 aout
2229 680 2308 707 1228.

1412 742 1568 768 Universis
1585 742 1774 768 ecclesiarum
1794 742 1951 776 praelatis³
1966 742 2085 769 nuntiat
2108 742 2303 774 Friderieum,
2320 743 2385 770 die-

1376 793 1438 816 tum
1454 790 1674 824 imperatorem,
1692 791 1904 824 patrimonium
1917 791 2105 824 Apostol'ieae
2118 791 2203 818 Sedis
2215 800 2266 826 per
2281 792 2386 819 Sarra-

1377 848 1462 866 cenos
1478 842 1506 865 et
1523 839 1594 866 alios
1609 839 1770 871 iiivasissc;
1789 839 1830 865 eis
1846 839 1949 866 scribit
1967 840 2110 873 quomodo
2130 840 2269 870 Thomas,
2289 849 2389 867 comes

1376 889 1565 919 Acerrarum,
1583 888 1725 921 praedicti
1743 888 1929 922 imperatoris
1945 888 2073 921 bajulus.
2091 888 2261 916 Sarracenis
2277 889 2307 916 in
2322 898 2387 915 om-

1378 936 1464 962 nibus
1481 940 1583 962 eontra
1602 935 1787 970 Templarios
1808 937 1921 968 favens,
1944 936 2134 970 peculiariter
2150 937 2245 970 quoad
2264 937 2390 971 praedas

1378 985 1507 1011 invicem
1525 985 1638 1011 ablatas
1655 994 1704 1011 seu
1721 988 1918 1018 recuperatas,
1934 985 2054 1012 domum
2073 986 2190 1019 Templi
2207 986 2343 1012 domibus
2359 990 2388 1013 ct

1379 1034 1610 1069 possessionibus
1625 1042 1696 1067 quas
1712 1034 1838 1060 habebat
1853 1034 1883 1060 in
1897 1035 2007 1065 Accon,
2020 1034 2204 1068 spoliaverit,
2217 1035 2392 1068 sclav-osque

1379 1092 1449 1117 quos
1467 1082 1661 1116 Hospitalarii
1677 1084 1704 1108 et
1719 1081 1884 1116 Templarii
1905 1082 1935 1108 in
1955 1081 2062 1109 Sicilia
2077 1086 2103 1109 et
2126 1083 2154 1108 in
2173 1083 2283 1116 Apulia
2299 1082 2389 1109 habe-

1380 1132 1461 1163 bant,
1484 1131 1655 1157 Sarracenis
1676 1131 1739 1157 sine
1759 1131 2031 1164 recompensatione
2052 1131 2231 1163 reddiderit-;
2248 1131 2326 1157 unde
2341 1140 2392 1158 eos

1381 1182 1461 1213 rogat
1477 1182 1503 1205 et
1522 1180 1655 1205 lior-tatur
1674 1178 1774 1212 eisque
1796 1178 1918 1205 mandat
1938 1181 2082 1212 quatenus
2100 1179 2210 1213 singuli
2226 1179 2256 1206 in
2275 1179 2390 1206 dioece-

1380 1228 1460 1255 sibus
1477 1231 1505 1254 et
1520 1227 1666 1262 parochiis
1679 1227 1740 1253 suis
1755 1228 1826 1253 liaeo
1842 1227 2005 1261 publicent,
2020 1230 2048 1254 et
2064 1227 2175 1255 Christi
2192 1228 2291 1254 fideles
2305 1228 2390 1255 indu-

1381 1280 1450 1304 cant
1465 1280 1495 1303 ut
1509 1285 1559 1310 pro
1571 1279 1649 1302 statu
1666 1276 1733 1302 fidei
1750 1284 1783 1302 ac
1799 1275 1951 1309 religionis
1968 1275 2157 1313 Christianae
2168 1277 2394 1303 conservatione

1383 1391 1505 1420 (leuberg
1521 1391 1635 1413 restitue
1649 1390 1683 1412 ici
1701 1389 1754 1412 tres
1769 1390 1918 1419 justement
1939 1396 1944 1412 ε
1966 1398 1977 1410 ιι
1993 1390 2126 1420 premissa
2146 1389 2223 1421 s[unt
2241 1390 2298 1421 per]
2320 1391 2390 1414 eivi-

1384 1439 1454 1459 tates
1471 1444 1492 1463 »,
1510 1436 1577 1458 mais
1594 1442 1657 1458 sans
1673 1435 1697 1457 le
1714 1439 1769 1458 mot
1785 1443 1796 1456 tt
1813 1435 1914 1464 singuli
1931 1443 1953 1458 υ.

1418 1481 1436 1504 l.
1455 1480 1522 1503 Pan.
1540 1481 1622 1502 omis.
1639 1486 1671 1502 ea
1688 1479 1812 1508 (restitue
1829 1479 1862 1502 ici
1881 1479 1987 1509 d'apres
2007 1479 2200 1507 RonENBEno).

1415 1525 1437 1548 2.
1458 1525 1527 1548 Ron.
1545 1528 1580 1547 et.

1416 1570 1437 1593 3.
1458 1569 1497 1592 De
1514 1571 1584 1592 cette
1600 1568 1679 1591 lettre
1694 1575 1728 1591 on
1746 1574 1779 1591 ne
1796 1568 1964 1591 connaissait
1976 1568 2085 1598 Jusqu'a
2101 1568 2212 1598 present
2228 1570 2328 1598 qu'une
2344 1575 2396 1591 ex-

1386 1614 1510 1644 pedition
1526 1613 1665 1641 adi-essee,
1681 1612 1695 1634 a
1714 1613 1737 1634 la
1756 1612 1818 1635 date
1838 1612 1872 1635 du
1887 1613 1900 1635 5
1913 1614 1978 1636 aout
1997 1612 2065 1642 1228,
2081 1620 2114 1636 au
2129 1613 2250 1636 cardinal
2267 1613 2394 1642 Romaiu,

1385 1659 1457 1681 alors
1480 1657 1552 1687 legat
1572 1664 1604 1680 en
1627 1657 1731 1680 Frauce
1763 1657 1917 1686 (PoTrHAST
1938 1657 2012 1685 82513
2039 1656 2394 1681 BOHMER—FtGKER-WIN-

1386 1707 1531 1730 KELMANN,
1554 1703 1665 1729 [seyesta
1691 1702 1817 1729 Imperii.
1834 1700 1866 1728 V,
1891 1701 1973 1729 6736),
1996 1701 2157 1731 expedition
2173 1701 2219 1731 qui
2236 1707 2306 1724 nous
2321 1709 2337 1724 a
2352 1701 2398 1724 cte

1387 1745 1537 1769 conservee
1561 1752 1609 1775 par
1639 1745 1729 1773 Roger
1748 1745 1780 1767 de
1802 1743 1962 1768 &Vendover
1981 1749 2008 1768 et
2029 1752 2077 1775 par
2097 1745 2230 1768 Matthieu
2252 1745 2285 1768 de
2308 1745 2395 1769 Paris.

1388 1790 1470 1813 Entre
1484 1793 1555 1813 cette
1568 1789 1739 1819 expedition,
1752 1792 1869 1812 souvent
1882 1789 2065 1820 reimprimee,
2081 1793 2106 1813 et
2118 1789 2297 1819 l'expedition
2306 1789 2397 1813 adres-

1386 1835 1432 1858 see
1451 1836 1593 1857 universis
1607 1835 1791 1857 ecclesiarum
1807 1835 1933 1862 prelatis,
1955 1835 2101 1858 transcrite
2116 1834 2183 1858 dans
2203 1835 2227 1857 le
2244 1835 2397 1858 manuscrit

1387 1879 1420 1903 de
1438 1878 1570 1907 Perouse,
1585 1879 1624 1901 les
1641 1878 1820 1908 divergences
1836 1881 1898 1901 sont
1912 1885 1988 1902 assez
2004 1879 2199 1907 nombreuses3
2218 1879 2244 1908 je
2263 1879 2396 1902 relevarat

1388 1924 1448 1954 plus
1462 1923 1518 1946 loin
1535 1930 1568 1946 cn
1584 1926 1647 1946 note
1663 1923 1701 1945 les
1715 1923 1889 1952 principales,
1901 1929 1934 1945 en
1950 1929 1990 1945 me
2004 1926 2125 1952 servant,
2139 1929 2209 1953 pour
2225 1922 2397 1946 l'indication

1387 1968 1435 1991 des
1453 1968 1602 1996 variantes,
1625 1967 1661 1990 du
1678 1970 1751 1990 texte
1768 1966 1892 1996 imprime
1913 1967 1959 1996 qui
1975 1973 2016 1990 me
2033 1967 2120 1996 parait
2137 1967 2193 1990 etre
2209 1967 2233 1990 le
2251 1967 2339 1990 moins
2356 1967 2398 1989 in-

1387 2015 1502 2039 correct,
1531 2012 1545 2034 a
1567 2012 1659 2034 savoir
1684 2011 1754 2034 celui
1772 2011 1834 2040 qu'a
1855 2010 1946 2034 donne
1971 2010 2004 2035 M.
2027 2011 2121 2040 Henry
2137 2011 2271 2034 Richards
2288 2011 2396 2038 LUARD,

1387 2057 1455 2079 dans
1475 2063 1526 2079 son
1547 2056 1652 2079 edition
1675 2055 1723 2078 des
1742 2056 1879 2078 Chronica
1900 2056 2006 2084 majora
2026 2055 2059 2078 de
2082 2055 2229 2079 Mari-meu
2247 2061 2281 2078 ns
2299 2055 2399 2084 Pmrs,

1387 2105 1406 2124 t.
1424 2101 1460 2124 IlI
1478 2100 1569 2129 (1876),
1593 2108 1618 2129 p.
1637 2099 1756 2125 154-155:
1777 2099 1803 2128 J'e
1825 2099 1941 2122 tiendrai
1959 2099 2112 2129 e'galement
2128 2103 2236 2129 compte
2253 2099 2289 2122 du
2310 2103 2399 2129 texte,

1389 2145 1540 2176 preferable
1557 2152 1603 2168 sur
1620 2144 1691 2167 deux
1709 2151 1745 2166 ou
1759 2144 1826 2166 trois
1841 2143 1943 2174 points,
1956 2143 1988 2167 do
2006 2143 2106 2167 ROGER
2120 2150 2153 2167 DE
2168 2143 2350 2168 WVENDOVER.
2367 2158 2396 2161 —

1390 2191 1409 2214 ll
1433 2191 1517 2213 serait
1537 2189 1657 2219 snpertlu
1684 2188 1823 2211 d'insister
1847 2195 1894 2211 sur
1915 2188 1941 2210 la
1959 2187 2108 2211 difference
2128 2188 2176 2211 des
2200 2190 2300 2217 incipit
2320 2195 2325 2212 :
2350 2189 2398 2218 ici,

1389 2236 1508 2258 Aliensi?
1570 2236 1592 2256 et
1610 2235 1686 2259 videm
1710 2232 1744 2258 151,
1768 2234 1911 2255 Attendite

1976 2236 1999 2255 et
2020 2234 2124 2261 uidete3
2141 2233 2191 2256 elle
2204 2233 2332 2263 s'impose
2349 2241 2398 2264 pai·

1389 2280 1414 2302 la
1430 2279 1577 2302 difference
1600 2279 1686 2300 meme
1712 2278 1760 2300 des
1780 2277 1922 2304 adresses;
1941 2277 2083 2306 toutefois,
2105 2278 2122 2300 il
2143 2280 2184 2301 est
2204 2277 2219 2300 a
2239 2284 2401 2308 remarquer

1390 2330 1442 2354 que
1457 2322 1531 2346 J.-C.
1550 2322 1647 2348 Liixio,
1663 2322 1719 2351 qui,
1734 2321 1802 2343 dans
1816 2328 1866 2343 son
1882 2323 1973 2344 Codex
1987 2323 2084 2344 Italiae
2102 2323 2314 2350 diplomaticus,
2327 2325 2343 2345 t.
2364 2322 2399 2351 11,

1390 2368 1441 2392 col,
1459 2366 1570 2392 ism-sm,
1589 2366 1689 2396 public,
1707 2373 1770 2389 sans
1791 2365 1930 2388 d'ailleurs
1946 2365 2076 2396 indiquer
2095 2373 2123 2388 sa
2143 2372 2251 2395 source,
2270 2366 2403 2396 l'expedi·

1391 2413 1449 2436 tion
1464 2411 1592 2435 adressee
1608 2418 1641 2434 au
1656 2411 1715 2434 seul
1732 2409 1855 2434 cardinal
1872 2410 1998 2437 Romaiu,
2015 2410 2106 2434 donne
2127 2411 2151 2434 le
2173 2411 2260 2436 meme
2279 2412 2400 2440 incipit:

1391 2457 1533 2480 Attendite
1595 2458 1618 2478 et
1632 2456 1732 2483 videte,
1742 2455 1827 2484 quele
1840 2454 2032 2478 manuscritde
2043 2454 2172 2478 Perouse.
2192 2454 2228 2478 Le
2240 2457 2314 2478 texte
2326 2454 2359 2478 de
2369 2462 2403 2478 eo*

1392 2501 1542 2523 manuscrit
1553 2502 1655 2530 permet
1665 2499 1804 2522 d'ailleurs
1814 2499 1847 2522 de
1857 2499 1979 2529 corriger
1989 2499 2126 2522 certaines
2138 2499 2292 2523 mauvaises
2306 2499 2403 2530 lecons

1392 2544 1428 2567 du
1445 2548 1519 2567 texte
1538 2543 1672 2574 imprime,
1690 2543 1735 2573 qui
1751 2550 1779 2566 se
1795 2547 1859 2566 sont
1874 2543 2038 2573 perpetuees
2055 2543 2153 2573 depuis
2167 2544 2191 2566 le
2208 2543 2402 2574 dix-septieme

1391 2589 1488 2617 siecle;
1505 2589 1585 2617 ainsi,
1602 2595 1663 2611 vers
1686 2589 1710 2611 le
1731 2588 1824 2611 milieu
1845 2587 1878 2611 de
1894 2588 1919 2610 la
1935 2587 2022 2618 pie'ee,
2039 2590 2130 2611 toutes
2150 2588 2189 2611 les
2207 2588 2327 2612 editions
2341 2595 2405 2619 por-

1393 2637 1449 2656 tent
1465 2640 1469 2656 :
1489 2634 1564 2661 ipsas
1583 2631 1695 2662 [domos
1713 2633 1867 2661 Hospitalis
1885 2634 1909 2655 et
1928 2633 2050 2659 fratrum
2070 2633 2190 2655 militiae
2210 2631 2329 2663 Templi]
2348 2634 2400 2656 do-

1393 2678 1488 2700 mibus
1505 2679 1528 2700 et
1546 2677 1775 2705 possessionibus
1794 2682 1864 2705 quas
1880 2676 2026 2703 habebant,
2043 2676 2071 2699 υἰ
2090 2677 2206 2699 arctiori
2226 2683 2276 2704 per
2292 2677 2401 2700 violen-

1394 2722 1462 2744 tiam
1477 2722 1565 2750 spotia
1573 2722 1609 2744 vit
1620 2730 1626 2747 ,·
1639 2720 1821 2750 l'expression
1832 2725 1859 2743 vt
1872 2725 2012 2748 ARG'rtonl,
2025 2720 2130 2748 banale,
2141 2726 2194 2750 peu
2204 2720 2401 2747 satisfaisante‚

1393 2765 1479 2795 etqui
1496 2765 1545 2788 fait
1559 2771 1592 2788 en
1607 2765 1726 2794 quelque
1745 2767 1819 2788 sorte
1839 2764 1940 2787 double
1955 2763 2056 2794 emploi
2073 2770 2139 2787 avec
2154 2771 2205 2792 per
2224 2765 2356 2787 violentia
2364 2771 2404 2793 m,

1393 2812 1434 2832 est
1455 2816 1510 2832 une
1534 2810 1672 2832 mauvaise
1691 2809 1806 2836 lecture,
1828 2808 1874 2838 qui
1895 2811 2019 2831 remonte
2039 2807 2094 2831 tres
2116 2808 2192 2837 haut,
2210 2808 2356 2838 puisqu‘on
2377 2809 2402 2831 la

1393 2857 1539 2877 rencontre
1562 2853 1623 2883 deja
1643 2853 1710 2876 dans
1733 2853 1824 2882 Roger
1842 2852 1875 2875 de
1898 2852 2061 2875 Wendover
2086 2854 2112 2875 et
2132 2851 2200 2875 dans
2219 2851 2350 2875 Matthieu
2367 2851 2404 2875 de

1394 2897 1485 2925 Paris;
1503 2897 1520 2920 il
1537 2897 1594 2920 saut
1610 2897 1660 2920 lire
1679 2902 1706 2920 IN
1726 2897 1830 2926 Accox,
1848 2897 1927 2927 leeon
1946 2896 1979 2919 de
1995 2899 2074 2920 notre
2095 2896 2255 2925 manuscrit,
2271 2896 2306 2919 οἰι
2328 2895 2405 2919 d'ail·

1393 2941 1466 2964 leurs
1484 2941 1502 2964 il
1521 2941 1591 2964 n'est
1608 2941 1746 2971 question,
1762 2940 1778 2964 a
1794 2943 1836 2964 cet
1850 2940 1970 2969 endroit,
1986 2947 2038 2970 que
2055 2940 2103 2964 des
2119 2941 2192 2964 seuls
2209 2939 2367 2970 Templiers.
