2553 3526
157 286 191 315 41
1001 280 1236 318 TREIZIEME
1258 281 1418 317 ANNEE.
2216 293 2252 322 42

158 354 344 386 Mimatensi,
361 354 528 386 Aniciensi,
547 354 744 387 Rutlienensi,
760 353 947 389 [Albiensi¹,]
968 354 1163 381 Lcmoviccn-

157 402 200 429 si²
217 405 246 429 et
269 402 442 430 Caturcensi
461 403 602 429 mandare
618 405 661 435 ut,
678 403 763 436 juxta
786 403 969 430 taxationem
992 411 1080 436 quam
1102 402 1165 436 ipse

157 459 233 485 papa
249 451 312 477 fieri
330 452 449 483 fecerat,
467 459 615 477 summam
633 454 697 477 octo
715 452 832 478 milium
851 451 993 478 librarum
1016 451 1165 478 Turonen-

155 499 250 532 sium,
276 499 307 526 in
333 508 391 533 qua
415 499 540 526 ecclesia
561 500 723 526 Valentina
750 500 926 534 quibusdam
954 499 1165 526 mercatoribus

111 570 114 571 ⁷
157 548 338 575 Senensibus
354 548 520 580 tenebatur,
532 548 643 574 eisdem
660 548 871 575 mercatoribus
885 548 962 582 apud
975 548 1165 574 Latiniacum

156 596 188 624 in
204 596 348 631 proximis
363 596 506 623 nundinis
520 597 669 623 Latiniaci
684 598 852 631 persolvant
866 605 872 629 ;
895 597 936 623 cis
956 597 1078 623 mandat
1094 605 1166 630 qua-

157 647 253 677 tenus,
268 645 291 671 si
305 645 442 678 jamdicti
457 645 672 679 archiepiscopi
689 648 717 672 ct
734 645 862 679 episcopi
879 646 927 672 vel
949 654 1047 671 eorum
1071 645 1166 678 aliqui

158 693 333 720 mandatum
355 694 550 727 apostolicum
576 694 761 727 neglexerint
781 694 956 728 adimplere,
974 694 1030 728 ipsi
1051 702 1166 720 exeom-

158 742 392 769 municationem
409 751 426 769 a
443 742 605 776 Stephano,
623 743 704 769 tituli
721 743 847 769 Sanctae
864 743 978 769 Mariae
994 742 1166 769 Transtibe-

157 790 216 817 rim
233 790 403 824 presbytero
420 790 577 823 cardinali,
598 790 633 817 (le
656 791 778 824 speciali
802 791 895 824 ipsius
915 799 1006 825 papae
1028 791 1167 817 mandato

159 840 250 867 latam
268 840 299 866 in
314 840 445 874 singulos
462 840 678 874 praedictorum
698 840 758 874 qui,
773 840 858 873 juxta
875 841 1073 874 quantitatem
1093 848 1167 873 quae

143 882 312 922 'contingat
326 889 453 919 eosdem,
477 889 507 915 in
531 889 659 916 termino
682 892 710 916 et
731 890 792 915 loeo
816 889 975 923 praedictis
997 888 1166 922 hujusmodi

157 937 325 965 subsidium
353 946 410 964 non
440 937 581 964 duxerint
608 938 854 972 impendendum,
881 937 993 964 faciant
1015 946 1106 971 usque
1130 937 1167 963 ad

158 987 276 1021 plenam
305 986 481 1013 solutionem
513 986 594 1013 illius
618 995 751 1013 summae
773 986 930 1020 publicari.
958 1001 989 1004 —
1012 986 1099 1017 (linc.
1122 985 1166 1017 19,

157 1036 179 1062 f.
196 1034 247 1062 114
263 1033 337 1070 [108]
349 1038 391 1067 r⁰;
409 1043 478 1061 ann.
492 1035 575 1066 XIII,
588 1044 612 1061 c.
625 1035 672 1065 55:
684 1050 715 1052 —
730 1036 767 1061 ct'.
778 1035 802 1062 J.
816 1035 1000 1065 BERNOULU,
1019 1035 1083 1059 ,icta
1101 1034 1166 1058 Pon<

158 1084 263 1116 tificum
287 1084 432 1115 llelvetica,
454 1086 474 1110 t.
504 1085 525 1116 1,
546 1092 573 1118 p.
596 1083 658 1116 138,
684 1088 712 1109 11“’
732 1083 800 1115 205;
823 1098 855 1101 —
871 1084 908 1110 es.
931 1090 1026 1115 supra,
1051 1091 1079 1108 u.
1104 1082 1166 1114 811,

148 1131 225 1159 ‘3301
242 1134 271 1159 et
286 1131 378 1163 4446.)

198 1246 210 1261 α
239 1257 256 1262 ..
276 1235 375 1263 abbati
388 1234 493 1263 Sancti
505 1235 581 1271 Lupi
592 1238 618 1262 et
632 1234 777 1269 uzwistro
791 1234 941 1271 Stephano
955 1234 988 1262 cle
1002 1231 1164 1270 Seuuu[t‘s],

155 1289 303 1318 canonico
328 1287 557 1326 Trecenjsibus}
582 1287 680 1320 Olim,
707 1286 845 1316 ecclesie
863 1286 1053 1321 Valentine,
1080 1291 1168 1315 tauto

155 1341 311 1379 depresse
339 1349 438 1370 onere
468 1339 654 1370 debitorum
682 1348 744 1378 que
777 1348 834 1377 pro
865 1339 987 1368 tuenda
1015 1339 1168 1369 libertate

155 1397 376 1428 contraxerat,
395 1393 482 1432 quod
502 1393 554 1422 vix
575 1401 749 1430 resurgere
774 1397 901 1430 poterat
924 1402 981 1430 per
998 1402 1032 1422 se
1049 1392 1166 1430 ipsam,

157 1451 294 1486 paterno
317 1446 555 1484 compatientes
579 1446 710 1479 affectu,
735 1445 769 1473 in
792 1445 977 1475 Viennensi
1000 1445 1169 1483 provincia

157 1509 216 1539 per
233 1499 513 1539 quinquennium,
539 1499 573 1528 in
599 1499 814 1536 Lugdunensi
831 1508 907 1528 vero
927 1503 958 1528 et
980 1503 1065 1528 terra
1082 1507 1170 1527 com-

159 1553 262 1583 missa
286 1552 446 1591 legationi
474 1551 676 1582 venerabilis
698 1551 812 1580 fratris
836 1551 940 1580 nostri
976 1574 994 1579 ..
1024 1551 1169 1589 episcopi

157 1605 390 1641 Tornacensis,
410 1605 597 1644 Apostolice
617 1605 711 1635 Sedis
731 1605 842 1641 legati,
863 1614 919 1643 pei·
940 1614 1063 1634 aunum
1081 1605 1169 1634 deci-

160 1668 246 1689 mam
273 1659 576 1689 ecclesiasticorum
608 1662 827 1696 proventuum
864 1667 920 1696 pro
950 1658 1169 1687 subventione

157 1721 220 1742 sua
234 1711 341 1742 eidem
360 1711 498 1742 ecclesie
515 1711 747 1741 mandavimus
768 1710 945 1748 assignari.
969 1711 1007 1740 Et
1023 1710 1100 1740 licet
1116 1720 1169 1740 et·-

156 1765 261 1796 clesia
278 1765 351 1804 ipsa
368 1765 436 1795 sere
454 1764 582 1794 nullum
600 1764 807 1794 commodum
825 1764 927 1793 fuerit
943 1764 1059 1793 exind«¹
1078 1773 1169 1793 asse-

156 1823 242 1855 cuta,
258 1827 298 1849 ne
313 1825 421 1849 tamen
434 1818 570 1848 omnino
582 1818 736 1848 deficeret
752 1818 813 1847 sub
826 1818 957 1847 sarcina
969 1818 1166 1851 debitorum,

157 1872 192 1902 in
218 1872 400 1910 provinciis
427 1875 457 1901 et
478 1875 566 1901 terra
589 1871 746 1909 predictis
772 1871 978 1900 moderatum
1003 1870 1032 1899 ei
1058 1870 1168 1900 subsi-

156 1925 261 1959 dium,
280 1924 435 1954 videlicet
452 1924 564 1954 decem
585 1923 715 1953 milium
732 1923 891 1952 librarum
910 1923 1168 1960 'Turonensium⁷

158 1977 364 2016 providimus
392 1977 599 2015 postmodum
628 1977 829 2006 faciendum.
857 1976 1041 2006 venerabili
1067 1977 1168 2006 fratre

149 2035 270 2061 -nostro
303 2054 322 2059 ..
355 2030 604 2068 archiepiscopo
636 2029 833 2059 Viennensi.
874 2034 950 2058 tunc
981 2029 1168 2067 Apostolice

157 2084 253 2114 Sedis
267 2084 387 2122 legato,
408 2093 507 2122 super
524 2083 585 2113 hoc
602 2088 774 2113 executore
796 2092 965 2112 concesso.
985 2083 1074 2112 Idem
1093 2092 1168 2112 vero

156 2137 440 2175 archiepiscopus,
475 2137 569 2176 juxta
605 2136 798 2165 mandatum
834 2141 983 2165 nostrum
1022 2136 1168 2174 pensatis

160 2190 374 2220 facultatibus
405 2189 615 2227 singularum
653 2189 821 2219 dioccsum
861 2189 1049 2226 diligenter,
1085 2198 1169 2218 onus

157 2243 391 2274 subventionis
405 2242 609 2282 hujiismodi,
627 2242 791 2272 taxatione
810 2242 993 2280 prehabita,
1011 2242 1170 2280 imposuit

159 2297 358 2336 unicuique,
387 2301 484 2335 prout
506 2296 611 2334 magis
633 2296 683 2326 vel
708 2296 820 2325 minus
845 2296 925 2325 vidit
949 2305 1170 2334 unamquam-

157 2360 223 2390 que
237 2350 395 2380 diocesim
408 2350 441 2379 in
454 2349 524 2379 suis
535 2349 750 2378 facultatibus
764 2348 966 2384 habundare,
983 2349 1169 2387 precipiens

157 2403 418 2441 archiepiscopis
444 2407 475 2432 et
496 2402 659 2440 episcopis
689 2401 879 2431 earumdem
908 2406 942 2430 ut
969 2402 1168 2431 taxationem

157 2456 266 2495 ipsam
289 2455 476 2485 dividerent
498 2455 585 2484 inter
604 2463 638 2484 se
661 2464 695 2484 ac
720 2454 885 2493 subjectas
910 2454 975 2483 sibi
998 2454 1166 2488 ecclesias,

157 2509 342 2540 secundum
367 2509 516 2547 proprias
538 2507 725 2537 facultates.
744 2508 770 2537 A
787 2507 881 2546 cujus
897 2512 1049 2546 precepto
1070 2517 1169 2537 vene-

158 2563 282 2593 rabiles
311 2563 431 2592 fratres
459 2562 564 2591 nostri
590 2584 607 2590 ..
632 2561 902 2599 archiepiscopus
925 2561 1166 2597 Narbonensis,

193 2697 212 2721 1.
229 2698 356 2720 Albiensi
373 2699 414 2720 cst
431 2695 526 2719 re'tabli
544 2695 577 2717 ici
596 2701 643 2725 par
659 2694 833 2723 conjecture;
850 2694 884 2718 cs.
903 2693 962 2723 plus
978 2694 1043 2721 loin¹
1061 2694 1111 2717 col⁴
1130 2694 1168 2723 43,

157 2745 224 2765 note
241 2742 261 2765 1.

188 2786 212 2810 Q,
229 2785 302 2810 C'est
315 2792 379 2809 sans
391 2785 474 2808 doute
492 2791 539 2814 par
553 2784 625 2806 suite
639 2783 719 2805 d'une
737 2782 896 2812 negligenee
911 2781 944 2805 de
960 2782 1100 2805 redaction
1116 2790 1169 2813 que

159 2831 184 2854 Ie
203 2834 277 2854 texte
297 2833 375 2861 porte
393 2830 455 2859 (col.
475 2829 515 2858 43)
534 2835 539 2851 τ
561 2837 572 2849 ιι
589 2828 817 2851 ιρηιουίερηεειγι
838 2830 864 2849 et
883 2826 1079 2849 caturcensem
1098 2835 1169 2856 epis-

156 2882 243 2904 copos
254 2881 280 2900 »2
296 2875 312 2898 il
329 2876 374 2905 n'y
390 2874 463 2897 avait
478 2880 525 2904 pas
535 2873 607 2896 alors
619 2872 796 2900 tl'episcopus
812 2872 1031 2899 Lemovicensz's,
1048 2871 1115 2894 mais
1131 2879 1167 2894 uu

158 2921 263 2943 electus
286 2919 504 2942 Lemovicensts.
530 2917 571 2941 Cf.
593 2923 691 2944 supra,
712 2919 740 2938 11ο
763 2914 833 2942 4030,
856 2916 882 2937 et
904 2916 988 2943 infra,
1009 2921 1036 2937 n.
1060 2915 1120 2939 4859
1142 2919 1168 2938 ct

158 2963 234 2992 XIV,
252 2962 304 2986 156.

1248 362 1305 390 pro
1327 363 1360 383 se
1386 360 1416 384 et
1441 356 1641 393 quibusdam
1669 357 1889 395 suffraganeis
1912 358 1993 389 suis.
2021 364 2051 388 et
2074 382 2093 387 ..
2112 360 2252 397 Magalo-

1248 407 1394 441 neusis¹,
1418 430 1437 436 ..
1458 408 1634 443 Eduensis,
1657 432 1674 438 ..
1697 410 1928 447 Lingonensis,
1949 434 1968 439 ..
1987 411 2155 441 Albiensis
2180 417 2209 441 et
2231 436 2250 441 ..

1247 459 1475 490 Ruthenensis
1507 461 1662 500 episcopi,
1690 472 1747 500 pro
1775 472 1809 492 se
1832 473 1868 492 ac
1891 472 2004 493 eorum
2033 464 2185 494 subditis.
2214 465 2254 494 ad

1248 516 1394 542 nostram
1412 513 1615 543 audientiam
1631 515 1850 553 appellarunt.
1865 517 2010 552 Quorum
2026 517 2250 555 appellationi,

1247 568 1358 602 utpote
1386 570 1499 595 contra
1530 567 1722 597 mandatum
1752 573 1901 598 nostrum
1929 569 2064 608 objectu,
2100 576 2253 600 executor

1247 617 1317 655 ipse
1342 627 1406 647 non
1429 619 1594 654 deferens,
1615 620 1648 648 in
1676 630 1730 650 eos
1753 622 2103 652 excommunicationis
2125 627 2254 652 senten-

1249 670 1326 699 tiam
1349 672 1579 710 promulgavit.
1601 674 1762 703 Tandem.
1788 675 2056 712 procuratoribus
2082 676 2253 714 parcium²

1249 724 1333 761 apud
1367 725 1484 754 Sedem
1520 726 1740 764 Apostolicam
1777 728 1978 762 constitutis,
2017 728 2063 757 sic
2100 729 2254 759 duximus

1249 777 1486 814 providendum
1511 783 1555 813 ut,
1581 780 1741 817 premissa
1767 790 1823 817 per
1846 781 1999 810 dilectum
2026 781 2131 811 [ilium
2158 805 2176 810 ..
2196 782 2253 811 ab-

1248 829 1355 859 batem
1377 830 1632 861 Cluniacenscm
1657 833 1696 861 ad
1723 833 1884 862 cautelam
1908 834 1999 872 juxta
2030 835 2168 863 formam
2192 835 2253 864 Ec-

1248 883 1347 913 clesie
1371 883 1525 918 relaxata,
1550 885 1588 914 de
1616 886 1772 923 predictis
1795 886 1905 916 decem
1932 887 2066 916 milibus
2092 887 2253 917 librarum

1248 936 1497 966 remitterentur
1520 937 1584 967 duo
1611 938 1703 967 milia
1735 939 1914 975 universis,
1941 940 2114 969 dummodo
2139 945 2253 978 sponte

1248 988 1412 1019 solverent
1431 994 1501 1019 octo
1519 990 1622 1023 milia,
1643 995 1673 1019 et
1692 990 1739 1019 liii
1757 991 1814 1029 qui
1832 1000 1895 1020 nou
1920 992 2180 1030 appellaveiaiut,
2203 993 2252 1023 vel

1249 1041 1452 1079 appellantes
1490 1042 1744 1080 appellationem
1785 1044 1940 1082 prosequi
1982 1054 2045 1074 11011
2083 1050 2252 1081 curarunt,

1248 1095 1343 1133 plene
1356 1095 1587 1124 satisfacerent
1600 1095 1854 1133 appellationem
1871 1106 1963 1125 suam
1978 1099 2254 1136 [uoseqmffntihus

1249 1147 1287 1177 de
1315 1147 1468 1185 expensis
1488 1157 1581 1186 quas,
1606 1148 1778 1178 occasione
1802 1149 2033 1186 appellationis
2052 1150 2254 1189 hujusmodi,

1250 1200 1447 1235 subierunt,
1485 1200 1634 1239 alioquin
1670 1201 1798 1230 nullum
1832 1202 1869 1231 tle
1904 1203 2099 1233 remissione
2130 1205 2257 1241 prefata

1250 1254 1457 1283 commodum
1484 1259 1701 1291 reportarent,
1727 1255 1783 1284 scd
1809 1255 1856 1285 eis
1877 1260 2003 1285 tantum
2031 1258 2258 1294 proportiona-

1250 1306 1326 1336 liter
1352 1307 1443 1336 fieret
1466 1306 1523 1336 illa
1549 1307 1713 1339 remissio,
1742 1308 1797 1346 qui
1824 1308 2077 1346 appellationem
2103 1310 2258 1339 emissam

1250 1360 1382 1389 fuerant
1399 1359 1582 1397 prosecuti:
1602 1359 1740 1398 reliquis
1757 1364 1827 1389 octo
1843 1360 1978 1389 milibus
1995 1360 2154 1390 librartuu
2172 1362 2260 1391 inter

1251 1412 1409 1442 ecclesias
1434 1412 1640 1450 supradictas
1669 1422 1726 1450 per
1752 1413 1893 1443 eundem
1918 1413 2080 1449 abbatem,
2113 1415 2259 1452 pensatis

1251 1465 1428 1503 diligenter
1444 1465 1658 1495 facultatibus
1675 1466 1893 1503 singularum,
1908 1466 2049 1496 fideliter
2061 1467 2258 1502 dividendis,

1252 1523 1282 1548 et
1310 1518 1477 1548 solvendis
1503 1518 1591 1547 iufra
1615 1518 1796 1547 triennium
1822 1528 1840 1548 a
1867 1519 2052 1557 receptione
2073 1519 2259 1549 litterarum

1252 1577 1450 1607 nostrarum,
1475 1571 1612 1600 ecclesie
1629 1571 1816 1606 Valentiney
1844 1572 1889 1601 ita
1907 1576 1941 1601 ut
1958 1572 2097 1610 pecunia
2113 1573 2184 1611 ipsa
2203 1582 2260 1611 per

1252 1634 1369 1654 manus
1389 1625 1467 1654 dicti
1483 1624 1612 1654 abbatis
1630 1624 1664 1653 in
1686 1624 1884 1654 solutionem
1906 1630 2152 1655 converteretur
2171 1626 2256 1656 intc-

1252 1688 1307 1716 gre
1338 1678 1535 1707 sicimorum.
1564 1678 1699 1712 Yeruui,
1731 1677 1820 1716 quia,
1853 1678 1936 1707 sicut
1968 1677 2107 1707 dilectus
2128 1678 2217 1708 tilius
2237 1701 2257 1707 ..

1252 1735 1443 1769 procurator
1462 1730 1567 1768 ipsius
1594 1730 1731 1759 ecclesie
1748 1730 1924 1760 Valentine
1949 1730 1982 1759 in
2011 1736 2123 1760 nostra
2144 1740 2260 1769 propo-

2029 1784 2260 1814 subventionis

1252 1837 1442 1875 hujusmodi
1466 1836 1607 1873 dampna
1629 1836 1771 1865 incurrit
1795 1836 1909 1871 gravia
1936 1841 1966 1865 et
1990 1846 2160 1874 expensas,
2188 1846 2258 1873 uos,

1252 1785 1319 1814 suit
1357 1784 1523 1821 presentia
1566 1783 1778 1817 constitutus,
1817 1784 1988 1813 occasione

1252 1890 1357 1920 eidem
1385 1889 1523 1919 ecclesie
1547 1893 1682 1926 paterna
1705 1889 1942 1926 compatientes
1959 1889 1992 1918 111
2012 1890 2152 1919 Domino
2173 1890 2259 1919 cari-

1253 1947 1328 1977 tate,
1349 1951 1411 1981 que
1427 1942 1487 1971 sub
1504 1942 1689 1971 ‹tlebitorum
1707 1951 1805 1971 onere
1824 1951 1904 1979 pene
1923 1942 2015 1979 perit.
2037 1946 2147 1980 utpote
2164 1943 2259 1981 cujus

1252 2001 1429 2035 proventus
1453 1996 1505 2024 vix
1529 1996 1698 2025 sufficiunt
1730 1995 1877 2032 voragini
1905 2004 2094 2031 usurarum,
2124 1997 2259 2025 omuino

1251 2050 1403 2079 volumus
1416 2049 1479 2078 sibi
1496 2049 1677 2078 secundum
1692 2049 1889 2078 taxationem
1904 2058 2001 2086 quam
2020 2050 2090 2078 lieri
2108 2050 2256 2084 fecimus,

1252 2108 1358 2142 prout,
1383 2103 1561 2140 diligenter
1590 2101 1806 2131 ecclesiarum
1835 2101 2049 2131 facultatiluis
2073 2103 2256 2141 inquisitis,

1253 2156 1405 2194 expedire
1420 2156 1526 2184 visum
1542 2160 1601 2184 est.
1621 2155 1809 2184 subvtiuiiri:
1827 2154 1891 2183 lata
1908 2164 1964 2192 per
1980 2155 2135 2184 dilectum
2153 2154 2258 2184 fitium

1252 2214 1401 2240 nostrum
1412 2207 1654 2248 S[tephanum],
1671 2207 1757 2236 tituli
1771 2208 1888 2237 Sancte
1902 2208 2004 2237 Marie
2017 2208 2257 2237 'I'ranstiberim

1252 2263 1473 2301 presbiterum
1497 2261 1709 2291 (ται-1110010111.
1739 2261 1776 2291 de
1805 2261 1940 2298 speciali
1967 2261 2119 2290 mandato
2145 2266 2256 2290 nostro

1251 2326 1286 2346 ac
1317 2317 1459 2345 fratrum
1497 2319 1684 2344 nostrorum
1721 2313 1872 2347 consilio,
1904 2314 2254 2343 excommunicationis

1251 2369 1416 2400 sententia
1433 2369 1467 2397 in
1485 2367 1634 2405 singulos
1652 2367 1872 2404 predictorum
1892 2367 1958 2405 qui,
1977 2367 2070 2405 juxta
2091 2367 2255 2404 quantita-

1251 2429 1316 2453 tem
1333 2432 1396 2461 que
1413 2421 1573 2458 contingit
1592 2420 1735 2454 eosdem,
1756 2421 1789 2449 iu
1810 2420 1967 2458 proximis
1986 2420 2144 2448 nundinis
2164 2419 2253 2448 Lati-

1252 2476 1368 2507 niaci3,
1395 2475 1479 2513 apud
1504 2474 1722 2507 Latiniacum,
1755 2473 1945 2511 hujusmodi
1973 2472 2158 2501 subsidium
2190 2481 2253 2501 non

1251 2528 1430 2567 duxcri[n]t
1459 2527 1727 2565 impendendum.
1758 2526 1843 2562 Quia
1867 2535 1942 2555 vero
1973 2536 2029 2563 per
2056 2526 2253 2555 taxationem

1251 2582 1400 2612 eandem.
1424 2589 1522 2619 quam
1542 2580 1634 2609 vobis
1654 2579 1714 2608 sub
1736 2578 1824 2607 bulla
1848 2583 1958 2608 nostra
1981 2579 2132 2607 duximus
2152 2583 2253 2607 trans-

1250 2634 1443 2665 mittendam
1454 2635 1474 2669 ⁴,
1497 2632 1702 2662 venerabiles
1720 2632 1838 2661 fratres
1864 2636 1991 2661 nostros
2017 2654 2036 2660 ..
2059 2631 2255 2668 Lugdunen-

1283 2782 1304 2805 1.
1326 2782 1393 2805 L'un
1414 2780 1462 2803 «les
1482 2780 1646 2808 suffraganis
1663 2778 1696 2800 «le
1712 2778 1900 2807 l'archcveque
1917 2777 1949 2800 de
1967 2777 2130 2804 Narbonne',
2152 2778 2168 2800 11
2189 2778 2255 2800 ctait

1250 2826 1310 2855 deja
1327 2824 1484 2848 mentioune
1501 2822 1707 2853 expressement
1725 2821 1792 2844 dans
1809 2821 1833 2844 la
1851 2820 1926 2851 piece
1941 2821 2000 2844 4440
2016 2824 2044 2844 =t.
2062 2821 2093 2847 11,
2109 2821 2160 2845 eol.
2178 2821 2255 2850 1087).

1281 2870 1302 2893 ’1.
1320 2872 1373 2893 Sic.

1280 2914 1303 2938 3.
1323 2917 1390 2937 Ms.:
1409 2912 1546 2936 Latiniati.

1281 2959 1304 2982 4.
1322 2958 1356 2981 N⁰
1374 2958 1442 2981 4559.
