2553 3526
155 293 216 323 255
964 285 1274 330 QUATORZIEME
1296 289 1456 326 ANNEE.
2200 310 2256 339 255

155 358 382 394 statuendum,
397 358 595 397 magistrum
611 358 820 389 XVillelmum
835 360 874 390 de
890 360 990 394 Hain,
1009 359 1117 389 virum
1129 359 1170 388 ad

158 412 220 442 hoc
238 412 406 446 idoneum,
426 411 702 450 penitentiarium
724 421 840 442 creans
859 412 898 442 de
914 421 998 442 novo
1015 412 1048 441 in
1066 411 1171 442 eccle-

155 464 209 494 sia
223 468 415 499 memorata,
437 463 676 494 nichilominus
697 464 864 502 prebenda
880 474 980 503 quam
995 465 1083 494 idem
1101 473 1171 493 ma-

155 517 262 555 gister
284 525 373 546 nunc
397 516 524 547 obtinet
546 517 581 546 in
606 517 730 553 eadem,
754 517 948 556 hujusmodi
967 517 1073 547 officio
1096 526 1171 555 per-

155 574 255 608 pet-uo
270 569 425 608 deputata
440 586 490 598 —.
507 570 579 599 Dat.
599 570 766 604 Laterani,
785 570 849 600 VII
871 570 946 599 idus
966 569 1065 609 junii,
1084 578 1170 599 anno

154 621 416 661 quartodecimo.
437 634 450 648 ι»

226 771 346 801 5220
751 773 873 806 Latran,
890 774 923 800 16
938 774 1003 807 juin
1017 774 1096 801 1240.

191 833 377 861 Cancellario
402 833 577 866 Parisiensi,
604 842 657 860 nec
680 842 737 860 non
763 837 791 861 et
817 835 967 869 magistris
990 835 1109 870 Hugoni
1134 836 1169 863 de

155 883 247 915 Pisis,
258 882 469 909 archidiacono
481 882 726 916 Rothomagensi,
738 886 767 910 et
778 883 936 915 Vernacio,
948 884 1090 911 canonico
1101 885 1169 911 Ter-

153 931 264 964 visino,
281 931 416 958 Parisius
431 931 697 964 commorantibus,
714 940 833 958 causam
851 941 925 966 quae
944 933 1023 959 inter
1043 933 1168 960 decanos

151 983 185 1007 et
199 980 333 1015 capitula
348 979 505 1006 Remensis
521 980 705 1013 provinciae,
723 989 758 1007 ex
774 989 833 1007 una
849 984 941 1015 parte,
962 984 989 1008 et
1007 982 1169 1016 archiepis-

151 1037 259 1063 copum
275 1028 465 1060 Remensem,
477 1036 513 1054 ex
525 1029 628 1060 altera,
641 1037 728 1063 super
739 1029 917 1062 quibusdam
929 1030 1050 1056 statutis
1062 1030 1092 1056 in
1105 1039 1169 1064 pro—

152 1077 274 1105 vinciae
293 1076 450 1104 Remensis
470 1076 608 1109 concilio,
624 1077 655 1103 in
677 1077 897 1111 derogationem
919 1079 1168 1106 consuetudinum

150 1129 184 1154 et
202 1125 425 1153 subversionem
445 1125 557 1159 jurium
581 1126 800 1153 cathedralium
825 1127 1016 1154 ecclesiarum
1035 1128 1167 1161 ejusdem

153 1174 337 1209 provinciae,
357 1173 457 1206 editis,
480 1174 662 1207 vertebatur,
688 1175 851 1202 committit
874 1184 925 1202 seu
946 1176 1169 1203 terminandam

150 1231 206 1250 seu
233 1223 271 1250 ad
302 1231 427 1250 examen
459 1223 655 1257 apostolicum
688 1224 912 1251 remittendam.
942 1239 978 1242 —-
1009 1225 1095 1256 (Rae.
1123 1225 1168 1258 20,

152 1272 176 1298 f.
196 1271 230 1298 16
248 1274 291 1304 r·;
307 1279 378 1298 ann.
395 1271 479 1305 XIV,
496 1280 522 1298 c.
539 1271 588 1304 90;
606 1287 638 1290 —
654 1272 788 1300 Monam
800 1272 880 1306 1193,
899 1275 918 1299 f.
933 1273 991 1303 54.)

195 1379 209 1394 ut
226 1389 247 1396 ..
263 1367 448 1396 cancellario
463 1367 646 1403 Parisiensi,
666 1372 692 1396 et
710 1369 870 1404 mayistris
886 1369 1008 1405 Httyoni
1024 1369 1057 1397 cle
1079 1369 1167 1403 Pisis,

148 1421 370 1450 archidiacono
392 1420 641 1457 Rolhomayensi,
665 1425 692 1449 et
716 1421 868 1456 Vernacio,
895 1423 1041 1451 canonico
1065 1423 1170 1451 Terci-

150 1475 228 1509 sino,
248 1474 390 1503 Pari-vius
405 1475 676 1502 commorantibus.
697 1473 763 1503 Sua
784 1473 880 1504 nobis
903 1474 1017 1504 dilecti
1033 1474 1094 1503 filii
1113 1475 1168 1505 de-

149 1527 228 1558 cani
252 1531 285 1557 et
307 1525 455 1564 capitula
476 1526 719 1556 cathedralium
746 1525 962 1557 ecclesiarum
991 1529 1168 1558 Remensis

151 1580 322 1619 provincie
336 1579 498 1618 petitione
514 1584 743 1609 monstrarunt-
759 1580 857 1618 quod.
875 1589 950 1610 cum
966 1581 1169 1612 venerabilis

149 1635 257 1664 frater
273 1637 386 1663 noster
403 1656 424 1662 ..
441 1633 619 1663 Remensis
636 1632 907 1672 archiepiscopus
931 1643 1005 1663 cum
1029 1634 1168 1672 quihus-

148 1687 228 1717 dam
250 1696 289 1717 ex
309 1686 532 1724 suffraganeis
555 1686 626 1716 suis
649 1686 854 1724 provinciale
877 1687 1056 1717 concilium
1081 1687 1167 1718 cele-

151 1739 294 1776 brasset,
311 1747 359 1774 ac,
377 1739 461 1777 ipsis
480 1738 676 1769 absentibus
693 1748 753 1769 nec
769 1740 905 1774 vocatis,
924 1744 954 1770 et
972 1749 1167 1779 eorumpro-

149 1791 363 1822 curatoribus
386 1791 467 1821 illuc
491 1791 707 1821 venientibus
736 1796 768 1822 et
792 1797 827 1821 ut
851 1793 1106 1823 admitterentur
1127 1794 1168 1823 ad

151 1849 340 1880 tractatum,
369 1844 647 1883 supplicantibus.
676 1853 736 1874 nec
764 1845 932 1880 admissis,
963 1846 1103 1884 quedam
1132 1847 1167 1876 in

149 1897 406 1928 subversionem
419 1897 548 1936 jurium
561 1906 698 1927 suorum
714 1902 745 1927 et.
758 1897 1006 1936 derogationem
1020 1899 1167 1929 laudabi—

151 1950 236 1982 lium
266 1950 547 1980 consuetudinum
582 1950 800 1980 ecclesiarum
830 1960 966 1981 suarum
995 1961 1167 1990 perperam

150 2003 326 2034 statuisset
342 2003 479 2038 ibidem,
502 2012 566 2042 que
587 2003 659 2033 sine
681 2004 773 2041 gravi
796 2004 951 2034 scandalo
967 2009 999 2034 et.
1021 2005 1168 2043 periculo

150 2057 342 2088 animarum
358 2065 424 2086 non
441 2060 591 2095 poterant
608 2056 790 2091 observari,
809 2057 963 2096 idemque
984 2059 1168 2097 archiepis-

150 2120 266 2150 copus,
293 2109 469 2140 humiliter
492 2110 689 2149 requisitus,
714 2109 879 2140 noluisset
905 2115 1027 2141 statuta
1050 2111 1169 2150 hujus-

153 2164 243 2194 modi
257 2171 414 2194 revocare
431 2173 438 2192 :
457 2172 494 2193 ex
512 2168 605 2201 parte
626 2163 775 2201 ipsorum
793 2163 900 2202 primo
922 2164 962 2193 al]
983 2164 1097 2194 eodem
1120 2174 1168 2195 ar-

150 2217 382 2256 chiepiscopo,
413 2225 450 2246 ac
480 2216 612 2246 demum
643 2225 662 2245 a
685 2216 829 2254 singulis
859 2217 1080 2255 suffraganeis
1110 2218 1169 2256 qui

151 2271 388 2306 interfuerant,
413 2279 488 2300 cum
513 2270 607 2308 copia
629 2269 732 2300 totius
757 2270 893 2300 concilii
920 2280 986 2300 non
1007 2272 1168 2309 potuisset

153 2323 283 2359 haberi,
299 2323 364 2353 fuit
383 2322 424 2352 ad
445 2326 594 2352 nostram
612 2322 818 2352 audientiam
835 2323 1047 2361 appellatum.
1068 2325 1168 2355 Cum-

151 2386 220 2416 que
232 2377 272 2407 de
288 2377 430 2407 termino
444 2376 479 2405 in
500 2375 682 2405 terminum
697 2375 834 2406 interim
853 2376 914 2406 sub
931 2385 987 2414 spe
1003 2377 1094 2415 pacis
1111 2387 1169 2407 us·-

151 2430 270 2469 quein
286 2438 431 2468 sequens
447 2428 638 2463 concilium,
655 2429 691 2458 in
708 2437 773 2467 quo
783 2429 849 2459 fuit
863 2430 979 2459 eadem
992 2430 1169 2468 appellatio

153 2483 324 2518 innovata,
351 2487 382 2513 et
404 2482 504 2512 etiam
525 2486 598 2520 post
619 2481 800 2512 concilium
821 2482 923 2512 fuerit
939 2482 1050 2521 ipsum
1068 2492 1168 2521 nego-

153 2536 239 2566 tium
253 2535 462 2574 aliquamdiu
478 2535 517 2565 de
535 2534 706 2564 voluntate
722 2535 868 2573 partium
891 2535 939 2565 sic
955 2544 1166 2574 suspensum,

151 2588 253 2628 quod,
277 2588 433 2618 omnibus
455 2588 491 2617 in
513 2587 629 2618 eodem
653 2591 741 2617 statu
756 2588 980 2624 manentibus,
1000 2589 1106 2618 nichil
1121 2590 1169 2620 al-

153 2646 282 2672 terutra
295 2641 446 2680 ipsarum
468 2641 612 2679 partium
637 2645 753 2670 contra
774 2640 939 2680 reliquam
958 2642 1068 2672 medio
1087 2647 1169 2673 tem-

153 2704 234 2733 pore
247 2694 452 2733 impetraret,
466 2693 599 2729 litteris,
617 2693 646 2723 si
661 2702 744 2732 quas
757 2693 930 2732 impetrari
946 2695 1164 2733 contingeret,

153 2748 284 2778 viribus
306 2747 463 2778 carituris
483 2757 490 2776 2
511 2747 656 2782 tandem,
674 2747 761 2776 dicto
780 2747 1041 2786 archiepiscopo,
1063 2758 1169 2788 quan-

156 2805 370 2839 tumcumque
392 2800 458 2830 sibi
479 2809 497 2830 a
519 2799 721 2839 quibusdam
744 2808 782 2829 ex
805 2800 931 2830 eisdem
947 2801 1169 2839 suffraganeis

153 2859 189 2884 et
203 2853 474 2892 procuratoribus
486 2852 708 2891 capitulorum
720 2852 868 2891 ipsorum
882 2862 981 2892 super
990 2853 1053 2884 hoc
1068 2855 1170 2885 fuerit

155 2906 389 2945 supplicatum,
413 2905 545 2936 nolente
566 2909 691 2936 statuta
710 2914 865 2936 revocare
886 2906 1045 2944 predicta,
1069 2908 1170 2937 immo

154 2960 230 2998 ipso
246 2967 288 2989 ne
302 2962 540 2989 revocarentur
560 2957 601 2987 ab
621 2957 710 2993 aliis,
732 2958 930 2996 appellante,
949 2959 1095 2998 capit-ula
1112 2969 1170 2990 su-

1252 361 1411 398 pradicta.
1430 364 1643 402 appellationi
1655 368 2040 407 quaminterposuerant,
2051 372 2256 404 insistentes.

1255 417 1319 442 tam
1338 423 1396 452 per
1415 415 1544 446 litteras
1567 427 1644 448 suas
1661 429 1760 458 quam
1782 430 1839 458 per
1861 428 2089 459 procuratores
2109 435 2194 462 suos,
2218 428 2256 456 ad

1252 465 1314 495 hoc
1331 467 1371 496 ad
1387 473 1532 499 nostram
1553 472 1755 508 presentiam
1778 474 1972 511 destinatos,
1991 477 2184 515 suppliciter
2202 489 2258 518 pe-

1254 519 1377 549 tierunt
1407 526 1529 552 statuta
1550 524 1663 554 eadem
1687 527 1850 562 revocari,
1873 527 1994 558 litteris
2017 531 2165 560 omnium
2190 533 2258 562 sere

1254 573 1538 611 suffraganeorum
1554 576 1712 614 ipsorum,
1730 578 1791 609 hoc
1809 580 1896 610 idem
1915 582 2184 620 supplicantium,
2205 594 2261 615 no-

1252 624 1304 655 bis
1334 626 1572 660 nichilominus
1602 633 1812 668 presentatis.
1839 634 1924 670 Quia
1959 644 2034 665 vero
2067 636 2163 667 nobis
2193 646 2259 667 non

1253 680 1401 709 constitit
1431 681 1469 711 de
1495 684 1678 720 premissis,
1711 686 1905 717 mandamus
1933 694 2107 727 quatenus,
2135 692 2259 721 vocatis

1253 732 1310 770 qui
1330 733 1457 763 fuerint
1481 737 1639 766 evocandi
1666 742 1697 767 et
1723 739 1844 769 auditis
1867 740 1946 770 hinc
1969 741 2045 772 inde
2067 744 2256 781 propositis,

1252 786 1421 822 negotium
1439 787 1560 825 ipsum.
1581 789 1610 818 si
1633 790 1671 820 de
1690 791 1835 828 partium
1857 793 2025 824 voluntate
2047 797 2255 833 processerit,

1247 836 1374 875 judicio
1385 839 1434 869 vel
1446 841 1830 879 concordiaterniinetis;
1846 845 2006 876 facientes
2019 852 2092 883 etc.;
2108 848 2256 888 alioquin

1249 889 1333 919 illud
1355 891 1558 922 sufficienter
1584 894 1785 925 instructum
1810 897 1851 926 ad
1877 907 2013 929 examen
2041 901 2257 938 apostolicum

1250 943 1438 980 remittatis,
1472 946 1668 984 prefigentes
1690 949 1840 986 partibus
1871 952 2048 981 terminum
2077 960 2257 992 perempto-

1251 995 1337 1024 rium
1353 1002 1604 1035 competentem.
1625 1009 1688 1038 quo
1706 1010 1763 1038 per
1779 1008 2006 1039 procuratores
2030 1006 2255 1046 suffi[cientes]

1251 1052 1282 1077 et
1307 1048 1444 1079 idoneos
1474 1058 1684 1089 compareant
1716 1063 1826 1084 coram
1862 1056 1973 1091 nobis,
2012 1059 2098 1096 quod
2130 1060 2257 1098 justum

1252 1101 1364 1131 fuerit.
1383 1108 1516 1133 auctore
1537 1105 1688 1140 Domino,
1710 1112 1899 1145 1·ecepture;
1926 1118 1990 1139 non
2009 1110 2159 1141 obstante
2181 1122 2259 1142 con-

1251 1154 1425 1185 stitutione
1445 1156 1484 1186 de
1505 1157 1633 1188 duabus
1654 1158 1752 1188 dietis
1774 1160 1861 1190 edita
1883 1161 1918 1190 in
1942 1163 2081 1193 concilio
2100 1165 2258 1202 generali,

1251 1206 1297 1236 ita
1315 1212 1421 1238 tamen
1440 1210 1526 1247 quod
1547 1210 1634 1240 ultra
1651 1212 1781 1242 tertiam
1804 1213 1854 1242 vel
1872 1220 2023 1252 quartam
2040 1221 2100 1246 etc.
2118 1235 2166 1246 —.
2185 1218 2257 1247 Dat.

1253 1260 1419 1296 Laterani,
1436 1262 1514 1292 XVI
1530 1263 1689 1294 kalendas
1702 1265 1790 1303 julii,
1807 1275 1893 1296 anno
1911 1269 2165 1306 quartodecimo.
2186 1282 2198 1296 n

1322 1441 1434 1468 5221
1841 1446 1961 1479 Lati-an,
1978 1448 2011 1474 17
2027 1449 2091 1481 juin
2110 1449 2188 1476 1240.

1287 1501 1426 1536 Capitulo
1439 1503 1619 1531 Bononiensi
1636 1505 1783 1538 significat
1797 1515 1827 1533 se
1838 1508 2080 1535 archidiaconum
2095 1510 2260 1538 Bononien-

1250 1558 1323 1581 sem,
1345 1551 1558 1578 subdiaconum
1583 1556 1609 1580 et
1630 1555 1817 1588 capellanum
1838 1564 1935 1584 suum.
1957 1566 2012 1583 non
2034 1557 2168 1585 obstante
2183 1560 2258 1593 quod

1249 1599 1286 1625 ad
1304 1608 1415 1626 annum
1433 1601 1617 1628 tricesimum
1640 1610 1697 1628 non
1719 1608 1903 1636 pervenerat,
1924 1605 1953 1631 in
1974 1610 2189 1639 prtmuratorem
2212 1617 2259 1634 ee-

1249 1647 1356 1673 clesiae
1372 1648 1553 1675 Bononiensi
1568 1650 1754 1683 concessisse,
1769 1651 1864 1678 eidem
1876 1653 1963 1686 plena
1979 1654 2146 1687 praedictae
2163 1657 2257 1683 eccle-

1249 1695 1309 1722 siae
1324 1696 1355 1722 in
1370 1696 1576 1730 spiritualibus
1591 1701 1619 1724 et
1633 1699 1664 1725 in
1678 1700 1891 1733 temporalibus
1906 1701 2166 1730 administratione
2181 1714 2258 1732 com-

1249 1744 1355 1776 missa;
1370 1745 1448 1771 unde
1462 1754 1508 1772 eos
1522 1750 1602 1779 rogat
1622 1750 1650 1773 et
1666 1748 1800 1774 hortatur
1821 1752 1964 1783 quatenus
1981 1751 2043 1784 ejus
2063 1753 2212 1780 mandatis
2229 1757 2257 1781 et

1250 1793 1371 1820 monitis
1388 1794 1556 1821 intendant.
1571 1811 1605 1813 —
1620 1796 1707 1827 (REG.
1722 1796 1766 1829 20,
1782 1799 1801 1823 i.
1816 1798 1849 1824 16
1869 1802 1911 1830 r⁰3
1933 1808 2002 1826 ann.
2020 1800 2102 1832 XIV,
2119 1810 2143 1827 c.
2161 1801 2208 1833 91;
2224 1817 2257 1820 —

1250 1842 1407 1869 Po’rrnasr
1422 1842 1508 1869 10896
1519 1845 1551 1874 ¹.)

1292 1955 1304 1969 (t
1323 1944 1464 1981 Capilulo
1480 1945 1672 1974 Bononiensi.
1695 1946 1801 1984 Super
1823 1956 1860 1977 eo
1886 1948 1980 1978 nobis
2001 1967 2048 1978 —.
2069 1951 2140 1980 Dat.
2161 1951 2258 1981 Late-

1250 1996 1335 2031 rani,
1352 1997 1414 2026 XV
1429 1997 1587 2028 kalendas
1601 1998 1690 2037 jtilii,
1711 2008 1797 2030 anno
1812 2001 2070 2039 quartodecimo.
2091 2016 2103 2029 n

1321 2176 1436 2205 5222
1844 2181 1964 2208 Latran.
1982 2183 2014 2208 17
2027 2183 2091 2216 juin
2106 2183 2185 2210 1240.

1286 2239 1405 2266 Clerum
1428 2239 1561 2266 civitatis
1582 2244 1610 2267 et
1633 2241 1774 2268 dioecesis
1794 2243 2001 2276 Bononiensis,
2023 2245 2120 2272 verbis
2141 2255 2259 2280 compe-

1249 2290 1346 2315 tenter
1360 2288 1494 2320 mutatis,
1508 2292 1589 2322 rogat
1601 2289 1742 2316 similiter
1758 2294 1903 2324 quatenus
1915 2293 2047 2325 ejusdem
2062 2295 2258 2328 procuratoris

1250 2337 1447 2364 Bononiensis
1473 2337 1614 2364 ecclesiae
1644 2338 1793 2365 mandatis
1824 2344 1851 2366 et
1881 2341 2004 2367 monitis
2031 2342 2198 2370 intendant.
2226 2358 2258 2362 —

1249 2386 1336 2416 (ΒΕΘ.
1356 2385 1400 2418 20,
1417 2386 1438 2411 f.
1455 2385 1489 2412 16
1504 2389 1549 2417 v⁰;
1565 2394 1635 2413 aun.
1658 2387 1739 2417 XIV,
1757 2396 1781 2414 c.
1803 2387 1854 2419 92;
1872 2403 1903 2406 —
1920 2391 1958 2415 ct'.
1976 2390 2131 2417 Formas:
2146 2391 2258 2423 10896.)

1293 2498 1306 2512 (ι
1325 2487 1408 2516 Clero
1423 2487 1560 2515 civitatis
1576 2492 1601 2515 et
1618 2487 1743 2516 diocesis
1762 2488 1973 2517 Bononiensis.
2000 2490 2045 2519 Ex
2066 2490 2186 2521 litteris
2208 2492 2259 2520 di-

1249 2538 1411 2569 lectorum
1426 2556 1475 2567 ——.
1492 2540 1566 2568 Dat.
1583 2544 1617 2569 ut
1635 2548 1745 2578 supra.
1764 2552 1776 2565 n

1285 2658 1306 2681 t.
1323 2658 1476 2687 POTTHAST,
1492 2658 1548 2688 qui,
1565 2665 1598 2681 en
1615 2659 1670 2681 tete
1687 2658 1721 2681 de
1737 2666 1787 2682 son
1805 2659 1927 2690 analyse,
1944 2660 2069 2691 imprime
2085 2663 2157 2685 clero
2171 2665 2262 2687 Bono-

1252 2703 1362 2730 niensi,
1383 2709 1415 2724 au
1437 2701 1492 2725 lieu
1510 2701 1543 2725 de
1559 2703 1683 2730 capitulo
1699 2704 1890 2733 Bononiensi,
1911 2711 1926 2727 a
1944 2705 2083 2729 confondu
2100 2710 2171 2730 cette
2187 2707 2262 2737 piece

1252 2749 1278 2769 et
1293 2746 1318 2769 la
1333 2746 1473 2774 suivante,
1495 2749 1521 2769 et
1537 2745 1570 2768 de
1586 2746 1611 2768 la
1632 2747 1824 2770 combinaison
1848 2747 1881 2770 de
1896 2748 1969 2771 l'une
1986 2753 2012 2771 et
2028 2749 2061 2772 de
2076 2750 2172 2774 l'autre
2187 2758 2202 2774 a
2213 2752 2262 2775 fait

1251 2797 1289 2813 un
1298 2790 1357 2813 seul
1368 2790 1480 2818 article;
1497 2796 1543 2813 ces
1559 2789 1632 2812 deux
1643 2790 1731 2813 bulles
1747 2790 1823 2814 n'ont
1835 2798 1883 2821 pas
1898 2792 1923 2815 le
1936 2793 2022 2816 meme
2034 2794 2145 2823 incipit,
2158 2798 2183 2817 et
2196 2795 2263 2818 c'est

1252 2834 1324 2857 celui
1340 2834 1373 2857 de
1390 2834 1416 2856 la
1436 2833 1571 2864 premiere
1588 2840 1594 2856 :
1613 2842 1624 2855 (ι
1643 2833 1734 2864 Super
1755 2841 1787 2858 eo
1808 2836 1889 2859 nobis
1905 2844 1931 2864 υ,
1953 2843 2018 2859 avec
2035 2837 2165 2861 l'adresse
2186 2839 2219 2862 de
2239 2839 2264 2862 Ia

1251 2878 1381 2907 seconde,
1393 2884 1446 2908 que
1459 2877 1514 2901 l'on
1528 2882 1634 2905 trouve,
1649 2878 1717 2901 dans
1731 2885 1774 2902 ses
1789 2881 1912 2908 Hegesia,
1926 2887 1991 2903 sous
2006 2881 2030 2904 le
2044 2881 2157 2904 numero
2173 2882 2258 2909 1089&

1252 2923 1396 2946 Pon-aest*
1417 2922 1575 2945 mentionne
1596 2922 1660 2945 bien
1681 2922 1801 2952 l'incipit
1819 2932 1826 2946 .·
1843 2932 1854 2945 c<
1871 2923 1911 2947 Ex
1927 2925 2026 2948 litteris
2044 2934 2066 2952 n,
2084 2925 2117 2948 de
2135 2930 2204 2949 cette
2220 2933 2265 2950 se-

1252 2966 1340 2990 conde
1356 2966 1442 2996 piece,
1461 2966 1527 2989 mais
1545 2973 1615 2996 pour
1630 2966 1655 2990 le
1670 2967 1769 2996 reieter
1785 2974 1890 2990 comme
1906 2968 2028 2991 inexact.
