2553 3526
109 322 168 350 ‘225
915 303 1224 349 QUATORZIEME
1247 303 1403 339 ANNEE.
2150 318 2206 345 Μ

106 385 275 426 presentia
294 383 501 414 subditorum
517 382 656 421 juraret,
677 385 708 410 et
726 381 893 419 abjuraret
909 387 1040 408 omnem
1059 377 1118 406 he-

105 439 219 473 resim,
240 442 272 468 et
294 436 437 466 maxime
459 435 551 464 illam
575 443 640 473 qua
662 434 810 468 Latinos,
836 441 894 471 pro
917 440 954 461 eo
975 430 1061 469 quod
1082 430 1116 458 in

104 491 219 522 azimis
238 489 418 523 celebrant,
437 488 602 518 hereticos
624 486 844 519 mentiuntur,
865 493 930 514 non
948 482 1118 521 permitte-

106 549 180 575 rent
201 544 414 582 aliquatenus
439 540 608 571 celebrare
634 557 672 561 ——
697 549 703 568 :
732 543 777 573 tu,
804 536 951 567 mandati
970 535 1118 574 ejusdem

107 597 251 635 diligens
266 599 431 629 executor,
448 617 469 623 ..
487 593 774 630 archiepiscopum
796 595 827 620 et
848 590 1018 628 episcopos
1037 588 1119 617 Gre-

106 658 162 679 cos
190 653 245 678 tue
270 647 441 686 provincie
469 654 685 683 congregans,
708 643 900 673 mandatum
927 640 1119 679 hujusmodi

108 701 297 735 ostendisti,
317 709 353 730 ac
369 699 435 737 legi
450 698 562 729 fecisti
581 698 629 727 eis
648 696 843 734 diligentius
858 700 888 725 et
900 694 1030 732 exponi.
1044 693 1118 727 Sed,

108 755 187 785 licet
206 754 256 783 illi
273 753 311 783 ad
329 762 387 783 sue
410 751 600 790 iniquitatis
618 749 802 788 presidium
821 748 942 777 multas
959 747 1121 785 iniquita-

109 812 158 837 tes
178 806 424 845 pretenderent,
445 809 476 834 et
492 812 683 842 processum
707 807 798 831 tuum
820 810 919 838 super
936 800 996 829 hoc
1015 799 1121 829 moliti

110 859 237 890 fuerint
253 858 426 896 impedire,
444 857 524 895 quia
541 861 649 886 tamen
667 855 705 885 de
723 864 782 884 sua
798 854 963 884 confidere
983 862 1046 882 non
1065 862 1122 890 po-

112 916 220 943 terant
249 911 413 945 vanitate,
444 909 547 948 petita
576 913 607 938 et
636 908 770 938 obtenta
796 907 947 946 jamdicti
976 906 1122 935 mandati

111 965 217 995 nostri
234 964 338 1003 copia,
354 963 556 993 concedendi
574 962 639 991 sibi
656 962 695 991 ad
709 960 960 991 deliberandum
975 959 1122 989 indutias

111 1017 339 1057 postula1·unt;
366 1025 448 1056 quas
473 1024 548 1046 cum
576 1020 610 1044 tu
634 1023 801 1044 assereres
825 1023 889 1043 non
916 1022 988 1043 esse
1007 1013 1040 1041 in
1063 1012 1122 1041 hoc

111 1070 251 1101 articulo
267 1069 506 1104 concedendas,
520 1077 585 1104 eas,
606 1068 645 1097 ad
657 1067 920 1097 convincendum
934 1066 1123 1104 superbiam

110 1129 143 1155 et
165 1123 436 1162 superstitionem
467 1121 589 1152 erroris
622 1121 781 1159 ipsorum,
806 1120 888 1158 ipsis
917 1118 1124 1157 postmodum

111 1177 320 1208 concessisti.
340 1176 405 1213 Qui
423 1176 512 1205 infra
531 1175 617 1205 diem
639 1174 800 1212 prefixum
820 1173 956 1206 eisdem,
975 1181 1049 1201 cum
1067 1171 1124 1201 ab·

111 1231 261 1266 batibus,
294 1228 468 1259 monachis
495 1233 526 1258 et
555 1227 751 1266 presbiteris
782 1225 965 1265 majoribus
995 1224 1123 1260 Grecis,

111 1283 246 1314 nudatis
263 1282 477 1312 monasteriis
493 1285 525 1311 et
541 1280 692 1310 ecclesiis
706 1280 741 1308 in
758 1279 880 1318 quibus
897 1278 1122 1313 morabantur,

110 1335 266 1365 omnibus
290 1334 386 1364 honis
407 1333 489 1368 suis,
513 1332 655 1362 latenter
679 1332 853 1361 exiverunt
878 1330 1048 1369 provincie
1070 1334 1123 1360 tue

112 1389 195 1418 fines
220 1392 252 1418 et
275 1387 315 1417 ad
337 1391 447 1425 partes
469 1386 627 1416 Armenie
650 1394 685 1415 se
712 1384 923 1414 transtulisse
946 1384 1122 1417 dicuntur,

112 1440 252 1480 reliquis
274 1439 462 1474 abhatibus,
487 1438 660 1468 monachis
681 1442 711 1468 et
734 1437 928 1476 presbiteris
952 1437 1067 1467 Grecis
1090 1437 1125 1465 in

113 1493 228 1524 eadem
244 1492 415 1531 provincia
426 1491 689 1525 remanentibus,
708 1491 736 1520 si
747 1491 1013 1529 obtemperarent
1032 1499 1126 1519 man-

112 1547 189 1577 dato
207 1546 398 1585 apostolico,
416 1545 503 1575 dicto
519 1545 624 1575 Greco
642 1544 890 1582 archiepiscopo
907 1544 1127 1573 excommuni-

114 1599 256 1629 cationis
275 1598 477 1628 sententiam
493 1597 729 1627 comminante.
743 1598 849 1635 Super
865 1597 986 1635 quibus
1000 1601 1128 1635 aposto-

113 1652 217 1682 licum
242 1651 367 1682 duxisti
392 1650 571 1681 consilium
594 1650 833 1689 requirendum
856 1667 904 1678 -.
931 1650 1127 1679 Mandamus

115 1709 280 1744 quatenus
297 1705 420 1735 Grecos
439 1704 497 1743 qui
516 1707 760 1738 remanserunt,
783 1703 811 1732 si
835 1703 1000 1733 mandatis
1022 1704 1128 1741 Apos-

113 1757 212 1788 tolice
241 1757 337 1788 Sedis
363 1765 479 1795 parere
507 1756 778 1794 contempserint,
810 1756 848 1786 de
880 1761 933 1786 tue
959 1756 1128 1794 provincie

115 1810 239 1840 finibus
263 1809 425 1848 expellere
445 1818 511 1839 non
528 1809 671 1844 omittas,
692 1809 839 1847 ipsorum
856 1813 887 1839 et
905 1809 1127 1847 predictorum

114 1864 334 1902 fugitivorum
359 1863 517 1893 ecclesias
537 1867 567 1892 et
589 1863 791 1892 monasteria
812 1862 850 1891 de
870 1862 998 1891 Latinis
1019 1871 1128 1892 sacer-

112 1917 248 1946 dotibus
264 1921 296 1946 et
319 1916 395 1945 aliis
421 1915 588 1944 ministris
616 1915 745 1944 idoneis
773 1932 811 1936 ——
833 1915 987 1944 ordinare
1010 1924 1129 1953 procu-

114 1978 194 1999 rans
210 1986 258 1998 —.
277 1970 350 1998 Dat.
372 1968 536 2003 Laterani,
557 1968 668 1997 idibus
693 1967 819 2005 aprilis,
845 1977 932 1997 anno
953 1967 1128 2006 quartode-

113 2031 213 2053 cimo.
234 2035 246 2049 n

188 2241 309 2269 5¹42
704 2241 825 2273 Latran,
839 2241 872 2267 24
886 2241 963 2267 avril
980 2241 1058 2267 1240.

154 2302 298 2337 Episcopo
315 2305 343 2329 et
359 2303 568 2329 archidiacono
587 2302 859 2336 NVigorniensibus,
883 2312 934 2329 nee
956 2312 1012 2329 non
1033 2304 1132 2330 archi-

116 2352 243 2379 diacono
256 2352 643 2386 Siiburiae,XVigorniensis
657 2352 809 2384 dioecesis,
823 2353 925 2379 scribit
937 2353 972 2379 de
984 2353 1132 2386 quaestio-

119 2401 207 2428 nibus
223 2401 302 2427 inter
315 2400 484 2435 episcopum
505 2401 757 2433 Lincolniensem,
772 2409 807 2427 ex
822 2410 880 2427 una
894 2404 986 2435 parte,
1003 2405 1031 2428 et
1047 2402 1133 2428 deca-

119 2458 190 2477 num
214 2449 439 2484 capitulumque
462 2449 696 2483 Lincolnienses,
717 2458 751 2476 ex
775 2451 878 2483 altera,
901 2459 987 2484 super
1007 2451 1133 2477 diversis

118 2498 254 2525 articulis
270 2499 391 2531 exortis,
406 2501 435 2525 et
449 2498 521 2532 ipsis
538 2498 674 2532 episcopo
690 2499 894 2532 XVigorniensi
912 2502 940 2526 et
951 2500 1133 2526 archidiaco-

120 2548 167 2574 nis
179 2547 385 2581 Wigorniensi
400 2551 428 2574 et
445 2547 602 2580 Suburiae,
615 2556 686 2581 quos
702 2550 799 2581 partes
816 2548 893 2574 inter
904 2556 933 2574 se
947 2548 1061 2581 judices
1078 2549 1134 2575 ele-

120 2598 234 2630 gerant,
247 2599 281 2623 ut
296 2605 344 2622 eas
360 2596 542 2628 deciderent,
559 2596 595 2622 ab
616 2596 725 2622 eisdem
744 2596 877 2630 partibus
894 2597 1075 2629 commissis;
1092 2597 1134 2624 eis

120 2644 269 2679 significat
291 2647 492 2679 procuratores
512 2653 529 2671 a
549 2644 694 2678 partibus,
721 2652 734 2669 (ι
756 2653 822 2670 cuu1
848 2645 956 2671 litteris
981 2645 1134 2672 continen-

121 2701 135 2719 n
156 2693 236 2720 tibus
253 2694 377 2720 formam
395 2693 628 2719 conventionis»
645 2701 719 2726 quae
734 2701 820 2727 super
837 2694 890 2719 hoc
907 2693 984 2720 inter
1001 2694 1070 2720 illas
1087 2694 1135 2720 in—

120 2744 299 2774 tervenerat,
320 2742 356 2768 ad
379 2742 484 2769 Sedem
502 2742 703 2776 Apostolicau]
730 2742 892 2768 destinatos
913 2742 1014 2775 fuisse,
1035 2743 1136 2776 eisque

121 2790 245 2817 mandat
281 2797 295 2815 «
318 2793 463 2824 quatenus
489 2798 539 2824 per
564 2788 851 2824 con[tradictorium]
882 2791 1050 2824 questiones
1075 2799 1135 2817 eas-

122 2847 136 2865 »
157 2839 223 2866 dem
245 2838 406 2865 secundum
429 2838 540 2865 dictam
557 2840 682 2865 formam
697 2849 709 2861 »
725 2839 860 2871 audiant,
873 2842 912 2871 et,
926 2839 950 2865 si
967 2840 1135 2873 praedictae

121 2890 219 2922 partes
235 2887 450 2915 consenserint,
467 2887 525 2913 fine
543 2887 642 2913 debito
665 2887 841 2919 tex-mineum
867 2888 999 2921 alioquin
1017 2888 1133 2914 easdem

122 2935 308 2970 quaestiones
326 2935 506 2961 sufficienter
524 2935 696 2968 instructas,
713 2936 792 2962 infra
811 2936 964 2962 biennium
983 2939 1047 2970 post
1061 2937 1136 2970 ipso-

121 2993 188 3011 rum
205 2983 340 3018 judicum
358 2983 510 3010 citationis
521 2983 664 3016 edictum,
679 2992 730 3018 per
746 2988 947 3018 procuratores
964 2985 1082 3012 idoneos
1098 2984 1134 3011 ad

248 3037 434 3068 oRsGomE
454 3044 503 3074 1x‚
523 3048 540 3069 t.
562 3045 609 3068 111.

1201 376 1306 402 Sedem
1319 376 1520 410 Apostolicam
1535 377 1699 403 remittant.
1714 391 1745 395 —
1762 378 1848 408 (Rae.
1861 379 1904 407 20,
1919 381 1936 405 f.
1950 380 1963 405 4
1980 385 2024 411 v'’;
2042 390 2110 407 aun.
2124 383 2205 415 XIV,

1200 433 1224 450 c.
1242 424 1301 455 20.)

1242 530 1254 543 (ι
1274 541 1293 546 ..
1310 519 1442 556 episcopo
1461 520 1673 556 Wiqomiensi,
1688 525 1714 548 et
1734 543 1752 548 ..
1773 521 1973 557 Il‘iyornz'ensi
1989 527 2014 550 et
2029 545 2048 550 ..
2066 524 2205 558 Sabaria,

1207 571 1424 607 Wiyorniensis
1445 571 1581 606 diocesis,
1606 572 1847 601 archidiaconis.
1868 572 1949 602 Cum
1969 573 2055 602 inter
2074 583 2210 603 venera-

1202 624 1302 654 bilem
1319 625 1453 653 fratrem
1477 628 1625 653 nostrum
1646 647 1667 653 ..
1690 625 1895 663 episcopum,
1916 635 1952 655 ex
1970 631 2061 663 parte
2084 636 2159 661 una,
2180 632 2211 657 et

1203 677 1339 707 dilectos
1357 677 1442 706 filios
1466 700 1485 705 ..
1508 677 1666 706 decanum
1691 682 1722 707 et
1744 677 1923 715 capitulum
1946 679 2209 715 Lincolnienses,

1204 739 1239 759 ex
1257 729 1370 764 altera,
1391 739 1489 768 super
1508 730 1699 760 visitatione
1715 730 1821 768 ipsius
1842 731 1979 768 capituli
2001 736 2031 760 et
2054 731 2211 762 ecclesia-

1205 792 1277 812 rum
1294 783 1334 812 ad
1352 783 1531 819 dignitates
1551 792 1587 812 ac
1599 782 1782 820 prehendas
1799 787 1829 812 et
1846 784 2067 813 communiam
2085 784 2210 814 Lincol-

1205 836 1334 865 niensis
1350 835 1488 865 ecclesie
1505 835 1724 873 spectantium
1742 840 1773 865 et
1787 835 2015 865 ministrorum
2032 838 2210 868 earundem

1205 889 1433 923 ecclesiarum,
1459 898 1517 918 nec
1539 897 1603 917 non
1624 897 1723 926 super
1743 888 1818 918 aliis
1840 889 1990 918 articulis
2017 890 2211 927 dignitatem

1206 947 1235 972 et
1253 943 1396 972 officium
1413 941 1597 979 episcopale
1609 941 1889 978 contingentibus,
1905 942 2094 980 acjuriluus,
2112 943 2212 972 lilwr-

1207 995 1329 1025 tatibus
1350 1000 1381 1024 et
1399 994 1697 1023 consuetudinibus
1717 994 1822 1031 ipsius
1847 994 1996 1026 ecclesie,
2018 995 2102 1024 sicut
2125 995 2213 1033 ipso-

1206 1057 1279 1077 rum
1296 1047 1523 1076 insinuatione
1543 1046 1760 1084 percepimus,
1781 1046 1993 1084 questionum
2014 1047 2151 1076 materia
2171 1048 2214 1076 sit

1207 1105 1318 1131 exorta
1336 1109 1342 1128 :
1362 1099 1438 1137 ipsi,
1462 1099 1591 1128 labores
1615 1103 1645 1128 et
1671 1107 1843 1136 expensas,
1866 1098 2095 1128 cavillationes
2115 1104 2145 1129 et
2162 1100 2213 1128 in-

1207 1153 1398 1183 tricationes
1424 1161 1599 1181 causarum
1622 1152 1723 1181 vitare
1743 1151 1902 1185 volentes,
1924 1161 1960 1181 ac
1984 1152 2214 1181 renuntiantes

1206 1207 1362 1236 omnibus
1378 1206 1500 1235 litteris
1517 1214 1615 1243 super
1633 1204 1700 1233 hiis
1717 1214 1735 1233 a
1754 1204 1837 1234 Sede
1854 1205 2042 1242 Apostolica
2058 1205 2214 1242 impetra-

1207 1260 1249 1289 tis
1272 1259 1323 1289 vel
1347 1260 1446 1289 etiam
1469 1258 1698 1296 impetrandis,
1722 1257 1824 1287 salvis
1848 1262 1956 1287 tamen
1982 1258 2167 1295 privilegiis
2185 1263 2215 1287 et

1206 1313 1425 1350 indulgentiis
1451 1311 1651 1345 eorumdem,
1676 1319 1732 1340 vos
1756 1310 1925 1347 elegerunt
1947 1310 2076 1349 judices
2099 1310 2215 1349 hujus-

1207 1366 1295 1395 modi
1311 1365 1535 1404 questionum,
1549 1368 1595 1398 ut,
1611 1364 1765 1393 omnibus
1779 1363 2026 1401 exceptionibus
2040 1363 2213 1393 dilatoriis.

1207 1418 1395 1457 quibusque
1407 1416 1556 1454 diffugiis
1570 1415 1829 1454 etappellatione
1842 1415 1988 1447 remotis,
2004 1415 2094 1445 litem
2106 1425 2214 1445 coram

1208 1471 1300 1500 vohis
1311 1470 1471 1499 facientes
1485 1469 1635 1507 protinus
1647 1468 1836 1502 contestari,
1851 1468 2011 1497 audiretis
2024 1469 2215 1506 questiones

1208 1524 1351 1558 easdem,
1375 1527 1416 1558 et,
1437 1523 1465 1552 si
1487 1522 1525 1552 de
1549 1522 1692 1560 partium
1713 1521 1881 1551 voluntate
1902 1521 2103 1559 procederet,
2128 1522 2217 1551 ‹leci-

1208 1577 1285 1607 dere
1301 1576 1474 1611 curaretis,
1493 1575 1544 1605 vel
1561 1584 1616 1605 eas
1632 1574 1836 1604 sufficienter
1851 1573 2031 1603 instructas
2048 1574 2137 1603 infra
2150 1583 2216 1603 cer-

1209 1634 1278 1659 tum
1295 1629 1474 1659 terminum
1490 1627 1717 1666 prefigendum
1735 1636 1753 1656 a
1769 1626 1877 1662 nobis,
1893 1626 1933 1655 ad
1948 1626 2064 1656 Sedem
2082 1628 2218 1664 Aposto-

1208 1683 1306 1712 licam
1323 1681 1500 1711 mitteretis
1513 1698 1562 1710 —.
1580 1682 1651 1710 Dat.
1672 1680 1838 1716 Laterani,
1855 1680 1936 1710 VIII
1953 1679 2112 1709 kalendas
2126 1680 2216 1715 maii,

1210 1744 1297 1765 anno
1313 1734 1571 1774 quartodecimo.
1591 1746 1604 1760 ι)

1280 1900 1399 1927 5143

1246 1962 1346 1989 Electo
1371 1961 1505 1989 Jadreusi
1528 1960 1677 1994 significat
1701 1969 1731 1986 se
1753 1960 1779 1986 ei
1798 1960 1935 1994 pallium,
1959 1968 1993 1986 ex
2020 1963 2102 1994 parte
2127 1960 2219 1994 ipsius

1211 2012 1297 2038 electi
1318 2011 1354 2038 ab
1375 2011 1437 2045 ipso
1458 2018 1533 2044 papa
1552 2018 1602 2044 per
1618 2009 1825 2042 Grisogonum,
1846 2009 2020 2035 canonicum
2036 2009 2218 2041 Jadrensem,

1211 2063 1239 2087 et
1257 2060 1448 2093 Symeonem,
1473 2058 1677 2092 presbyterum
1700 2058 1736 2083 de
1754 2057 1900 2089 venetiis,
1920 2057 2012 2091 ipsius
2034 2057 2119 2084 electi
2144 2066 2220 2083 nun-

1212 2109 1278 2141 tios,
1297 2109 1489 2142 postulatum,
1502 2107 1662 2138 destinare,
1675 2106 1751 2139 quod
1766 2114 1800 2132 ex
1811 2105 1948 2132 manibus
1961 2105 2045 2131 electi
2062 2105 2221 2132 Gradensis

1212 2158 1356 2191 accipiam
1379 2157 1431 2183 illo
1452 2157 1532 2183 intra
1551 2155 1706 2182 ecclesiam
1730 2155 1901 2182 Jadrensem
1920 2154 1981 2180 illis
1998 2154 2100 2181 diebus
2123 2157 2222 2181 utatur

1213 2207 1243 2233 in
1261 2206 1392 2240 ejusden]
1411 2205 1552 2232 ecelesiae
1570 2204 1736 2239 privilegiis
1748 2203 1903 2237 expressis.
1916 2204 2045 2234 —fflm
2060 2203 2105 2233 20,
2121 2204 2167 2229 114
2178 2206 2221 2233 v⁰;

1214 2264 1283 2282 ann.
1303 2255 1386 2286 XIV,
1404 2263 1428 2280 c.
1448 2254 1497 2285 213
1515 2269 1546 2271 —
1565 2254 1720 2280 Pommsr
1734 2251 1843 2282 10888.)

1808 1899 1929 1930 Latran,
1946 1898 1980 1924 30
1995 1898 2052 1924 mai
2068 1899 2145 1925 1240.

1256 2362 1270 2379 (ς
1291 2373 1308 2378 ..
1326 2351 1413 2378 electo
1427 2348 1581 2378 ,ladreusfi
1597 2347 1678 2377 Cum
1696 2345 1850 2384 palleum,
1863 2345 2053 2382 insigne—.
2071 2345 2144 2373 Dat.
2162 2345 2222 2373 La-

1216 2403 1334 2437 terani,
1351 2403 1398 2432 III
1416 2401 1575 2431 kalendas
1589 2399 1688 2438 Junii,
1709 2407 1795 2428 anno
1812 2397 2066 2436 quartodecimo.
2090 2410 2101 2423 »

1286 2571 1339 2598 51
1350 2570 1408 2597 44
1818 2563 1938 2594 Latran,
1951 2562 1985 2588 30
2000 2562 2056 2588 mai
2072 2562 2151 2588 1210.

1253 2635 1353 2662 Electa
1371 2630 1514 2659 (jraslensi
1533 2628 1652 2655 mandat
1672 2630 1816 2661 quatenus
1836 2627 1927 2652 electo
1946 2624 2080 2652 Jadrensi
2097 2624 2221 2658 pallium

1216 2684 1356 2715 assignet,
1373 2684 1401 2707 et
1425 2681 1547 2706 sormam
1566 2676 1727 2710 juramenti
1745 2675 1820 2709 quod
1840 2674 1917 2700 idem
1933 2673 2082 2700 Jadrensis
2099 2673 2222 2706 praesti-

1217 2714 1296 2762 teritd,
1321 2731 1355 2757 de
1376 2728 1463 2755 verbo
1485 2727 1519 2753 ad
1544 2725 1665 2751 verbum
1686 2724 1754 2750 Sodi
1777 2722 1963 2757 Apostolicae
1983 2721 2036 2748 sub
2058 2730 2108 2747 suo
2125 2722 2224 2755 sigillo

1217 2779 1412 2809 transmittat.
1431 2791 1461 2795 —-
1479 2776 1565 2807 (Rau.
1582 2774 1626 2806 20,
1644 2774 1664 2799 f.
1681 2773 1696 2798 5
1717 2775 1756 2804 r⁰;
1777 2780 1846 2798 ann.
1869 2771 1951 2802 XIV,
1975 2779 1999 2796 c,
2021 2770 2071 2801 223
2092 2785 2122 2787 —
2147 2771 2223 2796 Por-

1216 2838 1310 2858 ·rHAs'r
1322 2826 1431 2856 10889.)

1259 2937 1273 2951 τι
1305 2947 1324 2952 ..
1352 2923 1439 2951 electo
1464 2918 1622 2948 δι’(ιάοιιεί.
1651 2915 1733 2946 Cum
1758 2913 1900 2952 palleum
1927 2916 1988 2941 ete.
2012 2929 2060 2940 —.
2088 2913 2160 2940 Dat.
2190 2916 2225 2940 ut

1219 2985 1329 3015 supra.
1353 2988 1365 3001 υ

2075 3029 2102 3054 ῒ5
