2553 3526
145 306 207 336 377
957 294 1268 339 QUATORZIEME
1291 295 1449 332 ANNEE.
2191 312 2250 341 378

148 373 301 408 praefigat,
323 381 378 406 quo
402 371 596 406 personaliter
615 379 711 398 coram
735 371 797 405 ipso
814 379 889 405 papa
906 372 1106 404 compareant.
1125 383 1156 387 —

148 422 236 454 (Res.
254 421 298 448 20.
316 421 337 447 f.
353 421 387 447 42
401 423 444 452 v⁰;
461 428 531 447 ann.
548 420 631 451 xiv,
648 428 672 446 0.
687 419 762 450 258.)

191 548 203 562 α
222 559 241 565 ..
257 537 359 574 priori
374 536 408 564 de
425 536 603 571 itloeessont.,
621 535 740 563 ordinis
753 535 853 563 sancti
868 533 1047 571 Auyusstui,
1071 533 1156 560 Win-

146 589 295 618 ioniensis
315 589 450 617 diocesis.
478 588 518 617 H.
542 587 580 617 de
603 587 735 617 Sainlo¹
754 605 802 616 —.
830 588 902 616 Dat.
925 585 1089 620 Laterani,
1109 585 1156 614 XI

146 641 307 671 kalendas
321 640 480 679 januarii,
498 649 584 670 anno
604 640 862 679 quartodecimo.
882 651 895 665 »

217 847 335 876 5408

183 907 338 944 [Episcopo
354 907 509 936 Cauriensi
519 906 540 942 Δ1]
557 908 692 934 concedit
710 911 740 934 ut
755 916 845 942 usque
859 908 894 934 ad
912 907 1074 934 triennium
1095 916 1156 933 me-

141 957 286 985 dietatem
308 957 464 983 tertiarum
486 956 677 983 ecclesiarum
702 954 896 991 [Cauriensis]
917 956 1058 982 dioecesis
1082 956 1156 982 reci-

145 1006 220 1041 piat,
232 1005 462 1032 convertendam
477 1005 508 1031 in
519 1013 592 1039 opus
610 1005 806 1039 perficiendae
820 1005 962 1031 ecclesiae
976 1004 1156 1031 cathedralis

142 1063 233 1090 quam
251 1053 326 1090 [ipse
341 1052 507 1089 episeopus]
521 1054 551 1081 in
568 1054 692 1081 civitate
713 1054 867 1081 Cauriensi
889 1054 925 1080 ad
943 1054 1080 1079 honorem
1100 1053 1154 1080 Dei

142 1112 180 1131 ac
194 1103 329 1138 Virginis
346 1111 439 1137 nuper
453 1103 610 1130 aedificare
626 1103 787 1137 inceperat.
812 1118 843 1121 -
862 1104 948 1135 (REG.
966 1102 1011 1135 20,
1030 1104 1049 1128 t.
1067 1102 1100 1128 43
1115 1105 1153 1133 r⁰;

142 1161 216 1180 ann.
231 1152 314 1184 XIV,
332 1147 356 1179 c.
374 1151 449 1183 259.)

692 846 813 878 Lati-an,
830 845 863 872 13
880 845 989 872 1011101-
1005 845 1083 872 1241.

187 1279 200 1294 α
220 1267 252 1304 [..
271 1267 406 1304 episcopo
423 1265 610 1304 Cauriensiff
632 1265 669 1295 Et
692 1269 748 1294 tua
767 1265 902 1304 supplex
921 1282 970 1294 —.
992 1265 1074 1295 Cum
1092 1265 1156 1303 igi-

143 1324 208 1356 tur,
233 1319 320 1350 sicut
335 1319 370 1349 in
389 1323 502 1349 nostra
525 1318 727 1357 proposuisti
753 1318 920 1356 presentia
941 1318 1153 1354 constitutus,

141 1373 179 1403 in
198 1373 332 1403 civitate
351 1372 540 1407 Cauriensi,
565 1381 664 1410 quam
686 1371 860 1406 Dominus,
885 1371 1154 1402 Christianorum

141 1426 265 1462 studio,
290 1426 329 1456 de
345 1425 501 1456 manibus
520 1426 780 1456 Sarracenorum
797 1425 955 1463 eripiens,
979 1425 1083 1454 cultui
1103 1434 1153 1455 re—

141 1479 253 1509 stituit
268 1478 464 1514 christiano,
490 1478 666 1509 ecclesiam
689 1477 913 1508 cathedralem
940 1478 980 1508 ad
997 1478 1155 1508 honorem

141 1532 204 1563 Dei
228 1541 266 1562 ac
285 1532 437 1570 Virginis
460 1531 603 1569 gloriose
626 1531 792 1569 inceperis
814 1531 968 1561 edificare
994 1532 1033 1561 de
1060 1541 1152 1568 novo,

143 1593 204 1615 nec
222 1585 263 1616 ad
284 1584 524 1623 perfectionem
546 1584 653 1623 ipsius
677 1585 808 1622 proprie
830 1584 889 1614 tihi
912 1589 1089 1623 suppetant
1106 1585 1156 1614 fa-

139 1637 283 1668 cultates
302 1648 308 1667 ε
330 1637 425 1668 nobis
445 1637 618 1668 humiliter
638 1637 833 1676 supplicasti
858 1642 891 1667 ut
915 1638 955 1667 ad
980 1647 1156 1667 consuma-

142 1691 267 1722 tionem
288 1691 480 1730 hujusmodi
503 1691 613 1729 operis
634 1691 800 1729 provideri
818 1691 856 1720 de
874 1691 981 1720 tertiis
998 1690 1155 1720 ecclesia-

140 1753 216 1774 rum
249 1748 303 1774 tue
332 1744 475 1774 diocesis
505 1743 740 1773 mandaremus
771 1761 818 1773 —.
856 1744 1070 1774 Fraternitati
1101 1748 1154 1774 tue

139 1797 348 1836 presentium
371 1796 568 1826 auctoritate
589 1796 802 1826 concedimus
819 1800 854 1825 ut
870 1805 976 1835 usque
993 1796 1033 1825 ad
1051 1796 1154 1826 trien-

141 1850 236 1880 nium
252 1849 465 1880 medietatem
490 1849 664 1879 tertiarum
686 1849 847 1887 ipsarum,
872 1858 936 1878 non
956 1849 1109 1879 obstante
1126 1849 1155 1879 si

140 1902 177 1932 in
192 1912 307 1933 earum
320 1902 490 1942 aliquibus
507 1902 749 1933 Cistercienses
773 1902 823 1931 vel
848 1902 905 1931 alii
930 1902 1078 1939 religiosi
1098 1902 1153 1941 jus

138 1955 294 1986 obtinent
320 1959 529 1994 patronatus,
562 1955 709 1994 recipere
742 1955 868 1989 valeas.
901 1955 933 1984 in
965 1955 1154 1985 subsidium

138 2009 222 2039 dicti
238 2009 346 2047 operis
362 2009 492 2046 integre
515 2008 781 2038 convertendam.
802 2008 1070 2038 Contradictores
1091 2013 1152 2038 etc.

141 2062 280 2093 Proviso
303 2062 483 2101 prudenter
503 2066 538 2092 ut
558 2061 670 2092 eedem
693 2061 832 2092 ecclesie
856 2070 914 2100 per
939 2062 999 2091 1100
1025 2061 1153 2091 nullum

139 2116 307 2146 defectum
323 2115 357 2145 in
375 2115 500 2145 divinis
519 2115 690 2154 obsequiis
707 2119 737 2145 et
756 2115 943 2145 sartatectis
962 2124 998 2144 ac
1015 2124 1154 2153 suppor-

142 2169 253 2199 tandis
280 2168 402 2199 debitis
432 2173 462 2198 et
493 2167 662 2197 consuetis
686 2168 845 2197 oneribus
872 2168 1052 2206 patiantur.
1079 2169 1153 2198 Dat.

142 2223 313 2257 Laterani,
331 2222 443 2252 idibus
459 2221 632 2256 februarii,
651 2230 738 2251 anno
754 2221 1014 2260 quartodecimo.
1035 2234 1047 2247 n

177 2356 199 2381 1.
218 2355 292 2380 Dans
304 2356 330 2379 la
345 2355 417 2379 table
433 2355 482 2378 des
497 2355 621 2384 capitula
636 2354 708 2377 dela
724 2354 798 2378 xlv·
814 2355 919 2378 annee:
937 2357 1052 2385 Sayulo.

174 2400 197 2425 2.
219 2400 298 2424 Cette
323 2399 400 2431 piece
425 2406 458 2423 ne
484 2403 562 2429 porte
588 2406 636 2429 pas
659 2399 692 2422 de
718 2400 864 2429 rubrique,
890 2403 916 2423 et
942 2399 1010 2423 dans
1035 2401 1060 2423 la
1085 2401 1157 2424 table

141 2443 193 2467 des
209 2445 332 2473 capitula
356 2442 390 2466 de
409 2443 434 2465 13
456 2442 529 2465 XIV·
548 2441 650 2470 annee,
667 2449 700 2465 au
718 2446 954 2466 commencement
970 2443 1005 2466 du
1021 2445 1156 2473 Heyistre‚

142 2495 180 2512 on
191 2487 223 2511 lit
235 2488 388 2512 seulement
403 2488 460 2511 ceci
473 2494 478 2510 :
495 2495 506 2509 «
522 2486 613 2517 Super
629 2487 817 2510 construenda
833 2488 950 2510 ecclesia
964 2488 1114 2511 cathedrali
1129 2488 1156 2511 in

141 2532 256 2556 civitate
272 2531 427 2556 Cauriensi.
446 2540 456 2554 υ
474 2531 527 2556 Ces
548 2535 619 2555 mots
636 2538 642 2554 :
662 2541 673 2552 u
689 2532 717 2554 in
735 2531 847 2554 civitate
862 2531 1007 2555 Cauriensi
1024 2540 1048 2561 n,
1065 2532 1110 2562 qui
1128 2539 1158 2556 se

143 2580 306 2601 retrouvent
328 2576 396 2600 dans
419 2577 443 2600 le
468 2579 543 2599 texte
564 2575 598 2599 de
619 2576 645 2598 la
671 2575 799 2605 presente
824 2576 910 2604 bulle,
935 2579 1101 2606 permettent
1124 2576 1158 2600 de

145 2621 275 2645 restituor
290 2627 407 2651 presque
421 2620 436 2643 a
449 2627 520 2650 coup
535 2621 582 2643 sur
595 2619 726 2642 l'adresse
741 2620 864 2642 absente.
879 2632 908 2636 —
923 2619 997 2643 Pour
1012 2620 1051 2643 les
1066 2619 1158 2651 pieees

142 2665 296 2695 suivantes‚
317 2665 363 2696 qui
387 2665 506 2688 forment
527 2664 567 2687 les
591 2663 715 2688 derniers
732 2665 855 2692 capitula
878 2664 911 2687 de
931 2664 956 2687 la
973 2664 1049 2688 XIV⁹
1071 2664 1158 2688 annee

144 2710 214 2740 (cap.
229 2708 354 2739 260-263),
372 2709 389 2732 11
406 2711 451 2739 n'y
468 2716 483 2732 a
498 2708 525 2732 ni
545 2708 677 2738 rubrique
693 2707 761 2730 dans
779 2707 803 2730 le
820 2714 900 2738 corps
917 2707 953 2730 du
970 2709 1108 2738 Reqislre,
1130 2708 1158 2731 ni

144 2753 298 2777 indication
319 2753 454 2776 d'aucune
470 2755 545 2776 sorte
561 2752 629 2775 dans
645 2752 670 2774 la
685 2751 757 2774 table
774 2758 821 2774 sus
838 2751 977 2781 indiquee.
996 2751 1047 2775 Les
1064 2752 1159 2776 lettres

145 2797 266 2821 initiales
277 2804 312 2821 ne
325 2800 388 2821 sont
403 2804 450 2828 pas
464 2796 627 2826 rubriquees
639 2795 803 2825 davantage.
817 2795 908 2823 Quant
920 2803 973 2818 aux
987 2797 1159 2823 rubricelles.

143 2842 188 2867 s'il
209 2842 265 2866 s'en
289 2842 410 2865 trouvait
433 2841 501 2864 dans
521 2841 560 2864 les
582 2847 702 2870 mai-ges,
727 2840 792 2863 elles
815 2844 878 2863 sont
901 2840 1024 2863 tombees
1047 2847 1113 2864 sous
1135 2841 1160 2864 lc

143 2888 265 2910 couteau
282 2885 318 2909 du
334 2885 444 2909 relieur.
463 2884 566 2908 Toutes
583 2891 628 2908 ces
645 2883 736 2915 pieces
752 2883 859 2908 259-‘263
876 2887 938 2907 sont
952 2884 1091 2907 d'ailleurs
1107 2891 1161 2908 nu-

148 2930 283 2954 merotees
304 2936 410 2953 comme
430 2929 469 2953 les
488 2932 581 2952 autres
597 2931 624 2952 et
639 2928 673 2952 de
689 2929 714 2951 la
730 2928 816 2951 meme
833 2928 905 2951 main
922 2928 958 2951 du
974 2928 1050 2952 XIII·
1066 2928 1159 2957 siecle,

145 2980 182 2998 en
198 2973 309 2997 chiffres
325 2974 455 2997 roinains.

1310 369 1428 397 5409
1835 375 1954 407 Latrat),
1971 378 1987 402 7
2004 386 2080 404 mars
2097 379 2175 405 1211.

1275 430 1470 466 [Quibusdam
1493 435 1968 471 sa11‹:ti111011ia1ib11s¹]libertates
1991 443 2016 465 et
2042 440 2247 468 immunitates

1239 479 1282 506 eis
1297 489 1448 508 concessas
1473 484 1637 515 confirmat,
1662 485 1761 518 eisque
1781 486 1929 519 significat
1952 496 1981 513 se
2006 491 2134 515 statuere
2151 495 2181 516 ut
2199 499 2248 524 per

1240 528 1423 556 visitatorem
1456 532 1569 558 ordinis
1600 531 1754 568 [ipsarum]
1779 535 1940 561 secundum
1969 537 2082 563 ordinis
2116 539 2246 571 ejusdem

1240 576 1380 604 instituta
1396 579 1568 609 visitentur,
1585 586 1613 607 et
1635 582 1670 607 ad
1692 583 1900 610 celebrandum
1921 585 1962 611 015
1983 585 2087 612 divina
2109 587 2205 613 officia
2221 590 2248 614 et

1240 626 1440 653 exhibendum
1458 629 1659 657 ecclesiastiea
1679 635 1863 659 sacramenta
1880 633 1973 667 aliqui
1994 635 2117 661 fratrum
2135 636 2248 662 ordinis

1240 674 1391 702 Minorum
1410 677 1451 703 eis
1471 677 1661 711 deputentur.
1686 694 1716 698 —
1741 681 1826 712 (Rae.
1852 681 1896 713 20,
1919 683 1938 708 1'.
1960 683 1993 708 43
2014 686 2050 714 r⁰;
2073 693 2142 710 ann.
2165 685 2247 714 xlv,

1240 731 1265 749 0.
1282 723 1356 754 260.)

1281 837 1293 850 α
1314 826 1325 862 [
1334 849 1518 855 ..........
1527 826 1535 865 ]
1552 827 1738 865 Religionis
1755 834 1861 859 vestre
1875 836 2021 861 meretur
2035 850 2082 861 ——.
2099 835 2171 863 Dat.
2190 835 2246 864 La-

1241 878 1357 913 terani⁷
1379 880 1476 909 nonis
1495 881 1616 916 martii,
1640 891 1726 911 anno
1740 883 1998 921 quartodecimo.
2020 898 2031 911 »

1308 1076 1391 1104 54¹
1402 1076 1431 1103 0
1818 1083 1937 1115 Lati-an,
1954 1084 1983 1110 11
2001 1093 2077 1111 mars
2094 1086 2172 1113 1211.

1274 1136 1334 1172 [N.,
1346 1137 1381 1164 N.
1393 1142 1420 1165 et
1429 1138 1492 1174 N.'²]
1504 1141 1625 1167 mandat
1635 1144 1740 1175 quaten
1747 1151 1778 1169 us
1788 1151 1953 1177 processum
1967 1146 2099 1173 habitum
2114 1157 2127 1173 a
2139 1149 2244 1182 Zoeno,

1238 1186 1495 1221 archipresbytero
1517 1189 1709 1222 Bononiensi,
1732 1206 1763 1209 —
1784 1192 1833 1225 qui
1851 1193 1930 1219 vices
1951 1194 2080 1229 episcopi
2103 1197 2246 1224 Praenes-

1239 1234 1306 1265 tini,
1324 1236 1512 1270 Apostolieae
1527 1237 1612 1264 Sedis
1628 1239 1726 1272 legati,
1742 1248 1840 1273 gerere
1856 1241 2020 1275 dicebatur,
2037 1258 2068 1262 —
2084 1245 2114 1271 in
2132 1246 2247 1278 negotio

1239 1283 2247 1322 episcopiMagalonensiscontraPsacristam..IohannemAtbrandi

1239 1334 1267 1358 et
1288 1333 1427 1365 quosdam
1450 1333 1523 1360 alios
1544 1336 1700 1362 canonicos
1721 1338 1862 1364 ecclesiae
1882 1338 2114 1374 Magalonensis,
2136 1344 2248 1370 ordinis

1238 1381 1332 1407 saneti
1348 1382 1521 1415 Augustini,
1541 1384 1591 1417 qui
1612 1384 1685 1411 bona
1702 1385 1737 1411 ad
1755 1387 1878 1413 eandem
1893 1389 2048 1416 ecclesiam
2067 1391 2249 1425 pertinentia

1240 1430 1374 1463 nequiter
1394 1435 1612 1465 occupaverant
1632 1436 1659 1459 et
1678 1434 1738 1461 alia
1760 1436 1855 1462 multa
1872 1438 2004 1464 enormia
2025 1440 2248 1471 commiserant,

1238 1478 1356 1504 irritum
1377 1480 1530 1511 nuntient:
1551 1482 1701 1514 praedicto
1722 1483 1857 1518 episcopo
1881 1485 2097 1519 Magalonensi,
2116 1497 2167 1514 nec
2192 1498 2248 1516 non

1239 1528 1404 1561 praeposito
1426 1529 1615 1563 capituloque
1636 1530 1897 1564 Magalonensibus
1914 1538 1941 1561 et
1957 1535 2045 1569 priori
2064 1536 2166 1563 Sancti
2184 1539 2247 1564 Fir-

1239 1575 1314 1602 mini
1336 1576 1436 1603 ablata
1459 1577 1501 1604 eis
1525 1578 1636 1605 faciant
1655 1581 1788 1611 restitui,
1809 1585 1837 1608 et
1859 1584 2023 1616 praedictos
2043 1585 2076 1611 P.
2094 1587 2248 1614 sacristam

1239 1624 1360 1658 ejusque
1385 1626 1544 1659 cmnplices
1569 1635 1659 1661 usque
1680 1629 1715 1654 ad
1738 1630 1971 1658 satisfactionem
1999 1633 2175 1667 condignam
2203 1643 2251 1662 ex-

1239 1674 1473 1700 communicatos
1499 1676 1649 1702 nuntient.
1675 1692 1705 1695 —
1729 1678 1814 1709 (nm.
1839 1679 1883 1710 20,
1907 1682 1925 1706 f.
1950 1681 1983 1707 43
2007 1688 2045 1713 r0;
2070 1691 2139 1709 ann.
2166 1683 2249 1716 xiv,

1238 1730 1262 1747 0.
1280 1722 1355 1753 261.)

1279 1836 1291 1848 «
1313 1823 1322 1862 [
1330 1846 1516 1853 ..........
1524 1824 1533 1864 ]
1555 1825 1647 1861 Cum,
1670 1826 1754 1856 sicut
1778 1829 1901 1858 nostris
1925 1830 2062 1861 aui-ibus
2086 1837 2135 1862 est
2159 1833 2245 1862 rela-

1238 1880 1318 1912 tum,
1341 1877 1376 1906 P.
1397 1877 1546 1913 sacrista,
1571 1878 1742 1910 «lohannes
1765 1881 1946 1911 Atbrandi³
1971 1887 2001 1913 et
2025 1884 2159 1922 quidam
2186 1886 2244 1916 alii

1237 1929 1388 1959 canonici
1406 1930 1544 1961 ecclesie
1570 1932 1826 1969 Magalonensis‚
1847 1935 1974 1966 ordinis
1991 1938 2097 1967 sancti
2114 1940 2246 1977 Augus-

1237 1982 1310 2017 tini,
1347 1987 1460 2012 contra
1488 1983 1662 2014 ecclesiam
1687 1979 1793 2024 ipsam
1823 1987 2014 2018 calcaneum
2047 1991 2244 2029 erigentes⁴,

1237 2035 1397 2074 quasdam
1414 2036 1583 2073 ecclesias,
1603 2038 1716 2068 domos
1733 2044 1763 2069 et
1781 2039 1847 2070 alia
1863 2041 1948 2071 hona
1965 2052 2027 2081 que
2045 2043 2084 2072 ad
2108 2045 2245 2075 eandem

1238 2088 1412 2118 ecclesiam
1438 2090 1606 2128 pertinent
1631 2091 1727 2129 pleno
1750 2092 1835 2131 jure,
1866 2094 1999 2134 injectis
2025 2096 2059 2125 in
2087 2098 2246 2136 quosdam

1271 2222 1290 2245 1.
1307 2221 1429 2246 Adresse
1450 2223 1583 2247 restituee
1605 2231 1654 2255 par
1675 2226 1835 2255 conjecture
1858 2227 1902 2257 (cf.
1924 2229 1949 2251 la
1972 2233 2036 2253 note
2058 2231 2247 2262 precedente).

1239 2279 1266 2283 —
1283 2265 1322 2290 La
1336 2266 1464 2296 presente
1479 2268 1552 2291 bulle
1568 2268 1626 2292 doit
1642 2270 1929 2296 vraisemblablement
1946 2273 2003 2297 etre
2024 2274 2165 2299 identifiee
2181 2283 2246 2300 avec

1238 2310 1262 2333 le
1280 2314 1308 2333 η’
1327 2310 1399 2334 10997
1415 2310 1448 2333 de
1468 2311 1620 2341 POTTHAST,
1637 2314 1683 2343 qui
1701 2317 1779 2344 porte
1793 2322 1898 2340 comme
1915 2317 2027 2341 adresse
2043 2326 2048 2342 :
2062 2329 2073 2339 «
2085 2321 2246 2345 Abbatissae

1239 2357 1262 2377 el
1275 2355 1421 2378 sororibus
1434 2356 1554 2379 inclusis
1567 2358 1733 2381 monasterii·
1743 2360 1863 2382 Sanctae
1873 2362 1977 2384 Mariae
1988 2365 2088 2386 matris
2100 2365 2202 2388 Christi
2216 2367 2249 2388 cle

1242 2400 1376 2427 Veneriis,
1395 2400 1507 2423 ordinis
1531 2402 1623 2424 sancti
1644 2403 1785 2425 Damiani.
1804 2411 1815 2424 1)
1833 2403 1870 2427 Le
1887 2407 1961 2428 texte
1980 2409 2021 2429 est
2037 2411 2209 2432 exactement
2225 2410 2250 2433 le

1241 2443 1327 2466 meme
1342 2443 1375 2466 de
1392 2447 1451 2473 part
1472 2447 1496 2467 et
1519 2444 1640 2474 d'autre;
1660 2446 1802 2474 toutefois,
1818 2447 1843 2470 la
1865 2448 1936 2471 bulle
1958 2450 2087 2480 analysee
2114 2459 2162 2482 par
2183 2453 2249 2477 Pot-

1240 2487 1312 2511 thast
1329 2490 1408 2518 porte
1425 2488 1450 2511 la
1470 2488 1533 2512 date
1554 2491 1592 2512 111
1615 2497 1706 2513 nonas
1723 2493 1819 2514 martii
1835 2492 1875 2521 (=
1891 2494 1904 2516 5
1924 2495 2014 2523 mars),
2033 2499 2057 2518 et
2074 2502 2129 2519 non
2146 2497 2171 2519 la
2187 2497 2249 2521 date

1241 2534 1326 2556 nonis
1342 2534 1449 2556 mar-tii.

1270 2576 1293 2600 2.
1314 2576 1368 2600 Sur
1384 2577 1519 2601 l'absence
1537 2578 1684 2608 d'adresse,
1701 2580 1762 2603 voir
1778 2581 1838 2610 plus
1854 2581 1929 2611 haut,
1947 2582 2023 2612 piece
2041 2583 2109 2608 5403.
2126 2599 2155 2602 —
2170 2585 2209 2609 De
2225 2587 2251 2610 la

1241 2621 1356 2645 ἴοι-1111110
1377 2622 1457 2645 finale
1475 2629 1479 2645 :
1499 2631 1510 2644 «
1528 2622 1608 2651 Quod
1629 2624 1651 2647 si
1673 2631 1728 2647 non
1749 2632 1843 2649 omnes
1864 2630 1915 2650 etc.
1934 2636 1955 2656 υ,
1979 2635 2014 2651 011
2035 2633 2100 2659 peut
2120 2631 2250 2655 conclure

1242 2672 1294 2695 que
1317 2666 1342 2688 la
1365 2666 1492 2696 presente
1509 2667 1587 2690 lettre
1604 2671 1644 2690 est
1661 2668 1789 2692 ι111105500
1808 2669 1822 2692 a
1841 2672 1908 2693 trois
1929 2678 2080 2701 personnes
2097 2681 2131 2697 au
2152 2676 2251 2701 moins.

1242 2710 1294 2734 Ces
1311 2710 1378 2733 trois
1400 2710 1593 2735 destinataires
1608 2713 1769 2742 pourraient
1786 2714 1848 2737 bien
1865 2715 1922 2738 etre
1940 2716 1978 2739 les
1995 2717 2096 2742 memes
2112 2726 2165 2748 que
2181 2726 2250 2743 ceux

1242 2755 1275 2778 de
1292 2755 1316 2778 la
1331 2755 1407 2785 piece
1424 2755 1493 2779 5416.

1273 2799 1296 2823 3.
1316 2799 1353 2822 Le
1370 2800 1519 2822 manuscrit
1536 2804 1614 2830 porte
1638 2801 1672 2824 ici
1697 2803 1844 2832 Albi-audi,
1862 2804 1908 2833 qui
1926 2808 1967 2828 est
1983 2807 2180 2831 certainemcnt
2198 2815 2252 2832 une

1244 2843 1382 2866 mauvaise
1401 2843 1504 2867 lecture
1524 2851 1594 2874 pour
1615 2846 1754 2869 Albi-andi
1775 2847 1818 2873 (cf.
1841 2850 2011 2872 notamment
2034 2850 2072 2873 les
2094 2852 2179 2875 tables
2204 2853 2253 2876 des

1243 2892 1330 2910 1011ιο5
1349 2887 1382 2910 VI
1398 2892 1424 2911 et
1437 2888 1499 2911 VIII
1516 2888 1548 2911 de
1564 2888 1588 2911 la
1604 2890 1731 2913 nouvelle
1748 2890 1854 2914 edition
1871 2891 1904 2915 de
1918 2892 2057 2917 l'llisloioe
2075 2896 2107 2917 de
2124 2897 2254 2925 Lariyue-

1243 2933 1295 2955 doc
1311 2931 1344 2954 de
1361 2931 1428 2955 Dom
1446 2932 1604 2962 Vntssars).

1275 2975 1297 2998 4.
1317 2974 1357 2999 Ct'.
1375 2975 1497 2999 JoHANN.
1515 2976 1588 3005 XIII,
1610 2977 1646 3001 18.
