2553 3526
149 292 200 322 141
991 285 1226 322 'I'REIZIEME
1249 285 1409 320 ANNEE.
2188 296 2240 325 142

147 357 301 388 villarum
319 362 349 388 et
365 357 506 387 aliorum
522 357 669 387 locorum
687 357 793 396 ipsius
816 358 992 387 comitatus
1013 367 1030 387 a
1048 357 1154 387 tideli-

146 416 212 441 tate
229 416 260 441 et
275 410 422 440 dominio
445 410 551 448 ipsius
575 419 609 439 se
634 420 690 448 pro
714 420 773 439 sua
796 410 1020 440 subtraxerint
1038 410 1155 439 volun-

147 468 224 499 tate,
243 468 273 494 et
296 468 359 493 tam
377 472 412 493 se
435 472 534 501 quam
554 472 591 492 ea
612 472 675 501 que
699 462 737 492 de
760 463 831 500 ipso
852 464 1006 492 comitatu
1029 467 1150 498 tenent,

145 517 255 547 aliene
270 516 488 546 submiserint
502 515 632 550 ditioni,
647 525 683 545 ac
698 516 862 550 nonnulli,
879 515 982 545 multa
996 516 1028 544 in
1042 516 1154 545 eodem

145 570 305 600 comitatu
318 573 479 603 tenentes,
494 569 620 598 nemini
633 578 690 607 pro
702 568 783 606 ipsis
796 573 946 598 asserant
959 578 993 598 se
1005 568 1154 605 subesse,

146 631 246 661 super
268 622 329 652 hoc
351 621 521 660 providere
544 625 680 659 paterna
703 621 928 651 sollicitudine
951 631 1154 651 curaremus.

145 675 232 712 Quia
249 684 324 704 vero
340 684 409 710 nos,
426 674 483 712 qui
500 674 576 703 aliis
594 673 745 703 volumus
762 684 822 703 sua
834 675 910 713 jura
927 683 1069 709 servare,
1087 684 1156 712 pro-

149 728 220 766 pria
240 727 408 765 negligere
430 736 495 757 nou
515 727 684 760 debemus,
707 727 903 756 mandamus
924 732 1100 765 quatenus,
1118 727 1157 756 de

144 780 278 820 juribus
309 780 484 810 comitatus
514 779 620 818 ipsius
650 779 689 809 de
714 779 820 818 plano,
855 780 927 810 sine
954 780 1156 819 judiciorum

148 834 300 872 strepitu,
322 832 501 870 diligenter
520 832 707 871 inquirens,
730 841 767 862 ea
789 842 852 871 que
875 833 913 862 de
935 833 1030 863 bonis
1051 833 1157 871 ipsius

148 886 294 916 alienata
309 885 479 916 inveneris
496 885 612 915 illicite
634 885 684 915 vel
704 885 827 924 injuste
851 886 1030 921 subtracta,
1050 886 1088 916 ad
1101 887 1156 926 jus

147 944 180 970 et
208 939 440 978 proprietatem
467 939 573 977 ipsius
600 939 733 968 studeas
758 939 906 977 legitime
934 948 1096 974 revocare,
1127 944 1158 969 ct

150 993 252 1024 facias
267 993 305 1022 de
322 993 404 1031 ipsis
419 992 525 1022 eidem
543 992 706 1030 episcopo,
722 992 799 1021 dicti
818 993 993 1022 comitatus
1011 993 1154 1025 nomine,

147 1046 347 1084 respondere
377 1064 424 1074 -—.
457 1047 530 1075 Dat.
562 1046 729 1079 Laterani,
757 1046 819 1075 VII
852 1045 926 1074 idus
959 1045 1155 1081 decembris,

146 1108 234 1129 anno
254 1099 492 1129 tertiodecimo.
514 1111 526 1125 11

217 1278 335 1306 4983

182 1339 354 1375 [Godetrido
377 1340 412 1367 de
434 1340 518 1366 Villa
542 1338 715 1374 Harduini,]
739 1340 868 1374 principi
892 1340 1034 1370 Achaiae,
1058 1349 1158 1366 cruce—

145 1390 272 1423 signato,
297 1389 432 1423 indulget
451 1391 482 1415 ut
503 1391 604 1415 votum
626 1388 830 1422 proficiscendi
852 1389 881 1414 in
903 1387 1010 1414 Terrae
1032 1390 1159 1415 Sanctae

146 1438 325 1470 subsidium,
340 1438 439 1464 valeat
455 1437 484 1463 in
502 1445 672 1463 succursum
697 1437 815 1471 imperii
836 1437 1008 1468 Romaniae,
1030 1437 1064 1463 ad
1083 1437 1157 1470 quod

147 1495 215 1514 cum
230 1486 346 1514 decenti
361 1486 504 1513 comitiva
521 1486 651 1512 militum
668 1486 794 1512 transire
809 1489 943 1519 paratum
957 1494 986 1511 se
1000 1485 1158 1517 asserebat,

147 1538 343 1568 commutare,
364 1535 418 1562 illa
444 1535 469 1561 ei
498 1537 526 1561 et
552 1543 617 1561 eum
647 1544 678 1561 eo
703 1534 912 1561 accedentibus
938 1534 968 1560 in
992 1533 1157 1560 subsidium

149 1584 280 1618 ejusdem
308 1583 439 1618 imperii,
463 1583 651 1617 indulgentia
678 1591 828 1609 concessa.
856 1591 929 1616 quae
955 1582 983 1608 in
1011 1582 1157 1608 auxilium

148 1634 256 1661 Terrae
278 1633 405 1660 Sanctae
429 1632 682 1667 proficiscentibus
702 1631 926 1658 concedebatur.
952 1646 981 1649 —-
1005 1632 1090 1662 (Itan.
1116 1630 1159 1662 19,

149 1683 170 1709 f.
191 1681 242 1709 138
258 1680 331 1716 [132]
349 1687 388 1714 r⁰;
406 1689 475 1708 ann.
494 1681 576 1713 XIII,
598 1689 622 1707 e.
647 1680 717 1712 1683
741 1695 771 1698 —
789 1680 920 1706 MOREAU
943 1680 1022 1712 1192,
1048 1681 1066 1705 1.
1086 1679 1160 1710 439.)

712 1278 833 1310 Latran,
847 1277 863 1304 9
880 1277 989 1304 tex-rier
1006 1277 1084 1304 1210.

192 1795 204 1810 κ
225 1784 325 1812 Nobili.
348 1784 416 1812 viro
439 1805 458 1811 ..
482 1783 620 1820 principi
642 1782 763 1812 Achate,
782 1783 1002 1818 crucesiyrmto.
1025 1780 1160 1810 Sincere

148 1836 336 1867 devotionis
357 1845 455 1875 quam
480 1853 528 1864 —.
549 1836 622 1865 Dat.
649 1835 815 1869 Laterani,
840 1835 868 1863 V
891 1834 965 1863 idus
988 1833 1160 1867 februarii,

149 1899 237 1920 anno
258 1889 495 1919 tertiodecimo.
517 1901 528 1914 »

221 2068 340 2096 4984

186 2130 363 2166 Episcopum
394 2129 640 2161 Praenestinum,
666 2128 860 2162 apostolicum
886 2128 1030 2161 legatum.
1065 2130 1163 2154 {mmet

150 2183 296 2215 quatenus
321 2179 519 2213 praepositum
546 2181 574 2204 et
599 2177 762 2211 capitulum
790 2177 1026 2210 Magalunensvs,
1050 2176 1162 2202 ordinis

149 2229 246 2257 sancti
267 2227 439 2262 Augustini,
461 2230 489 2253 et
514 2235 612 2253 eorum
639 2226 807 2257 eeclesiam,
834 2225 863 2251 in
887 2225 983 2251 medio
1004 2233 1112 2259 pravae
1129 2234 1162 2251 ac

653 2067 774 2097 Latran,
792 2067 824 2092 13
840 2065 995 2092 decembre
1012 2065 1090 2091 1239.

152 2286 306 2313 perversae
326 2276 455 2303 nationis
477 2276 595 2310 positos,
617 2278 717 2302 contra
734 2277 875 2308 raptores,
894 2274 1054 2308 praedones
1071 2276 1098 2300 ct
1120 2274 1162 2300 in-

151 2334 269 2354 vasores
285 2325 435 2356 defendat,
452 2333 504 2350 nec
516 2323 671 2358 permittat
684 2331 770 2357 super
782 2322 865 2349 bonis
879 2322 939 2348 suis
955 2321 1114 2348 molestari.
1132 2337 1162 2339 —

151 2376 240 2407 (Rae.
256 2374 300 2406 19,
316 2375 335 2400 f.
354 2371 554 2408 138[132]1=o;
574 2381 643 2399 ann.
660 2372 741 2403 XIII,
759 2381 782 2398 c.
799 2371 864 2403 169;
885 2386 913 2388 —
932 2371 1064 2397 MOREAU
1083 2370 1162 2402 1192,

153 2425 174 2450 f.
192 2423 267 2454 417.)

196 2536 208 2550 «
235 2546 255 2553 ..
280 2525 412 2561 episcopo
437 2523 620 2555 Penestrino,
648 2521 811 2558 Apostoltce
837 2521 920 2549 Sedis
944 2522 1050 2556 lassato.
1077 2520 1165 2555 Quo-

156 2577 256 2612 niam,
274 2576 512 2613 refrigescente
535 2574 671 2603 caritate
692 2591 740 2601 —.
765 2574 838 2602 Dat.
861 2573 1026 2607 Laterani,
1054 2572 1164 2601 idibus

152 2629 351 2663 decembris,
367 2637 454 2657 anno
473 2627 710 2657 tertiodecimo
734 2638 745 2651 »

225 2800 345 2829 4985

191 2863 296 2890 Eidem
318 2862 460 2890 similiter
482 2861 596 2893 scribit,
625 2860 746 2887 mutatis
770 2860 930 2892 mutandis,
958 2868 1008 2894 pro
1033 2859 1168 2893 episcopo

154 2911 373 2946 Magalonensi,
389 2925 420 2929 —-
435 2910 511 2944 qui«
525 2918 575 2944 pro
590 2909 704 2943 negotio
716 2909 795 2943 pacis
809 2912 837 2935 et
852 2908 930 2941 fidei,
943 2908 1018 2942 quod
1033 2908 1062 2934 in
1076 2908 1169 2941 parti-

157 2969 171 2987 »
193 2961 245 2988 bus
262 2960 324 2987 illis
341 2967 354 2985 ))
371 2959 522 2993 agebatur,
540 2967 553 2983 (1
571 2958 732 2993 prudenter
750 2961 777 2985 et
797 2957 923 2984 fideliter
940 2965 953 2981 »
970 2956 1169 2988 laboraverat,

662 2799 781 2830 Latran,
799 2798 832 2824 16
848 2797 1001 2824 decembre
1016 2798 1094 2823 1239.

1240 365 1253 382 α
1269 358 1439 391 Apostolice
1452 358 1519 384 Sodi
1533 367 1566 385 ac
1578 359 1640 392 ejus
1653 360 1756 392 legatis
1767 360 1924 386 efficaciter
1935 361 2096 387 assistendo
2109 370 2132 393 1),
2147 377 2177 380 -
2189 371 2241 389 nec

1239 413 1294 431 non
1313 414 1362 439 pro
1379 406 1548 440 episcopatu
1566 407 1781 441 Magalonensi,
1800 416 1812 432 1(
1827 411 1855 433 et
1870 409 2037 442 specialiter
2051 419 2136 443 super
2149 411 2242 437 eomi-

1239 461 1252 478 »
1274 456 1337 480 tatu
1355 454 1490 487 Melgorii
1510 458 1537 481 et
1554 455 1666 481 Montis
1688 456 1841 488 Ferrandi,
1861 465 1945 490 quem
1964 458 2017 483 sub
2039 466 2135 484 annuo
2154 467 2241 485 censu

1239 509 1252 526 1)
1273 502 1310 528 ab
1326 502 1459 529 Ecclesia
1474 502 1606 530 Romana
1619 504 1772 538 episcopus
1785 505 1846 538 ipse
1863 513 1875 529 1)
1889 505 2006 531 tenebat
2021 506 2049 531 in
2066 507 2196 533 feudum.
2209 522 2243 525 —-

1238 550 1324 581 (REG.
1343 550 1385 582 19,
1401 551 1420 576 I.
1438 551 1489 577 138
1503 549 1576 585 [132]
1593 558 1640 583 νος
1656 561 1725 578 ann.
1744 553 1824 585 XIII,
1842 561 1866 578 e.
1885 552 1951 585 170;
1969 568 2001 571 —
2018 553 2148 581 Momm
2164 555 2242 587 1192,

1240 599 1259 625 f.
1274 598 1349 630 418.)

1281 712 1293 725 «
1315 700 1429 728 Eidem.
1449 701 1517 730 Etsi
1534 701 1683 731 ecclesiis
1698 706 1728 731 et
1744 719 1793 730 —.
1810 702 1881 730 Dat.
1898 702 2060 738 Laterani,
2078 703 2173 732 XVII
2190 703 2243 733 ka-

1239 751 1353 781 lendas
1366 753 1525 791 januarii,
1545 762 1631 783 anno
1652 754 1888 783 tertiodecimo.
1912 767 1922 780 11

1310 951 1426 978 4986

1275 1013 1419 1047 Episcopo
1437 1013 1641 1046 Magalonensi
1663 1013 1766 1039 scribit
1788 1022 1793 1039 :
1823 1021 1835 1037 (1
1855 1014 1941 1045 Cum,
1964 1014 2040 1040 sicut
2065 1015 2242 1049 accepimus,

1241 1070 1253 1087 1)
1276 1062 1454 1088 venerabilis
1476 1064 1565 1088 frater
1582 1065 1678 1088 noster
1695 1060 1878 1096 1³[01nanus],
1896 1063 2066 1089 Portuensis
2080 1064 2243 1098 episcopus,

1241 1119 1254 1135 »
1276 1111 1349 1137 bone
1364 1111 1503 1137 memorie
1521 1110 1660 1144 magister
1676 1110 1761 1142 Milo,
1776 1110 1907 1137 notarius
1925 1111 2019 1137 t‘elieis
2036 1112 2244 1139 recordationis

1738 952 1858 983 Latran,
1877 953 1910 978 1¹·r
1926 952 2079 979 decembre
2093 954 2170 980 1239.

1241 1167 1254 1184 1)
1276 1158 1454 1194 I[nnocentii
1466 1157 1517 1193 III]
1533 1167 1616 1192 pape,
1630 1159 1842 1193 predecessoris
1857 1159 1958 1191 nostri,
1971 1162 1999 1185 ct
2019 1160 2071 1186 alii
2085 1161 2133 1193 qui
2152 1161 2246 1188 iuncti

1241 1216 1254 1233 ))
1276 1211 1344 1234 sunt
1368 1208 1397 1233 in
1422 1208 1582 1234 Provincia
1607 1207 1767 1241 apostolice
1790 1207 1945 1241 legationis
1968 1208 2071 1240 officio,
2099 1217 2132 1235 ac
2157 1209 2245 1235 etiam

1242 1265 1254 1280 »
1276 1256 1456 1282 venerabilis
1484 1257 1573 1282 frater
1601 1259 1697 1282 noster
1726 1277 1743 1282 ..
1772 1256 2010 1290 archiepiscopus
2038 1256 2247 1290 Narbonensis,

1242 1313 1255 1331 »
1278 1305 1331 1331 loci
1351 1305 1606 1338 metropolitanus,
1625 1305 1654 1330 in
1677 1305 1853 1338 provinciali
1876 1305 2001 1331 concilio
2022 1313 2071 1338 pro
2093 1314 2248 1332 conserva-

1242 1362 1255 1379 1)
1277 1354 1356 1380 tione
1374 1353 1453 1387 pacis
1469 1356 1497 1379 et
1518 1353 1584 1379 fidei
1606 1362 1638 1379 ac
1656 1353 1854 1380 ecclesiastice.
1878 1353 2024 1379 libertatis
2045 1356 2156 1380 statuta
2179 1362 2248 1387 que-

1243 1411 1255 1428 ))
1275 1403 1342 1429 dam
1359 1402 1507 1429 ediderint
1523 1402 1654 1428 salubria
1670 1405 1697 1428 et
1712 1403 1833 1428 honesta
1851 1411 1856 1428 z
1874 1403 2006 1429 volentes
2022 1405 2053 1428 ut
2069 1412 2102 1428 ea
2118 1403 2247 1429 debitam

1243 1460 1256 1477 1)
1277 1452 1431 1478 obtineant
1453 1451 1637 1483 firmitatem,
1656 1451 1836 1484 presentium
1861 1451 1915 1477 tibi
1939 1452 2113 1478 auctoritate
2131 1452 2249 1478 manda·

1244 1509 1256 1525 1)
1280 1509 1343 1526 mus
1358 1503 1502 1534 quatenus
1516 1502 1627 1526 statuta
1641 1500 1705 1533 ipsa
1719 1499 1748 1525 in
1763 1500 1871 1526 diocesi
1885 1503 1935 1526 tua
1946 1509 1962 1526 a
1975 1500 2114 1532 dmuinis,
2130 1500 2248 1528 balivis,

1244 1557 1257 1573 1)
1276 1548 1446 1575 consulibus
1469 1551 1496 1574 et
1519 1548 1766 1575 universitatibus
1787 1551 1947 1574 castrorum
1971 1549 2063 1582 ipsius
2090 1549 2179 1574 iacias
2203 1549 2249 1574 in-

1245 1598 1462 1624 »violabiliter
1490 1597 1650 1623 observari.
1680 1604 1692 1621 1)
1718 1611 1749 1614 -
1780 1597 1865 1628 (Rem.
1896 1597 1939 1627 19,
1969 1598 1988 1623 t'.
2019 1597 2069 1623 138
2096 1596 2168 1631 [132]
2198 1600 2246 1629 νος

1243 1656 1312 1673 ann.
1328 1647 1410 1679 XIII,
1427 1654 1451 1672 c.
1470 1646 1534 1677 171;
1553 1661 1585 1662 j
1598 1645 1824 1677 Moamu1192,
1840 1645 1948 1676 11400.)

1287 1760 1299 1774 a
1325 1771 1344 1777 ..
1369 1749 1501 1785 episcopo
1522 1748 1740 1785 lllrtyaloneizsi.
1766 1747 1859 1781 Cum,
1885 1746 1969 1776 sicut
1992 1747 2177 1784 accepimus
2201 1764 2250 1775 —.

1246 1802 1318 1830 Dat.
1338 1801 1504 1834 Laterani,
1523 1800 1674 1829 kalendis
1696 1799 1890 1834 decembris,
1914 1799 2122 1837 pontificatus
2148 1800 2251 1829 nostri

1246 1863 1332 1883 anno
1351 1853 1587 1883 tertiodecimo.
1612 1865 1623 1879 n

1316 2046 1431 2074 4982

1283 2109 1425 2143 Episcopo
1443 2109 1604 2135 Biterrensi
1632 2108 1754 2134 mandat
1773 2111 1917 2141 quatenus
1940 2108 2096 2133 nonnullos
2117 2107 2253 2133 castella-

1747 2046 1867 2076 Latran,
1885 2045 1919 2071 1*r
1932 2044 2085 2071 decembre
2102 2044 2180 2070 1239.

1248 2166 1308 2189 nos,
1328 2158 1438 2183 milites
1453 2160 1480 2183 et
1494 2157 1567 2183 alios
1584 2157 1673 2183 laicos
1687 2156 1908 2190 Magalonensis
1924 2159 1952 2182 et
1966 2156 2133 2181 vicinarum
2149 2155 2252 2181 civita-

1247 2210 1309 2233 tum
1333 2209 1361 2233 et
1382 2207 1571 2238 dioecesium,
1594 2206 1642 2239 qni
1659 2205 1833 2239 respondere
1849 2214 1881 2231 ac
1898 2205 2008 2230 servire
2025 2203 2253 2230 cont‹=inn‹.=baut

1247 2256 1382 2289 episcopo
1405 2255 1621 2288 Magalonensi,
1646 2262 1696 2287 pro
1715 2253 1828 2285 castris,
1851 2253 1934 2278 villis
1956 2252 2123 2285 mansisque
2142 2254 2169 2278 et
2186 2252 2252 2278 aliis

1247 2304 1364 2337 quaein
1380 2304 1522 2330 comitatu
1535 2303 1671 2336 Melgorii
1686 2306 1714 2329 ct
1728 2302 1841 2328 Montis
1855 2301 1995 2328 Ferrandi
2011 2300 2209 2334 possidebant,
2221 2314 2251 2317 m

1247 2362 1332 2386 quem
1360 2353 1532 2379 comitatum
1558 2352 1635 2378 idem
1658 2352 1810 2385 episcopus
1836 2350 2054 2381 Mae-alonensis
2078 2349 2130 2375 sub
2155 2357 2251 2374 annuo

1248 2410 1335 2427 censu
1351 2401 1387 2428 ab
1402 2401 1573 2435 Apostolica
1594 2400 1668 2426 Sede
1689 2399 1817 2431 tenebat,
1840 2414 1871 2416 —
1893 2399 2051 2431 compellat
2072 2401 2102 2423 ut
2124 2405 2136 2421 (1
2156 2397 2249 2422 cidem

1249 2458 1262 2474 ¹>
1279 2450 1413 2484 episcopo
1428 2458 1478 2483 pro
1492 2449 1722 2483 possessionibus
1737 2448 1808 2481 ipsis
1825 2447 2019 2480 respondeant
2035 2448 2062 2471 et
2079 2445 2209 2471 serviant
2227 2452 2250 2475 ›),

1248 2499 1325 2525 sicut
1350 2498 1535 2524 tenebantur.
1562 2512 1592 2514 —
1616 2498 1701 2527 (lim.
1729 2496 1771 2528 19,
1796 2498 1815 2522 f.
1843 2496 1893 2521 133
1917 2493 1989 2529 [132]
2012 2499 2056 2525 v”;
2079 2502 2147 2520 ann.
2170 2494 2251 2524 XIII,

1249 2555 1273 2573 c.
1292 2547 1359 2578 172;
1378 2561 1407 2564 -—
1426 2547 1557 2572 Monfflu
1578 2545 1655 2577 1192,
1672 2546 1690 2571 t'.
1707 2545 1781 2575 399.)

1292 2660 1304 2674 κ
1328 2671 1346 2676 ..
1370 2649 1503 2685 episeopo
1528 2647 1702 2675 l5ltrrrcnsi.
1721 2644 1932 2674 Yenerabilis
1957 2645 2056 2672 trater
2080 2646 2254 2671 iiosl⁴.¹1·-.

1251 2702 1323 2730 Dat.
1343 2705 1377 2729 ut
1395 2709 1504 2737 supra.
1529 2712 1540 2724 1>

1323 2891 1443 2918 4988

1290 2953 1447 2980 Dominam
1465 2952 1576 2978 Trevae
1592 2954 1620 2977 et
1636 2950 1762 2979 Caseoli,
1780 2950 1913 2977 viduam,
1934 2946 2126 2980 Lingonensis
2142 2945 2259 2971 11111000-

1781 2888 1909 2919 Auagni,
1928 2888 1959 2913 12
1976 2886 2091 2912 octobr<-
2109 2885 2185 2911 1239.
