2553 3526
157 299 211 329 301
964 292 1273 336 QUATORZIEME
1297 294 1455 331 ANNEE.
2192 314 2248 344 302

157 365 260 404 petita
281 369 433 403 negante.
463 365 588 394 Prefati
612 374 688 394 vero
711 365 851 404 judices.
879 366 1050 395 credentes
1072 365 1165 394 litem

158 427 231 448 esse
247 427 346 456 super
361 418 547 456 premissis,
564 422 697 456 excepta
714 427 813 448 causa
829 419 1046 456 dampnorum
1063 423 1094 448 et
1112 418 1165 447 in-

153 471 331 510 juriarum,
344 470 492 508 legitime
506 474 734 505 contestatam,
749 471 833 500 sicut
847 480 883 501 ex
897 472 978 501 actis
995 471 1165 501 evidenter

157 523 321 562 apparuit,
339 523 380 552 ad
394 523 648 553 instructionem
667 524 791 561 negotii
811 524 1036 562 procedentes.
1055 524 1164 561 ipsum

155 576 369 610 instructum,
388 580 552 614 quatenus
569 576 691 606 instrui
714 576 831 615 potuit,
855 576 893 605 ad
915 585 1051 606 examen
1070 585 1165 614 apos-

156 628 293 659 tolieum
321 629 535 659 remiserunt.
570 629 845 659 Procuratoribus
882 629 985 667 igitur
1021 630 1164 667 partium

154 686 289 720 propter
308 681 369 711 hoc
385 682 472 720 apud
488 682 605 712 Sedem
619 681 841 720 Apostolicam
859 682 1049 711 constitutis
1064 681 1165 711 dilec-

157 739 225 764 tum
250 733 355 763 filium
382 739 532 763 nostrum
557 734 772 772 Stephanum,
799 734 887 763 tituli
917 734 1035 764 Sancte
1061 735 1164 764 Mai-ie

153 787 396 817 Transtiberim
426 787 647 825 presbiterum
679 787 898 819 cardinalem,
938 788 1164 817 concessimus

155 840 358 876 auditorem
376 840 434 879 qui
450 849 488 870 ea
504 849 567 879 que
584 840 718 870 fuerunt
739 840 817 869 hinc
836 840 912 870 inde
928 840 1093 878 proposita
1111 849 1164 870 co-

154 901 227 923 ram
240 902 287 928 eo,
308 893 403 923 nohis
419 897 450 923 et
462 893 623 923 fratribus
642 893 765 923 nostris
782 893 961 931 prudenter
977 898 1005 923 et
1023 893 1165 924 fideliter

154 946 317 980 recitavit.
345 947 414 976 Nos
447 947 579 985 itaque,
612 947 820 976 attendentes
849 947 935 986 quod
969 947 1164 976 auctoritate

153 999 308 1037 rescripti
332 999 449 1033 nostri,
479 999 514 1028 in
540 1008 604 1038 quo
632 1008 697 1029 non
727 999 792 1035 nisi
822 1000 963 1038 dampna
989 1004 1016 1029 et
1042 1000 1164 1038 inJ'urie

153 1052 394 1091 exprimuntur,
423 1062 480 1091 per
506 1052 599 1082 illam
620 1052 808 1089 generalem
832 1053 1014 1082 clausulam
1040 1059 1065 1081 el
1092 1054 1166 1082 aliis

153 1114 255 1135 causa
275 1110 381 1135 status
402 1114 467 1135 non
491 1110 617 1143 poterat
639 1106 673 1134 in
696 1106 860 1144 judicium
885 1106 924 1135 de
943 1107 1017 1144 jure
1034 1106 1162 1141 deduci,

152 1166 228 1188 cum
247 1167 305 1196 per
321 1158 513 1197 hujusmodi
530 1158 698 1188 clausulas
715 1158 887 1195 generales
907 1167 971 1187 non
986 1159 1051 1187 nisi
1068 1168 1165 1197 equa-

153 1210 199 1240 lia
217 1210 269 1241 vel
288 1211 419 1241 minora
442 1211 504 1240 rite
521 1211 555 1239 in
572 1211 735 1249 judicium
753 1211 967 1247 deducantur,
989 1213 1163 1249 presertim

151 1273 239 1300 cum,
264 1264 389 1294 omissa
409 1273 509 1294 causa
532 1264 748 1303 dampnorum
772 1269 803 1294 et
829 1265 1028 1303 injuriarum
1046 1265 1164 1304 hujus-

151 1318 254 1353 modi,
273 1319 380 1348 factus
398 1318 439 1348 sit
465 1318 626 1348 transitus
649 1318 689 1347 ad
715 1318 853 1357 majora,
882 1318 1034 1357 quodque
1053 1328 1162 1348 coram

151 1372 310 1410 predictis
322 1363 492 1411 judicibus
508 1380 566 1410 per
584 1372 757 1402 Summum
782 1372 976 1402 Pontificem
992 1372 1164 1410 petebatur

151 1434 210 1455 vos
223 1425 264 1455 ad
281 1425 428 1463 predicta
443 1424 607 1463 compelli,
628 1434 664 1455 ac
682 1434 738 1463 per
755 1425 816 1454 hoc
832 1425 924 1455 litem
946 1430 1163 1455 contestatam

150 1488 218 1510 non
247 1488 330 1515 esse,
362 1479 400 1509 de
424 1479 564 1509 fratrum
592 1484 780 1508 nostrorum
805 1479 946 1509 consilio
969 1488 1025 1509 vos
1049 1480 1089 1508 ab
1110 1480 1163 1508 in-

152 1532 403 1572 stantiajudicii
419 1532 573 1562 duximus
585 1531 814 1561 absolvendas.
831 1533 904 1561 Dat.
918 1532 1003 1570 apud
1015 1532 1162 1570 Criptam

150 1586 332 1622 Fet-ratam,
351 1586 401 1616 III
417 1585 492 1615 idus
509 1585 652 1623 augusti,
674 1594 760 1614 anno
777 1585 1036 1624 quartodecimo.
1058 1598 1069 1611 n

221 1791 339 1819 5225
630 1791 735 1818 Grotta
750 1791 880 1823 Ferrata,
898 1792 912 1818 3
929 1794 997 1818 aeut
1012 1791 1089 1818 1240.

187 1853 332 1888 Episcopo
361 1853 555 1881 Praenestino
566 1875 572 1886 ,
598 1854 758 1888 apostolico
787 1854 881 1887 legato
893 1875 899 1885 ,
925 1854 1008 1887 cujus
1038 1854 1161 1880 consilio

150 1902 336 1937 praepositus
356 1905 385 1929 et
406 1903 571 1937 capitulum
592 1902 768 1929 Leodienses
788 1901 961 1936 [Robertum
978 1902 1013 1928 de
1033 1901 1160 1937 Torota]‚

152 1951 370 1986 Lingonensem
383 1951 568 1985 episcopum,
583 1950 614 1977 in
633 1954 778 1985 pastorem
796 1959 880 1977 suum
900 1952 1094 1984 postularant,
1112 1951 1162 1985 qui

149 2009 326 2028 consensum
347 2009 432 2027 suum
454 2000 641 2034 beneplacito
661 2000 825 2026 voluntatis
846 2000 1015 2033 pontificiae
1030 2000 1163 2034 subjece-

152 2052 208 2082 rat,
225 2049 330 2076 scribit
341 2058 371 2076 se
384 2050 479 2084 legato
493 2049 550 2083 ipsi
564 2057 632 2075 suas
646 2049 726 2075 vices
738 2056 825 2082 super
837 2049 890 2074 1100
902 2049 1018 2082 negotio
1029 2049 1163 2082 delegare

152 2099 243 2130 nolle,
266 2098 317 2125 sed
340 2097 504 2125 Senonensi
525 2100 554 2124 et
576 2097 807 2131 Rothomagensi
826 2097 1057 2131 archiepiscopis
1078 2106 1163 2124 man-

151 2147 238 2174 dasse
250 2149 294 2180 ut,
307 2146 451 2181 requisita
466 2146 598 2180 ejusdem
611 2146 807 2180 Lingonensis
819 2146 947 2180 episcopi
960 2147 1124 2178 voluntate,
1137 2147 1162 2173 si

153 2196 347 2231 postulationi
368 2195 550 2222 consenserit
570 2195 750 2226 antedictae,
772 2195 870 2229 ipsum
889 2204 905 2222 a
925 2195 1076 2229 spirituali
1094 2196 1164 2222 vin-

153 2246 222 2272 culo
237 2253 293 2279 quo
306 2244 448 2271 ecclesiae
463 2243 644 2278 Lingonensi
661 2246 806 2275 teneatur,
824 2243 1021 2275 absolventes,
1037 2243 1163 2270 eundem

154 2293 192 2320 ad
205 2293 397 2328 Leodiensem
416 2292 571 2319 ecclesiam
585 2292 795 2323 transferrent;
810 2292 893 2318 addit
905 2292 1012 2326 quibus
1022 2293 1058 2319 de
1068 2292 1164 2319 causis

155 2351 214 2369 non
229 2342 341 2369 viderit
351 2342 543 2368 annuendum
562 2341 638 2375 quod
654 2350 670 2368 a
684 2341 759 2368 Sede
776 2341 947 2375 Apostolica
964 2341 1052 2368 fuerit
1067 2344 1164 2375 postu-

155 2391 263 2423 latum,
279 2390 316 2416 de
330 2389 509 2416 reservanda
526 2389 563 2416 ad
583 2392 700 2423 tempus
718 2389 868 2423 praedicto
885 2389 1065 2423 Lingonensi
1087 2389 1165 2423 epis—

115 2467 122 2473 ,
155 2447 238 2474 copo,
254 2439 279 2466 si
292 2438 329 2465 ad
345 2438 537 2465 Leodiensem
554 2437 708 2464 ecclesian]
723 2438 928 2469 transferatur,
943 2437 1045 2464 eadem
1060 2437 1165 2472 Lingo-

156 2488 242 2515 nensi
262 2487 396 2515 ecclesia.
420 2502 453 2505 —-
476 2488 563 2518 (Res.
585 2486 629 2519 20,
651 2487 671 2513 f.
692 2487 726 2513 25
747 2489 783 2519 r⁰;
808 2495 877 2513 ann.
895 2487 978 2519 XIV,
1002 2495 1027 2513 c.
1046 2487 1115 2519 139;
1133 2501 1166 2504 —

156 2538 290 2565 Momm
303 2537 383 2570 1193,
393 2537 414 2563 f.
424 2536 458 2564 85
468 2545 475 2569 ;
486 2551 518 2555 —
532 2537 689 2563 Porrnasr
702 2536 788 2563 10923
800 2544 807 2568 ;
822 2551 854 2554 —
868 2537 906 2562 ct'.
919 2543 1015 2568 supra,
1029 2539 1057 2562 η’
1072 2536 1165 2567 5273.)

199 2664 213 2680 α
241 2675 260 2682 ..
287 2653 421 2690 episcopo
444 2653 635 2685 Ρεηεεινίηο,
658 2651 824 2689 ,400510ἰίοε
845 2651 929 2680 Sedis
951 2651 1058 2688 leuato.
1086 2651 1167 2680 Leo-

155 2705 267 2735 diensi
275 2704 416 2735 ecclesia
431 2709 561 2743 pastore
579 2708 727 2738 vacante,
745 2703 858 2733 dilecti
874 2703 967 2732 filii..
980 2704 1167 2741 prepositus

158 2763 190 2788 et
205 2757 386 2797 capitulum
399 2757 547 2797 ejusdem
563 2756 714 2792 ecclesie,
732 2757 857 2786 vocatis
874 2756 931 2795 qui
948 2757 1079 2786 fuerant
1097 2765 1168 2787 evo-

157 2811 268 2846 candi,
285 2811 338 2841 die
357 2811 397 2840 ad
417 2810 607 2848 eligendum
625 2810 774 2839 futurum
792 2809 981 2847 pontificem
998 2809 1169 2847 assignata

159 2864 396 2894 convenientes
412 2863 448 2892 in
465 2872 581 2898 unum,
600 2867 674 2901 post
695 2861 896 2900 multiplices
915 2862 1046 2892 habitos
1063 2863 1101 2892 de
1118 2863 1169 2901 ip-

160 2917 233 2947 sius
254 2916 393 2947 ecclesie
416 2916 606 2955 provisione
632 2919 801 2950 tractatus,
825 2915 860 2944 in
883 2914 1040 2945 dilectum
1063 2915 1170 2945 filium

159 2969 348 3001 Johannem
366 2969 527 3000 decanum
546 2973 577 2998 et
595 2968 755 3007 quosdam
772 2967 855 2998 alios
872 2968 1049 2998 canonicos
1066 2968 1170 2999 eccle-

1248 366 1295 395 sie
1326 374 1503 400 memorate
1533 373 1829 410 compromiserunt
1865 377 2066 407 unanimiter
2098 380 2158 408 sub
2190 380 2248 410 hac

1247 419 1361 455 forma,
1389 426 1422 450 ut
1448 422 1523 460 ipsi.
1547 425 1762 455 nominando.
1784 426 1946 464 eligendo,
1979 430 2172 466 postulando
2200 434 2250 463 1-01

1247 471 1394 509 quolibet
1410 474 1474 503 alio
1488 476 1593 510 modo,
1611 486 1684 506 cum
1701 479 1840 509 consilio
1859 484 1912 509 tuo
1924 482 2131 518 providerent
2144 485 2250 514 0111010

1247 524 1385 555 ecclesie
1399 527 1437 556 tle
1453 533 1597 565 pastore;
1616 531 1672 568 qui
1687 532 1759 561 sine
1774 541 1862 563 more
1880 533 2052 572 dispendio
2069 537 2107 565 ad
2121 547 2250 574 000500-

1249 577 1326 606 tiam
1346 584 1433 608 tuam
1457 582 1675 618 personaliter
1694 585 1898 619 accedentes.
1922 592 2060 618 tractatu
2080 590 2250 627 prehabito

1246 631 1411 669 diligenti,
1428 635 1651 665 venerabilem
1665 638 1799 667 fratrem
1810 644 1959 669 nostrum
1971 664 1990 670 ..
2007 642 2250 679 Lingonensem

1247 684 1436 723 episcopum
1459 687 1493 716 in
1518 693 1681 725 pastorem
1704 691 1841 722 ecclesie
1865 693 2035 730 prelibate.
2055 695 2092 725 de
2111 696 2250 727 consilio

1247 742 1326 768 tuo:
1349 741 1554 771 concorditer
1578 743 1804 780 postularunt3
1838 752 1969 784 propter
1998 749 2084 786 quod
2113 750 2250 787 predicti

1246 792 1432 829 prepositus
1450 798 1479 823 et
1497 795 1687 832 capitulum.
1706 797 1765 827 1100
1778 799 1889 828 omnia
1906 800 2053 829 seriatim
2068 802 2138 831 suis
2154 803 2250 832 nobis

1245 842 1366 874 litteris
1392 851 1603 883 exponentes,
1637 858 1654 878 a
1685 849 1780 879 nobis
1809 851 1981 882 humiliter
2009 854 2175 891 petierunt
2201 860 2245 890 ut.

1246 906 1319 925 cum
1350 898 1544 929 Lcodiensis
1570 901 1725 936 eccles-ia,
1753 909 1883 941 propter
1915 905 2077 935 diutinam
2108 909 2248 945 pastoris

1246 949 1442 979 absentiam.
1462 961 1518 989 pro
1538 954 1654 991 majori
1672 961 1763 992 parte
1779 956 1813 985 in
1831 958 2061 995 spiritualibus
2078 965 2107 990 et
2126 966 2248 999 tempo-

1247 1002 1372 1032 ralibus
1389 1004 1429 1033 sit
1451 1005 1605 1043 collapsa.
1624 1009 1788 1045 prefatum
1805 1010 1994 1048 episcopum
2012 1013 2121 1043 taliter
2136 1020 2249 1052 postu—

1246 1055 1348 1084 latum
1372 1056 1412 1085 ad
1431 1058 1567 1087 eandem
1593 1059 1766 1090 ecclesiam
1789 1062 1931 1100 dirigert¹
1952 1074 2155 1096 curaremus.
2177 1069 2249 1106 1050

1246 1117 1333 1138 vero.
1352 1118 1426 1138 cum
1443 1120 1459 1139 a
1479 1116 1507 1139 te
1525 1116 1555 1140 et
1572 1121 1609 1141 ex
1625 1118 1716 1150 parte
1733 1115 1869 1152 capituli
1887 1119 2049 1154 prenotati
2066 1119 2135 1157 ejus
2153 1130 2251 1158 super

1247 1161 1306 1190 hoc
1325 1162 1442 1192 fuisset
1462 1164 1643 1202 requisitus
1661 1175 1830 1197 assensus.
1843 1177 2039 1199 eonsensum
2058 1181 2165 1207 suum,
2184 1178 2251 1202 tan-

1246 1223 1344 1252 quam
1361 1215 1412 1244 ν(11-
1426 1216 1581 1253 providus
1599 1222 1628 1247 et
1646 1218 1810 1249 discretus
1823 1229 1858 1249 ac
1873 1222 2019 1252 Ecclesie
2037 1225 2183 1255 Romane
2200 1226 2251 1255 de-

1247 1273 1352 1301 votus,
1377 1277 1434 1306 per
1450 1268 1577 1299 litteras
1597 1279 1673 1300 suas
1691 1276 1802 1302 nostre
1819 1274 1957 1311 subjecit
1975 1275 2180 1315 beneplacito
2196 1288 2252 1309 vo—

1246 1320 1395 1350 luntatis.
1422 1322 1490 1351 Nos
1521 1327 1642 1358 autem,
1670 1324 1745 1354 licet
1770 1325 1976 1357 devotionem
2006 1329 2112 1367 ipsius
2143 1332 2252 1369 dignis

1246 1383 1345 1412 super
1362 1374 1421 1404 hoc
1439 1375 1471 1404 in
1485 1376 1626 1405 Domino
1640 1376 1794 1408 laudibus
1809 1381 2086 1419 commendemus,
2103 1384 2252 1415 nolentes

1246 1427 1306 1457 1100
1331 1437 1499 1458 assumere
1525 1429 1620 1459 nobis
1646 1439 1741 1466 onus,
1768 1441 1842 1462 cum
1868 1433 1954 1464 idem
1980 1436 2200 1474 Lingonensis
2223 1444 2253 1468 et

1248 1481 1440 1511 Leodiensis
1455 1482 1670 1513 ecclesiarum
1688 1489 1809 1514 statum
1822 1486 1892 1516 suis
1909 1488 2003 1517 nobis
2019 1488 2140 1520 litteris
2157 1491 2255 1522 duxe-

1246 1534 1286 1563 rit
1305 1535 1566 1572 exprimendum,
1585 1545 1645 1566 nec
1666 1537 1755 1567 vices
1773 1543 1903 1569 nostras
1921 1550 2019 1579 super
2036 1541 2097 1572 hoc
2117 1543 2176 1573 tibi
2194 1553 2253 1575 ne-

1245 1587 1333 1625 gotio
1349 1587 1512 1625 delegare.
1528 1598 1613 1618 cum.
1632 1589 1805 1621 honestate
1816 1598 1963 1630 pensata,
1983 1594 2066 1624 illud
2084 1596 2143 1625 tibi
2163 1597 2253 1627 vide-

1244 1645 1336 1670 retur
1349 1641 1523 1679 indignum
1538 1642 1625 1680 quod
1637 1643 1674 1673 de
1692 1648 1746 1673 tuo
1758 1645 1867 1675 fuerat
1877 1647 2016 1677 consilio
2028 1655 2249 1686 procuratum,

1246 1693 1493 1724 venerabilibus
1514 1695 1675 1726 fratribus
1697 1698 1820 1727 nostris
1840 1722 1859 1727 ..
1891 1700 2075 1731 Senonensi
2097 1707 2125 1733 et
2145 1727 2164 1733 ..
2184 1705 2251 1734 Ro-

1245 1746 1454 1785 thomagensi
1478 1748 1736 1788 archiepiscopis
1760 1752 1883 1782 nostris
1906 1753 2056 1785 dedimus
2076 1755 2197 1788 litteris
2215 1758 2250 1788 in

1245 1800 1409 1829 mandatis
1430 1806 1476 1836 ut,
1501 1802 1663 1840 requisita
1685 1803 1832 1842 ejusdem
1856 1806 2001 1845 episcopi
2023 1808 2202 1847 voluntate,
2222 1812 2250 1841 si

1245 1853 1460 1891 postulationi
1486 1857 1693 1886 consenserit
1717 1858 1892 1893 antediem,
1916 1859 2025 1898 ipsum
2044 1871 2061 1890 a
2085 1863 2251 1900 spirituali

1246 1916 1310 1945 quo
1331 1911 1461 1936 tenetur
1477 1908 1615 1938 ecclesie
1636 1910 1854 1947 Lingonensi.
1879 1912 2087 1944 absolventes
2106 1916 2250 1952 vinculo,

1246 1959 1316 1989 vice
1336 1965 1458 1989 nostra.
1478 1962 1680 1991 transferant
1697 1963 1737 1991 ad
1754 1963 1926 1993 ecclesiam
1943 1966 2157 1998 Leodiensem
2175 1979 2252 1999 eun-

1246 2013 1331 2050 dem,
1348 2014 1543 2043 transeundi
1564 2015 1603 2043 ad
1623 2015 1726 2053 ipsam
1744 2016 1882 2047 liberam
1904 2018 1968 2048 sibi
1986 2019 2154 2050 licentiam
2174 2032 2252 2052 con-

1246 2066 1402 2096 cedendo.
1420 2066 1584 2103 Ceterum,
1604 2069 1691 2106 quod
1712 2078 1730 2098 a
1748 2070 1843 2099 nobis
1868 2071 1906 2101 de
1930 2074 2127 2104 reservanda
2146 2076 2252 2106 eidem

1247 2119 1287 2149 ad
1312 2124 1440 2158 tempus
1464 2120 1603 2150 ecclesia
1626 2122 1843 2159 Lingonensi.
1865 2124 1893 2153 si
1912 2125 1952 2154 ad
1969 2126 2183 2158 Leodiensem
2201 2139 2253 2160 00-

1246 2172 1381 2202 clesiam
1403 2173 1632 2209 transferatur,
1653 2175 1761 2204 extitit
1778 2176 1992 2215 postulatum,
2011 2182 2252 2212 communicato

1247 2226 1386 2255 fratrum
1408 2226 1565 2259 consilio,
1591 2226 1681 2257 salva
1704 2229 1919 2265 conscientia,
1944 2231 2057 2262 multis
2082 2243 2117 2263 ex
2143 2236 2252 2266 causis

1247 2287 1312 2308 non
1328 2278 1472 2308 vidimus
1498 2280 1738 2309 annuendum:
1765 2282 1881 2319 primo,
1909 2289 2041 2322 propter
2068 2287 2251 2324 periculum

1247 2332 1434 2361 animarum
1455 2332 1541 2370 quod
1558 2333 1675 2363 exinde
1693 2340 1898 2372 sequeretur,
1916 2336 1944 2365 si
1961 2337 2181 2375 Lingonensis
2200 2350 2253 2371 ec-

1247 2384 1348 2414 clesia
1374 2390 1560 2415 remaneret
1581 2387 1723 2424 pastoris
1750 2387 1872 2418 solacio
1890 2389 2063 2426 destituta3
2094 2395 2250 2429 secundo,

1247 2443 1379 2476 propter
1401 2438 1594 2468 scandalum
1613 2440 1699 2478 quod
1720 2441 1804 2478 apud
1822 2441 2036 2473 karissimum
2061 2446 2096 2474 10
2120 2446 2252 2478 Christo

1247 2491 1354 2520 filium
1372 2496 1520 2520 nostrum
1543 2515 1561 2521 ..
1588 2501 1697 2529 regent
1716 2494 1918 2523 Francorum
1934 2495 2098 2527 illustrem
2117 2505 2145 2528 et
2163 2501 2252 2538 capi-

1248 2544 1353 2573 tulum
1371 2544 1509 2574 ecclesie
1527 2545 1760 2582 Lingonensis‚
1773 2555 1846 2575 cum
1862 2556 1927 2577 una
1940 2549 2153 2581 ecclesiarum
2170 2553 2254 2591 ipsa-

1249 2606 1322 2626 rum
1338 2597 1379 2626 sit
1396 2597 1434 2627 de
1455 2598 1598 2635 Imperio
1615 2603 1645 2628 et
1663 2598 1766 2628 altera
1783 2600 1820 2630 de
1837 2609 1939 2638 regno
1955 2603 2166 2640 Francorum,
2181 2616 2256 2645 pos-

1249 2654 1299 2680 set
1323 2658 1360 2679 ex
1387 2651 1611 2680 reservatione
1634 2651 1824 2690 hujusmodi
1841 2654 2002 2691 subori1·i;
2026 2657 2133 2695 tertio,
2156 2661 2251 2698 quod,

1249 2711 1323 2732 cum
1345 2702 1567 2740 Lingonensis
1593 2704 1733 2734 ecclesia
1757 2714 1822 2735 non
1847 2708 1961 2744 paucis
1978 2709 2019 2738 sit
2037 2710 2156 2741 debitis
2173 2713 2256 2742 obli-

1250 2760 1334 2793 gata‚
1353 2760 1517 2793 oporteret
1533 2757 1671 2786 eandem
1691 2758 1809 2797 majori
1827 2759 1934 2789 subici
1950 2763 2042 2792 oneri
2059 2763 2256 2802 debitorum,

1250 2808 1371 2846 quibus
1383 2808 1465 2838 forte
1484 2817 1548 2838 non
1562 2814 1671 2847 posset
1688 2819 1806 2848 magno
1820 2816 1964 2851 tempore
1976 2814 2128 2847 relevari.
2144 2819 2256 2855 Porro,

1251 2861 1279 2890 si
1299 2861 1340 2890 ad
1357 2867 1484 2899 tempus
1501 2861 1640 2892 duorum
1658 2863 1708 2893 vel
1729 2863 1829 2893 trium
1853 2874 2015 2896 annorum
2038 2869 2257 2907 Lingonensis

1251 2913 1392 2944 ecclesia
1417 2914 1526 2944 taliter
1553 2919 1722 2946 teneretur
1751 2917 1929 2948 Leodiensi
1954 2920 2102 2956 ecclesie,
2130 2923 2164 2952 in
2192 2929 2257 2954 tam

1252 2967 1379 2996 modico
1399 2971 1542 3006 tempore
1566 2977 1682 3006 parum
1705 2973 1761 2999 aut
1782 2970 1888 3000 nichil
1910 2981 1966 3010 per
1988 2973 2079 3003 illam
2104 2976 2260 3008 utilitatis
