2553 3526
165 346 221 377 <509
951 341 1164 371 neeisrne
1188 341 1242 370 DE
1267 332 1474 370 peuense.
2203 343 2258 371 010

165 412 241 443 aliis
253 411 311 450 qui
323 409 469 440 Ert-'sesie
483 409 695 439 adheserunt.
717 413 747 438 et
766 417 842 446 pace
857 407 1030 437 servanda.
1046 406 1173 445 jurabit

165 469 197 496 et
220 465 349 494 litte-:as
368 472 446 493 suas
467 463 568 492 dabit.
592 463 764 500 Principes
785 462 883 491 etiam
905 460 1123 490 ecclesiastici
1143 464 1174 489 et

165 517 332 548 seculares
354 517 408 546 hic
431 520 615 554 presentes,
638 521 714 546 ante
738 515 979 545 absolutionem
997 514 1067 552 ejus
1081 513 1173 552 jura-

165 571 247 601 bunt
263 579 439 608 procurare
453 569 539 599 bona
556 569 618 598 fide
636 569 723 607 quod
739 569 922 606 Imperator
941 566 1087 604 predicta
1103 574 1172 595 ser-

165 623 256 653 vabit
268 627 298 653 et
315 627 427 652 contra
441 631 505 652 non
516 622 643 652 veniet:
663 621 824 659 alioquin,
843 620 909 649 nisi
925 628 973 653 ea,
991 619 1172 648 secundum

165 675 252 714 quod
270 675 430 713 scriptum
447 680 496 704 est
516 674 550 703 in
568 675 674 703 forma
693 673 782 711 pacis
802 672 894 701 vobis
912 670 1042 706 tradita,
1062 679 1175 700 emen-

165 728 268 765 daret,
283 728 346 766 ipsi
363 726 472 766 [quod]
488 726 634 756 Ecclesie
647 731 797 764 potenter
809 729 837 754 et
851 728 1001 762 patenter
1018 723 1175 752 assistent

165 789 265 819 super
280 780 358 814 hiis,
376 779 506 809 litt-eras
523 788 600 808 suas
617 779 752 808 dabunt.
771 777 864 813 Quod
877 777 904 805 si
922 786 979 815 per
994 777 1174 814 Imperato-

164 842 234 864 rem
251 837 353 869 staret
369 833 456 871 quod
473 832 616 862 arbitros
633 840 698 861 non
710 831 858 868 eligeret.
876 829 925 859 vel
944 839 998 859 eos
1010 838 1049 859 ne
1067 838 1174 867 proce-

163 885 291 920 derent,
311 885 499 923 impediret.
524 885 596 922 ipso
618 884 704 913 sacto
725 883 925 913 sententiam
949 883 1175 912 excommuni-

163 939 306 969 cationis
319 939 479 971 incurrat,
503 942 533 967 et
550 937 727 975 principes,
746 937 831 966 sicut
850 936 972 966 dictum
991 941 1050 966 est.
1070 936 1178 965 Eccle-

164 991 214 1022 sie
238 991 408 1029 [assistere
420 990 440 1029 ¹]
466 994 652 1020 teneantur.
675 990 709 1019 Si
733 994 842 1019 autem
867 989 1013 1019 Ecclesia
1035 989 1176 1018 arbitros

163 1044 242 1074 dare
259 1043 369 1080 nollet,
381 1043 484 1073 velne
503 1043 728 1081 procederent.
746 1042 930 1080 impediret,
951 1043 1133 1080 Imperator
1147 1046 1178 1072 et

161 1096 330 1135 principes
346 1100 465 1126 extunc
476 1095 622 1134 predicto
633 1095 821 1134 juramento
834 1104 897 1124 non
917 1100 1102 1128 teneantur,
1119 1103 1178 1124 nec

163 1151 347 1188 Imperator
362 1158 399 1179 ex
416 1148 562 1187 predicta
579 1148 745 1178 sententia
760 1147 930 1177 vinculum
953 1148 1179 1177 excommuni-

163 1202 305 1234 cationis
316 1201 476 1235 incurrat,
495 1201 653 1240 predictis
669 1201 765 1230 terris
779 1205 807 1230 et
825 1200 1018 1230 hominibus
1029 1201 1064 1229 in
1078 1209 1179 1230 manu

163 1245 312 1286 Ecclesie
323 1255 586 1290 remanentibus,
600 1254 686 1283 sicut
699 1253 734 1282 in
749 1254 855 1283 forma
867 1254 956 1291 pacis
970 1254 1088 1283 tradita
1101 1263 1179 1283 con-

163 1308 298 1339 tinetur.
314 1308 352 1338 In
364 1307 520 1337 omuibus
537 1306 624 1340 aliis,
636 1306 817 1336 secundnm
837 1310 1010 1336 tractatum
1028 1306 1178 1335 habitum

126 1350 129 1352 ‚
164 1365 197 1392 et
210 1361 351 1391 formam
368 1360 461 1390 vobis
480 1360 635 1389 traditam
651 1359 858 1397 procedatur.
878 1370 890 1384 »

235 1531 354 1560 (3¹22

199 1593 369 1622 Fridericus
379 1594 543 1628 imperator
555 1594 693 1627 Gregorio
702 1602 798 1628 papae
810 1597 911 1621 notum
926 1594 995 1621 facit
1008 1603 1037 1621 se
1052 1596 1175 1621 sormam

584 1531 820 1563 San-Germano,
838 1531 871 1558 19
887 1531 985 1565 juillet
1003 1530 1105 1567 [1230]

115 1660 119 1664 ·
167 1642 392 1678 compositionis
411 1642 467 1676 ipsi
485 1642 656 1676 imperatori
677 1651 693 1669 a
715 1642 790 1669 Sede
805 1642 976 1676 Apostolica
997 1643 1175 1669 destinatam

162 1693 342 1726 acceptasse.
367 1700 492 1725 eumque
513 1694 594 1725 rogat
617 1695 643 1718 et
668 1692 802 1718 bortatur
821 1695 966 1725 quatenus
988 1700 1089 1718 versus
1105 1693 1179 1719 vici-

163 1740 261 1768 niores
281 1743 379 1774 partes
395 1740 579 1774 Campaniae
597 1741 728 1772 accedat,
753 1743 784 1767 ut
802 1741 895 1774 aliqui
915 1741 950 1767 de
971 1741 1178 1775 imperialibus

164 1789 352 1824 principibus
371 1797 437 1816 eum
453 1789 542 1816 citius
560 1779 788 1816 adiret-aleam.
805 1804 834 1807 —
857 1790 944 1821 (Rae.
962 1790 1036 1816 PER.
1053 1790 1073 1816 f,
1088 1790 1122 1816 15
1138 1794 1177 1822 νο,

165 1840 197 1865 11⁰
211 1837 270 1869 72.)

205 1950 220 1966 «ι
243 1939 445 1969 sanctissimo
469 1939 505 1967 in
526 1938 646 1967 Christo
668 1939 752 1975 patri
773 1939 897 1968 (lantino
923 1938 1098 1978 G[1·e90rt'0],
1127 1940 1180 1968 Dei

163 1993 269 2030 qratia
283 1992 481 2022 Sacrosancte
497 1993 628 2021 Romane
644 1992 771 2021 Ecclesie
788 1992 915 2021 Summo
932 1992 1083 2027 Pontifici,
1108 1993 1180 2020 Frr-

163 2043 320 2085 d[ericus],
338 2045 438 2074 eadem
455 2045 559 2082 qratia
580 2045 787 2073 Romanorum
807 2047 973 2082 imperator
987 2054 1103 2082 semper
1120 2054 1178 2074 au-

162 2102 283 2136 gustus,
305 2099 475 2128 Jerusalem
499 2103 525 2127 ec
552 2098 657 2127 Sicilie
681 2106 744 2128 rem.
768 2099 897 2127 sahulem
925 2103 951 2126 et
976 2100 1177 2127 reverentiam

165 2150 306 2188 filialem.
319 2150 472 2180 Formam
488 2150 740 2189 compositionis
758 2159 814 2188 per
831 2150 1039 2180 venerabiles
1057 2151 1144 2181 viros
1159 2175 1178 2180 ..

133 2233 136 2235 Α
166 2202 333 2241 Reginum
351 2202 652 2241 archiepiscopum,
671 2203 874 2233 familiarem
891 2208 1051 2239 nostrum,
1075 2227 1094 2233 ..
1114 2205 1180 2234 Re-

167 2255 284 2294 ginum
298 2255 500 2294 episcopum,
521 2278 540 2285 ..
559 2256 755 2294 magistrum
772 2256 888 2286 domus
902 2256 1181 2287 Theotonicorum

166 2311 201 2338 et
217 2326 235 2337 ..
249 2304 405 2338 'abbatem
421 2307 617 2343 casemarii,
630 2308 745 2338 fideles
762 2313 904 2343 nostros,
922 2318 982 2338 nec
996 2318 1060 2339 non
1078 2315 1108 2340 et
1124 2319 1182 2348 per

167 2361 306 2391 fratrem
333 2360 517 2400 G[ualam]‚
543 2360 582 2391 de
608 2361 724 2390 ordine
752 2361 1018 2397 Predicatorum,
1050 2372 1068 2392 a
1098 2363 1181 2393 Sede

167 2413 360 2452 Apostolica
375 2413 586 2448 destinatam,
605 2413 783 2451 diligenter
794 2413 939 2443 vidimus
955 2418 987 2444 et
1003 2423 1075 2444 eam
1091 2415 1180 2445 duxi-

167 2475 243 2496 mus
256 2466 503 2504 accept-andam,
522 2474 558 2495 ac
569 2466 662 2505 juxta
678 2466 923 2495 ordinationem
939 2467 1180 2497 venerabilium

166 2519 310 2549 fratrum
330 2523 518 2548 vestrorum
536 2541 559 2547 ..
584 2519 781 2549 Sabinensis
798 2519 944 2557 episcopi
966 2524 997 2549 et
1017 2520 1179 2559 Th[ome],

169 2571 260 2601 tituli
277 2571 397 2602 Sancte
413 2571 537 2601 Sabine
553 2571 730 2610 presbiteri
747 2571 938 2606 cardinalis,
957 2577 988 2602 et
1004 2573 1181 2603 consilium

169 2623 366 2654 dilectorum
389 2623 579 2662 principum
602 2629 803 2660 nostrorum,
820 2625 1030 2662 procedimus
1046 2626 1087 2655 ad
1102 2635 1182 2656 ean-

169 2675 256 2708 dem.
273 2677 313 2706 Et
326 2675 404 2706 licet
420 2685 519 2714 grave
536 2682 648 2706 nostre
664 2676 857 2706 celsitudini
870 2677 1048 2712 videretur,
1070 2678 1109 2708 de
1125 2678 1183 2709 be-

170 2728 334 2767 nignitate
351 2733 462 2759 tamen
478 2734 510 2759 et
527 2729 651 2759 solacio
666 2729 928 2760 Confert-ationis
943 2731 1061 2761 Vestre
1080 2731 1182 2761 confi-

169 2781 281 2812 dimus
303 2782 391 2821 quod
409 2781 506 2812 solite
524 2782 714 2812 dilectionis
734 2782 885 2820 amplexu
905 2783 1058 2819 devotum
1076 2784 1182 2814 filium

169 2835 207 2864 in
221 2838 395 2873 paternam
415 2836 642 2866 reformabitis
664 2837 847 2866 caritatem.
866 2836 975 2873 Quare
995 2837 1182 2866 Paternita-

170 2891 238 2918 tem
258 2888 413 2919 Vestram
435 2897 590 2926 rogamus
616 2893 647 2919 et
670 2888 843 2919 hortamur
871 2893 995 2919 attente
1023 2890 1182 2928 quatinus

204 3004 226 3029 ¹.
240 3004 297 3029 Mot
314 3005 411 3030 retabli
435 3006 542 3037 d'apres
565 3007 590 3030 la
605 3007 687 3031 lettre
703 3008 773 3032 citee
790 3008 858 3031 dans
875 3008 900 3031 la
922 3010 987 3032 note
1006 3007 1181 3039 precedente.

297 3056 483 3088 GREGOOEE
502 3064 548 3093 ix,
567 3067 586 3088 t.
606 3065 654 3089 111.

1256 414 1372 435 versus
1389 405 1568 434 viciniores
1585 411 1693 442 partes
1712 406 1891 443 Campania..¹
1911 411 2066 436 vestrum.
2093 407 2121 435 si
2146 407 2260 444 plat-et,

1257 458 1409 495 dirigatis
1434 467 1618 487 accessum.
1648 463 1681 486 ut
1708 457 1812 495 aliqui
1840 458 1877 486 ile
1905 458 2110 495 principibus
2140 460 2261 489 nostris

1256 510 1458 548 presentiam
1480 515 1621 540 vestram
1645 511 1744 539 citius
1768 510 1857 539 adire
1882 510 2023 539 valeant.
2052 515 2079 539 et
2103 512 2189 549 quod
2214 516 2262 540 est

1257 563 1325 592 Deo
1348 563 1576 600 compositiun.
1595 568 1703 600 optato
1720 562 1922 600 compleatur
1938 564 2067 592 effectu.
2087 564 2158 592 Dat.
2177 564 2262 601 apud

1259 616 1415 645 Sanctum
1428 617 1641 645 Germanum.
1656 617 1800 646 XV11110
1813 616 1899 654 julii,
1917 616 2260 655 [tlt-2]indict[i0110]¹.»

1330 782 1446 808 (3153
1494 781 1609 816 [Gt-otta
1626 780 1769 808 Ferrata?
1785 783 1869 815 apres
1887 782 1912 807 le
1929 780 2192 815 19j11i110t1230².]

1295 843 1456 878 [Friderico
1473 843 1670 877 imperatori-³]
1689 844 1804 869 nuntiat
1825 852 1854 869 se
1876 852 1980 875 maeno
1996 852 2060 869 cum
2081 844 2186 877 gaudio
2202 844 2264 877 ejtis

1261 893 1375 919 litteras
1391 893 1544 926 recepisse.
1563 907 1594 909 —
1609 893 1694 923 (Hm.
1714 892 1787 918 PER.
1806 893 1824 918 f.
1842 892 1874 917 15
1889 896 1929 923 ν),
1945 897 1974 918 11⁰
1987 892 2044 921 73.)

1303 999 1315 1012 «ι
1336 987 1345 1025 [
1354 1010 1538 1016 ..........
1558 985 1929 1024 A]t1ditos1110‹lJosepli
1947 985 2035 1014 iilius
2048 991 2158 1015 noster
2172 986 2262 1016 vivit.

1262 1040 1318 1078 qui
1338 1040 1371 1068 in
1390 1045 1476 1069 terra
1497 1040 1686 1068 dominatur
1709 1039 1857 1077 Egi-pti&
1884 1039 1999 1068 revixit
2023 1048 2095 1068 cum
2121 1039 2187 1068 titio
2207 1048 2265 1069 suo

1262 1098 1364 1131 pater.
1383 1095 1498 1131 quemf'
1514 1092 1668 1121 lamentis
1688 1092 1824 1130 jugibus
1847 1097 1990 1129 tempore
2006 1092 2109 1121 multo
2128 1092 2263 1130 planxit,

1263 1147 1383 1176 timens
1401 1155 1440 1175 ne
1457 1146 1565 1183 ipsum
1578 1146 1646 1174 sera
1664 1145 1806 1182 pessima
1821 1144 2013 1178 dex-orariis,
2033 1154 2129 1182 quem
2147 1146 2266 1175 fratres

1263 1204 1294 1229 et
1319 1198 1502 1228 familiares
1528 1198 1633 1235 ipsius
1655 1197 1763 1227 conati
1787 1202 1861 1226 sunt
1884 1197 2025 1226 vendere
2049 1197 2213 1227 Pharaoni
2236 1202 2267 1227 et

1263 1252 1479 1291 Egyptiorum
1500 1251 1651 1280 subicere
1672 1250 1835 1284 servituti.
1856 1259 1896 1279 ne
1913 1250 2048 1279 adorare
2066 1250 2173 1288 ipsum
2196 1247 2268 1280 tan-'

1263 1314 1361 1343 quam
1374 1304 1542 1333 dominum
1563 1307 1770 1340 cogerentur.
1782 1302 1898 1331 Obviat
1913 1302 2024 1340 itaque
2041 1307 2132 1340 pater
2150 1302 2216 1331 filio
2228 1302 2265 1332 de

1262 1359 1397 1396 regione.
1416 1356 1611 1394 longissima
1631 1355 1812 1385 redeunti7.
1838 1360 1879 1385 et.
1901 1355 2126 1384 misericordia
2147 1360 2265 1389 motus,
2296 1381 2299 1384 .

1263 1421 1361 1450 super
1381 1410 1487 1448 ipsius
1510 1409 1631 1439 collum
1654 1408 1844 1442 mentumis,
1870 1416 1967 1446 quem
1989 1408 2095 1436 obviis
2122 1408 2266 1437 brachiis

1262 1473 1362 1503 prone
1380 1462 1579 1492 humilitatis
1591 1461 1818 1499 amplectiturg
1837 1466 1866 1490 et
1884 1461 1971 1489 inter
1987 1461 2050 1489 ista
2065 1461 2182 1489 festive
2200 1460 2268 1498 yla-

1263 1517 1371 1546 ritatis
1381 1515 1537 1553 insignia,
1549 1515 1721 1552 saginatus
1731 1514 1870 1543 Domino
1883 1513 2025 1542 vitulus9
2035 1513 2265 1547 immolauit-¹⁰,

1262 1571 1341 1610 quia
1357 1570 1445 1600 dedit
1462 1569 1624 1598 Dominus
1649 1567 1769 1605 gaudia
1791 1567 1829 1596 de
1851 1566 2006 1596 lamentis
2023 1570 2064 1601 et,
2082 1571 2152 1604 post
2170 1566 2268 1595 lacri-

1262 1625 1441 1654 mationem
1464 1627 1493 1652 et
1519 1622 1642 1656 fletum,
1669 1620 1908 1659 jocunditatem
1935 1619 2119 1649 desiderate
2142 1619 2269 1649 exulta-

1263 1678 1363 1707 tionis
1384 1676 1518 1706 infudit.
1538 1676 1620 1712 Agat
1640 1674 1743 1711 igitur
1764 1672 1871 1702 omnis
1888 1681 1997 1706 sexus,
2018 1677 2098 1707 etas,
2119 1672 2268 1701 condicio

1262 1730 1386 1769 gratias
1402 1728 1512 1758 Actori
1529 1727 1658 1761 salutis,
1680 1726 1746 1764 qui,
1767 1726 1806 1754 ad
1824 1725 1969 1754 hostium
1989 1725 2097 1754 cordis
2117 1725 2162 1753 tui
2184 1724 2269 1753 sicut

1263 1783 1412 1822 pertinax
1434 1785 1560 1811 amator
1580 1779 1761 1817 invigilans
1787 1784 1817 1808 et
1839 1778 1957 1816 spiritu
1975 1777 2107 1807 consilii
2126 1782 2155 1807 et
2179 1777 2268 1807 salu-

1262 1836 1377 1866 bribus
1395 1835 1531 1864 monitis
1548 1833 1751 1871 inquietans,
1770 1836 1799 1861 te
1812 1831 1875 1861 sibi
1890 1831 2043 1860 reddidit.
2058 1835 2086 1860 et
2100 1830 2269 1868 pessulum

1263 1890 1358 1919 nobis
1371 1894 1424 1918 tue
1435 1887 1544 1917 abdite
1556 1885 1736 1915 voluntatis
1749 1885 1875 1922 aperuit
1885 1885 1918 1918 ¹¹,
1931 1893 2027 1922 quem
2041 1883 2163 1921 aperiri
2175 1883 2270 1913 nobis

1262 1942 1474 1982 pulsantibus
1492 1940 1653 1969 hactenus
1670 1937 1925 1975 malignantium
1945 1937 2094 1975 nequitia
2115 1945 2178 1965 non
2196 1945 2270 1974 per-

1263 1996 1365 2025 misit.
1382 1995 1468 2024 Sane
1485 1993 1543 2023 leti
1561 1991 1745 2030 recepimus
1765 1991 1901 2020 fratrem
1923 1989 2074 2023 Gualam,
2094 1993 2124 2019 et
2141 1989 2270 2018 audivi-

1263 2057 1337 2078 mus
1353 2052 1471 2077 cuncta
1487 2054 1551 2084 que
1570 2044 1724 2078 retulit-¹²,
1741 2043 1775 2072 in
1793 2043 1914 2081 quibus
1931 2042 2068 2080 spiritus
2086 2046 2196 2071 noster
2214 2050 2271 2080 pre

1298 2162 1317 2185 i.
1337 2160 1380 2184 Ou
1398 2158 1463 2182 mte]
1479 2155 1686 2188 indic![i0nis];
1703 2156 1736 2178 cs.
1753 2162 1851 2184 supra,
1868 2159 1895 2177 n‘
1910 2154 1980 2178 6167.

1295 2206 1318 2230 2.
1333 2206 1367 2229 Et.
1379 2202 1665 2228 vraisemblabtemeut
1678 2205 1759 2223 avant
1772 2200 1796 2223 le
1809 2200 1852 2227 ‘243
1867 2199 1881 2221 ἐι
1895 2203 1965 2222 cette
1980 2198 2099 2222 seconde
2116 2198 2188 2227 date,
2203 2197 2272 2221 [rere

1266 2251 1352 2274 Guala
1369 2248 1433 2273 etait
1448 2247 1508 2276 deja
1521 2247 1554 2270 de
1569 2249 1662 2269 retour
1676 2244 1775 2274 aupres
1791 2244 1823 2267 de
1837 2243 2011 2273 l'empereur,
2021 2243 2036 2265 ὲ
2051 2242 2271 2266 San-Germano.

1297 2295 1318 2320 3.
1338 2294 1417 2318 Cette
1430 2293 1509 2316 lettre
1526 2297 1559 2314 nc
1572 2293 1649 2320 porte
1661 2295 1769 2312 aucune
1785 2287 1896 2311 adresse
1911 2287 1980 2310 dans
1991 2287 2015 2310 le
2029 2287 2192 2313 manuscrit;
2206 2286 2272 2309 mais

1265 2341 1283 2363 il
1302 2343 1343 2363 est
1357 2339 1424 2361 clair
1440 2343 1492 2366 que
1509 2342 1579 2359 nous
1593 2340 1679 2357 avons
1692 2333 1718 2356 lit
1733 2333 1758 2355 la
1774 2332 1892 2362 reponse
1908 2331 1941 2354 de
1956 2331 2088 2361 Gregoire
2102 2330 2139 2354 IX
2155 2331 2169 2353 ἐι
2185 2331 2210 2353 la
2226 2330 2273 2353 let-

1265 2388 1306 2408 tre
1320 2383 1353 2406 de
1368 2380 1497 2405 Frederic
1513 2379 1547 2406 11,
1565 2379 1600 2401 du
1619 2378 1646 2401 19
1659 2377 1757 2407 juillet,
1772 2376 1819 2406 qui
1835 2374 1952 2406 precede
1968 2374 2210 2398 immediatement.

1297 2429 1318 2452 4,
1339 2427 1380 2451 Gr.
1398 2426 1467 2450 GEN.
1484 2424 1568 2452 XLV,
1581 2423 1622 2446 ⁵26.

1297 2473 1318 2497 5.
1338 2472 1358 2495 Il
1375 2472 1431 2494 faut
1446 2468 1579 2493 emendi-e
1596 2475 1601 2492 :
1618 2476 1630 2488 u
1644 2467 1700 2489 filio
1717 2472 1796 2495 quem
1809 2474 1820 2485 u
1838 2471 1873 2488 ou
1890 2473 1901 2484 α
1916 2466 1992 2494 pater
2008 2462 2054 2493 qui
2071 2469 2140 2486 eum.
2159 2472 2169 2482 υ

1296 2517 1319 2541 6.
1338 2516 1380 2540 Cf.
1399 2515 1468 2538 GEN.
1485 2511 1622 2538 XXXVII.
1639 2510 1677 2534 ῗΟ.

1296 2561 1319 2584 7.
1337 2560 1378 2584 Cf.
1401 2565 1497 2586 supra,
1521 2560 1549 2578 n⁰
1567 2554 1628 2578 6149
1645 2560 1650 2576 :
1673 2561 1684 2574 α
1698 2553 1752 2582 jam
1769 2551 1889 2575 occurrit
1906 2551 1994 2581 [pater
2009 2549 2076 2580 filio]
2094 2550 2223 2573 existenti
2241 2551 2270 2573 in

1266 2605 1433 2633 longissima
1451 2601 1573 2629 reyione.
1587 2607 1598 2618 n

1297 2648 1319 2671 ὃ.
1339 2647 1378 2671 Cf.
1394 2646 1464 2669 Gen.
1482 2642 1578 2671 XLVI,
1594 2641 1637 2668 ‘29;
1655 2640 1722 2664 Luc.
1740 2639 1799 2667 XV,
1815 2638 1853 2663 20.

1296 2693 1318 2716 9.
1336 2691 1378 2715 Cf.
1396 2690 1461 2713 Luc.
1475 2687 1535 2715 XV,
1552 2686 1591 2709 23.

1298 2737 1334 2760 10.
1353 2736 1408 2763 Sic,
1424 2733 1564 2764 peut-etse
1580 2736 1650 2761 pour
1666 2730 1838 2752 immoletur.

1298 2781 1334 2804 11.
1353 2779 1396 2803 Cf.
1413 2778 1496 2802 CANr.
1514 2776 1548 2804 V,
1565 2775 1587 2799 6.

1299 2825 1334 2849 1¹2.
1354 2823 1394 2848 Cf.
1407 2821 1565 2852 Chronique
1577 2819 1610 2842 de
1622 2818 1749 2842 Riemann
1763 2822 1796 2839 DE
1811 2814 2030 2843 SAN-GERMANO,
2043 2815 2166 2837 tionum.
2180 2815 2272 2836 Germ.

1265 2871 1374 2895 histor„
1391 2870 1410 2890 t.
1427 2865 1499 2892 th,
1511 2871 1526 2894 p
1547 2863 1592 2887 359
1603 2866 1629 2886 et
1645 2862 1698 2890 361,
1712 2864 1738 2884 et.
1751 2862 1909 2888 Scriptores
1922 2865 2015 2881 rernm
2031 2859 2271 2887 germanicarum,

1265 2921 1290 2944 p.
1304 2913 1332 2937 94
1342 2915 1368 2935 et
1380 2911 1407 2935 97
1423 2917 1428 2933 1
1447 2918 1458 2932 t(
1521 2908 1631 2939 quidam
1648 2907 1731 2929 frater
1744 2904 1832 2928 Guato
1848 2904 1965 2926 mittitur
1981 2903 2013 2925 de
2030 2902 2126 2925 ordine.
2144 2902 2273 2925 Predica-

1265 2962 1369 2985 torum,
1388 2958 1475 2980 forma
1491 2953 1639 2978 concordie
1661 2954 1816 2981 acceptata3
1835 2953 1860 2973 et
1882 2949 1940 2978 ipse
1963 2956 2031 2979 papa
2050 2948 2149 2972 Urbem
2166 2949 2273 2977 exiens,

1265 3005 1340 3028 venit
1353 3006 1418 3034 aput
1427 3002 1548 3032 Criptam
1559 3000 1697 3022 serratam.
1709 2997 1861 3026 Imperator
1870 3002 1935 3018 vero
1950 2995 1983 3017 de
1993 2994 2086 3024 Capua
2095 2995 2147 3023 jam
2160 2997 2274 3017 venerat

2122 3051 2151 3075 39
