2553 3526
249 331 306 361 537
976 312 1216 347 REGIsTREs
1238 309 1294 340 DE
1317 302 1540 340 GREGOIRE
1563 310 1622 340 tx.
2238 346 2241 347 ⁷
2293 309 2353 339 588

251 398 297 424 dis
316 397 409 429 legato
429 393 471 428 [in
492 391 625 426 partibus
649 387 787 422 Galliae],
812 387 932 414 mandat
959 387 1114 419 quatenus,
1138 394 1168 399 —
1190 386 1257 405 cum

252 446 334 477 Otto,
348 442 450 470 Sancti
463 440 580 468 Nicolai
593 440 623 466 in
641 438 764 466 Carcere
779 436 918 463 Tulliano
931 434 1072 460 diaconus
1086 426 1258 457 cardinalis,

252 493 437 528 Apostolieae
455 490 539 517 Sedis
555 490 666 522 legatus
678 486 719 521 [in
733 485 865 520 partibus
876 478 1083 514 Theutoniae]‚
1095 477 1152 512 ipsi
1167 483 1260 510 papae

254 542 370 569 fecisset
388 538 493 573 exponi
509 537 584 571 quod
600 535 762 570 plurimum
779 532 931 566 expediret
947 532 978 556 ut
992 529 1055 562 ipse
1071 527 1141 554 Otto
1159 525 1190 551 in
1207 523 1260 550 Bi-

254 590 376 617 suntina
392 586 544 622 provincia
561 587 588 611 et
606 585 636 610 in
653 580 861 610 Cameracensi
875 578 1012 606 dioecesi,
1029 583 1094 602 cum
1113 576 1210 601 essent
1225 572 1261 599 de

257 638 394 673 Imperio.
410 634 565 669 legationis
581 632 707 659 officium
721 631 877 660 obtineret,
892 643 923 646 —
941 634 1027 661 super
1041 626 1094 651 hoc
1108 622 1261 658 provideat

256 690 339 722 prout
353 685 453 712 honori
466 682 616 710 Ecclesiae
632 683 659 706 et
671 677 848 713 promotioni
861 675 971 709 negotii
984 673 1100 700 noverit
1111 669 1260 705 expedire.

260 750 291 754 —
308 735 394 766 tREo.
413 733 486 759 PER.
505 731 524 756 f.
544 729 578 756 10
593 733 627 761 r⁰‚
644 731 673 754 n⁰
694 728 751 759 35.)

296 848 309 861 «
328 832 496 874 R[0mano]‚
518 831 625 861 Sancti
640 829 748 865 Anyeli
765 828 893 856 diacono
910 823 1078 857 cardinali,
1099 820 1264 859 Apostolice

254 889 339 918 Sedis
355 888 460 923 leyato.
479 883 627 914 Dilectus
643 881 732 910 filius
750 883 861 909 noster
876 876 988 916 O[tt0],
1007 874 1121 905 Sancti
1133 872 1264 903 Nicolai

254 942 290 970 in
318 940 456 970 Cal-cere
483 936 637 966 Tulliano
666 934 825 963 diaconus
853 928 1044 960 cardinalis,
1074 924 1264 964 Apostolice

256 993 351 1024 Sedis
368 991 508 1028 legatus,
527 988 622 1017 nobis
641 986 720 1016 fecit
743 983 861 1022 exponi
882 981 980 1021 quod,
1005 979 1132 1010 ratione
1150 977 1265 1007 multi-

256 1046 335 1085 plici
355 1045 517 1081 exigente,
535 1042 636 1070 immo
653 1039 749 1078 quasi
771 1041 909 1075 urgente
930 1033 1140 1066 necessitate,
1161 1031 1266 1069 pluri-

256 1109 347 1130 mum
371 1097 536 1136 expediret
556 1100 589 1124 ut
613 1094 649 1122 in
673 1091 852 1122 Bisuntina
872 1087 1043 1127 provincia
1061 1090 1092 1115 et
1110 1085 1267 1115 Camera-

256 1152 349 1184 censi
367 1149 501 1184 diocesi,
520 1156 595 1177 cum
612 1146 678 1175 sint
695 1145 733 1174 de
749 1142 904 1181 Imperio,
921 1138 1099 1177 legationis
1122 1136 1268 1167 officium

257 1207 434 1237 obtineret.
455 1202 615 1233 Nolentes
632 1200 734 1237 igitur
752 1205 850 1234 super
872 1191 933 1224 hoc'
954 1193 1026 1222 sine
1049 1196 1104 1221 tuo
1127 1188 1268 1220 consilio

257 1258 386 1298 aliquid
397 1258 583 1286 immutare,
599 1251 834 1282 discretionem
844 1253 935 1277 tuam
946 1253 1119 1275 monemus
1131 1246 1266 1276 attente,

257 1321 315 1351 per
341 1309 521 1349 apostolica
542 1306 665 1344 scripta
687 1302 883 1333 mandantes
909 1298 1079 1338 quatinus,
1104 1295 1268 1326 delibera-

257 1366 347 1395 tione
381 1360 564 1401 prehabita,
590 1367 688 1396 super
721 1356 782 1385 hoc
808 1353 981 1393 providere
1010 1350 1144 1380 studeas
1174 1352 1269 1386 prout

258 1417 377 1448 honori
393 1413 540 1445 Ecclesie
553 1417 583 1442 et
600 1408 799 1450 promotioni
816 1405 941 1443 negotii
957 1403 1089 1434 noveris
1103 1401 1268 1440 expedire.

257 1472 332 1501 Dat.
353 1473 387 1498 ut
405 1476 516 1505 supra.
536 1478 548 1491 »

333 1642 386 1669 (3¹
396 1641 453 1669 3ss
758 1635 895 1664 Percuse,
912 1632 928 1658 5
942 1629 1106 1665 septembre
1120 1627 1199 1655 1229.

299 1705 414 1733 Ottoni.
438 1701 540 1729 Sancti
557 1698 673 1726 Nicolai
692 1697 721 1724 in
747 1696 869 1724 Carcere
883 1693 1022 1720 Tulliano
1035 1691 1158 1718 diacono
1174 1689 1254 1716 cardi
1267 1703 1273 1707 -

264 1755 338 1786 nali,
354 1751 542 1787 Apostolicae
562 1748 647 1775 Sedis
668 1748 762 1780 legato
779 1744 821 1779 [in
839 1743 973 1778 partibus
989 1737 1196 1773 Tlieutsmiae]5
1214 1742 1273 1765 ter-

265 1803 356 1830 minis
376 1802 438 1834 ejus
462 1797 618 1833 legationis
635 1794 781 1824 dilatatis,
801 1793 923 1820 mandat
942 1794 1097 1825 quatenus,
1118 1792 1272 1822 postquam

266 1854 433 1881 Romanus,
457 1847 560 1876 Sancti
584 1845 694 1879 Angeli
716 1844 858 1870 diaconus
882 1839 1059 1870 cardinalis.
1086 1837 1274 1871 Apostolicae

268 1901 353 1929 Sedis
369 1902 481 1933 legatus
497 1896 538 1932 [in
552 1895 686 1931 partibus
698 1890 836 1926 Galliae].
854 1891 942 1917 fuerit
954 1890 1026 1916 fines
1039 1887 1195 1921 legationis
1206 1894 1275 1913 suae

267 1958 408 1984 egressus,
425 1949 471 1974 vel
489 1947 578 1973 etiam
599 1947 678 1975 ante,
701 1943 726 1969 si
749 1942 784 1967 de
801 1939 945 1975 praedicti
967 1937 1094 1965 Romani
1113 1935 1275 1963 cardinalis

266 2001 421 2026 voluntate
440 1995 625 2031 processerit,
644 1994 673 2019 in
692 1991 852 2019 Bisuntina
870 1987 1023 2023 provincia
1041 1989 1069 2013 et
1085 1986 1115 2012 in
1133 1985 1276 2012 Camera-

267 2048 347 2075 censi
363 2045 501 2076 dioecesi,
519 2052 584 2070 cum
602 2043 662 2069 sint
679 2041 714 2067 de
731 2039 869 2073 Imperio,
882 2036 1039 2071 legationis
1054 2034 1182 2062 officium
1196 2041 1277 2060 exer-

267 2100 341 2125 ceat.
359 2111 391 2114 —
408 2096 494 2127 (Bm.
510 2094 585 2119 Pan.
604 2093 623 2117 t'.
639 2090 673 2117 10
683 2094 723 2121 xm,
740 2094 770 2115 n⁰
786 2088 843 2118 36.)

311 2179 326 2225 a
349 2194 484 2236 O[tloni],
507 2193 612 2223 Sancti
636 2191 754 2220 Nicolai
783 2191 812 2218 in
838 2189 962 2218 Car-cere
986 2186 1128 2215 Tulliano
1150 2184 1279 2212 diacono

268 2252 437 2284 cardinali,
451 2248 614 2287 Apostolice
629 2245 713 2275 Sedis
728 2245 833 2280 legato.
848 2240 991 2271 Probata
1006 2238 1099 2272 fides,
1113 2241 1189 2266 nota
1204 2245 1279 2274 pru-

269 2305 381 2336 dentia
402 2307 431 2333 et
454 2302 567 2331 innata
590 2297 752 2327 modestia
775 2300 830 2325 tua
856 2292 1032 2324 efficaciter
1052 2299 1110 2320 nos
1128 2289 1280 2319 hortatur

268 2364 316 2393 ut,
334 2364 509 2396 personam
527 2358 628 2386 tuam,
652 2351 737 2380 sicut
762 2347 926 2381 convenit,
952 2345 1165 2374 honorantes.
1189 2341 1280 2379 lega-

272 2411 372 2442 tionis
395 2408 455 2438 tibi
478 2406 636 2436 terminos
662 2401 861 2432 fiducialiter
885 2399 1073 2431 dilatemus,
1099 2396 1156 2434 qui
1179 2395 1226 2425 sic
1250 2399 1280 2424 te

270 2472 384 2504 gerere
403 2461 468 2491 scis
483 2461 517 2489 in
531 2458 673 2496 magnis,
688 2460 723 2485 ut
738 2453 898 2484 merearis
912 2450 1094 2490 majoribus
1112 2447 1279 2482 honorari,

271 2518 408 2549 studens
422 2516 456 2544 in
475 2513 604 2543 actibus
621 2510 688 2540 tuis
705 2509 833 2547 placere
850 2507 918 2536 Deo
935 2509 965 2535 et
983 2503 1163 2534 Ecclesiam
1182 2501 1282 2531 hono-

272 2580 356 2601 rare.
376 2569 458 2599 Cum
479 2566 582 2603 igitur
607 2562 759 2601 expedire
783 2560 957 2590 credamus
979 2561 1014 2587 ut
1039 2557 1074 2585 in
1103 2554 1282 2585 Bisuntina

273 2622 442 2663 provincia
459 2624 489 2649 et
506 2615 740 2649 Cameracensi
753 2613 888 2648 diocesi,
907 2620 980 2641 cum
997 2610 1063 2640 sint
1075 2609 1113 2638 de
1126 2607 1281 2646 Imperio,

273 2676 437 2714 legatione
462 2682 519 2711 pro
541 2670 674 2700 Christo
700 2667 864 2705 fungaris.
889 2664 1086 2694 mandamus
1111 2661 1281 2700 quatinus,

273 2735 447 2769 postquam
464 2725 604 2755 dilectus
621 2723 711 2751 filius
726 2725 838 2750 noster
858 2715 1065 2758 R[omanus]‚
1085 2714 1199 2745 Sancti
1215 2714 1284 2743 An-

275 2783 338 2814 eeli
353 2782 512 2810 diaconus
528 2775 720 2809 cardinalis,
740 2772 928 2812 Apostolice
945 2770 1040 2801 Sedis
1056 2768 1197 2805 legatus,
1215 2767 1285 2796 fue-

274 2813 315 2865 rit
334 2835 416 2863 fines
433 2841 491 2862 sue
510 2828 687 2868 legationis
704 2834 870 2864 eg1·ess11S‚
886 2824 919 2853 in
937 2821 1095 2861 predictis
1115 2819 1286 2858 provincia

275 2893 305 2918 et
330 2886 454 2916 diocesi
476 2882 654 2921 legationis
677 2880 821 2910 officium
843 2876 1007 2907 inoffense
1033 2873 1167 2903 studeas
1193 2881 1286 2902 exer-

275 2950 360 2971 cere.
379 2944 407 2969 et
425 2939 524 2968 etiam
542 2940 628 2969 ante,
642 2934 670 2963 si
688 2933 725 2962 de
740 2930 879 2970 predicti
893 2927 1074 2959 cardinalis
1089 2924 1288 2964 processerit

273 2994 455 3023 voluntate.
478 2991 524 3019 ita
541 2988 627 3027 quod
643 2988 710 3017 Deo
727 2985 768 3015 ad
784 2984 934 3022 gloriam,
952 2980 1014 3011 tibi
1028 2980 1068 3010 ad
1083 2979 1239 3008 meritum
1256 2981 1287 3007 et

1342 375 1488 405 Ecclesie
1504 377 1654 406 Romane
1671 375 1843 414 proveniat
1860 375 1899 404 ad
1915 374 2086 409 honorem,
2104 383 2230 413 nosque
2245 374 2353 404 since—

1341 429 1473 458 ritatem
1497 433 1586 458 tuam
1609 428 1788 458 debeamus
1810 427 1928 458 merito
1951 427 2193 457 commendare.
2217 428 2291 457 Dat.
2315 431 2355 456 ut,

1343 490 1454 519 supra.
1472 493 1484 507 n

1413 665 1466 693 61
1477 666 1532 693 3ἵ
1838 666 1975 698 Percuse,
1991 665 2008 692 5
2021 665 2188 699 septembre
2202 665 2281 692 1229.

1378 727 1485 754 Eidem
1497 727 1601 754 scribit
1618 736 1624 754 :
1643 736 1656 752 a
1674 728 1713 755 L't
1727 735 1761 754 ea
1773 736 1828 761 que
1840 727 1896 754 tibi
1907 727 1944 754 ad
1957 727 2098 754 honorem
2112 726 2168 754 Dei
2181 729 2210 753 et
2223 726 2358 754 Ecclesie

1345 784 1358 801 »
1380 777 1589 810 injunguntur,
1604 779 1686 803 tanto
1702 776 1849 803 efficacius
1870 776 2066 810 prosequaris,
2083 778 2193 810 quanto
2211 776 2353 810 potiorem

1345 834 1358 850 n
1380 825 1436 852 tibi
1462 825 1643 851 conferimus
1668 828 1842 859 potestatem
1853 846 1859 858 ‚
1885 825 2068 859 presentium
2099 824 2156 851 tibi
2179 824 2359 852 auctoritate

1346 882 1359 898 υ
1381 873 1570 900 concedimus
1585 877 1618 900 ut
1629 873 1803 900 criminosos
1818 876 1847 900 et
1858 873 2031 908 pestilentes
2042 873 2180 907 prelatos,
2196 873 2361 907 archiepis—

1347 931 1360 948 »
1382 922 1477 956 copali
1503 923 1551 949 vel
1576 922 1737 956 episcopali
1762 922 1852 949 titulo
1880 922 2050 956 insignitos,
2081 922 2212 948 maxime
2241 922 2359 956 negotio

1347 979 1361 997 i)
1382 971 1438 998 tibi
1455 971 1611 997 commisso
1636 971 1810 1003 contrarios,
1832 971 1933 997 valeas
1953 979 2101 1003 amovere,
2124 978 2158 997 ac
2181 970 2312 1004 ipsorum
2330 973 2360 997 et

1348 1029 1362 1045 n
1382 1020 1507 1047 aliorum
1525 1020 1654 1054 recipere
1669 1020 1825 1051 cessiones,
1843 1020 1953 1054 eisque,
1972 1021 2055 1046 salvo
2070 1019 2268 1054 capitulorum
2283 1019 2361 1053 jure,

1349 1077 1362 1094 »
1384 1069 1476 1103 possis
1492 1069 1670 1095 substituere
1685 1076 1866 1095 successores
1881 1076 1914 1095 ac
1926 1066 2006 1103 [eos],
2017 1068 2091 1095 alios
2105 1068 2148 1094 eis
2165 1067 2363 1102 subrogando,

1350 1126 1362 1143 n
1385 1118 1570 1144 transferre'.
1590 1126 1603 1143 ))
1618 1132 1651 1136 —
1666 1118 1754 1150 (Hm.
1770 1118 1845 1144 PER.
1863 1118 1883 1144 f.
1900 1117 1935 1144 10
1948 1120 1988 1150 5⁷⁰,
2005 1120 2035 1143 n⁰
2051 1117 2108 1148 37.)

1394 1232 1406 1246 ι(
1427 1219 1543 1248 Eidem.
1563 1219 1607 1249 Ut
1624 1228 1661 1248 ea
1678 1227 1741 1257 que
1754 1235 1805 1248 —.
1822 1219 1896 1247 Dat.
1914 1222 2074 1255 utsupra.
2097 1230 2110 1243 n

1422 1406 1474 1433 (31
1485 1405 1542 1432 38
1846 1404 1983 1436 Perouse,
2000 1403 2016 1429 5
2029 1403 2196 1437 septembre
2210 1403 2290 1430 1229.

1388 1468 1492 1495 Eidem
1515 1467 1618 1494 scribit
1641 1476 1646 1493 :
1671 1474 1684 1492 «
1706 1467 1750 1494 De
1769 1466 1952 1498 sinceritate,
1973 1465 2119 1492 modestia
2138 1468 2166 1492 et
2184 1465 2366 1492 discretione

1353 1525 1366 1543 ))
1388 1521 1438 1544 tua
1453 1517 1654 1544 indubitatam
1676 1516 1815 1542 fiduciam
1832 1515 2011 1547 obtinentes,
2029 1515 2211 1549 presentium
2229 1514 2284 1541 tibi
2297 1523 2365 1541 auc-

1353 1574 1366 1591 »
1388 1566 1508 1593 toritate
1519 1565 1709 1592 concedimus
1720 1567 1763 1597 ut,
1774 1564 1904 1591 existens
1916 1564 1949 1591 in
1960 1564 2100 1590 Remensi
2112 1563 2277 1597 provincia,
2288 1564 2369 1597 lega—

1354 1623 1367 1640 1)
1389 1615 1480 1642 tionis
1509 1614 1637 1640 officium
1662 1614 1692 1640 in
1718 1612 1865 1640 Teutonia
1891 1613 1992 1639 valeas
2016 1620 2160 1639 exercere.
2182 1620 2195 1638 n
2218 1627 2249 1630 —
2278 1612 2369 1645 (Bm.

1355 1664 1430 1691 PER.
1449 1664 1469 1690 f.
1486 1663 1520 1689 10
1536 1667 1576 1695 νο,
1594 1667 1624 1689 n⁰
1639 1662 1698 1693 38.)

1397 1776 1411 1790 (ι
1428 1764 1545 1793 Eidem.
1562 1763 1609 1793 De
1626 1762 1830 1797 sinceritate,
1848 1761 2011 1792 modestia
2027 1779 2077 1791 —.
2091 1762 2164 1791 Dat.
2177 1766 2214 1792 ut
2227 1771 2336 1800 supra.
2354 1774 2371 1788 ι»

1429 1948 1545 1976 6139
1850 1948 1987 1980 Pe'rouse,
2004 1948 2020 1974 5
2036 1947 2202 1982 septembre
2217 1947 2297 1974 1229.

1394 2012 1499 2040 Eidem
1515 2013 1688 2038 facultatem
1707 2011 1843 2038 concedit
1859 2010 2058 2045 spiritualiter
2074 2010 2218 2044 puniendi
2238 2009 2374 2037 Theuto-

1359 2061 1426 2088 niae
1441 2061 1580 2088 civitates
1596 2068 1670 2094 quae
1684 2060 1742 2094 ipsi
1760 2061 1854 2094 legato
1870 2068 1900 2086 se
1919 2062 2110 2094 opponerent.
2130 2074 2162 2077 —
2184 2059 2272 2090 (Rae.
2293 2059 2373 2086 PER.

1359 2112 1380 2138 t.
1397 2110 1432 2137 10
1446 2113 1486 2143 v⁰‚
1504 2113 1533 2136 n⁰
1549 2109 1606 2140 39.)

1401 2224 1415 2239 «
1432 2211 1549 2240 Eidem.
1567 2211 1652 2247 Quia
1667 2219 1731 2240 non
1752 2210 1816 2240 cito
1832 2210 1938 2240 fertur
1949 2209 2115 2239 sententia
2127 2213 2241 2239 contra
2254 2209 2374 2245 malos,

1362 2264 1423 2294 filii
1439 2263 1612 2293 hominum
1628 2263 1714 2292 mala
1726 2267 1917 2301 perpetrant
1931 2263 2004 2292 sine
2021 2262 2098 2297 fine,
2114 2262 2192 2292 dum
2206 2262 2376 2301 impunita

1363 2317 1550 2351 temeritas,
1582 2316 1787 2346 temeritates
1815 2315 1990 2345 cumulans
2023 2315 2226 2353 puniendas,
2259 2321 2378 2346 contra

1363 2372 1468 2401 Deum
1483 2366 1628 2399 tumere²
1644 2378 1710 2399 non
1724 2369 1859 2404 desinit,
1883 2369 1985 2398 donec
2001 2368 2092 2398 illam
2107 2368 2241 2407 justitia
2257 2377 2378 2407 preve-

1364 2424 1434 2454 niat
1452 2428 1483 2453 et
1499 2423 1680 2453 subvertat.
1698 2423 1782 2453 Cum
1797 2422 1911 2460 igitur,
1930 2422 2014 2452 sicut
2031 2421 2128 2452 nobis
2145 2426 2194 2451 est
2213 2431 2271 2460 pro
2287 2426 2380 2465 certo

1364 2476 1523 2511 relatum,
1553 2476 1694 2514 quedam
1721 2475 1882 2506 Teutonie
1913 2475 2076 2505 civitates.
2102 2475 2379 2512 suggestionibus

1365 2529 1527 2560 fascinate
1545 2529 1713 2567 malignis,
1731 2529 1800 2558 Deo
1816 2533 1847 2558 et
1863 2528 2010 2558 Ecclesie
2028 2527 2239 2563 rebellantes,
2261 2527 2322 2557 tibi
2341 2537 2379 2558 se
2396 2544 2398 2546 ν

1366 2587 1516 2621 patenter
1538 2585 1715 2620 opponant⁷
1742 2590 1794 2616 ne,
1815 2581 1844 2611 si
1867 2585 2054 2611 remaneret
2076 2581 2192 2610 talium
2211 2581 2382 2619 protervia

1365 2637 1564 2674 incorrepta.
1582 2639 1713 2673 pareret
1735 2634 1811 2664 aliis
1835 2634 2066 2673 corruptelam,
2084 2635 2174 2672 ipsas
2193 2634 2383 2672 spirituali-—

1401 2763 1422 2787 1.
1443 2762 1516 2785 Pour
1534 2762 1574 2784 les
1590 2760 1768 2784 evenements
1787 2760 1922 2791 auxquels
1940 2767 1970 2784 se
1986 2763 2148 2791 rapportent
2166 2763 2238 2784 cette
2254 2761 2335 2784 lettre
2351 2763 2382 2784 et:

1369 2807 1502 2838 quelques
1520 2812 1590 2829 unes
1607 2806 1641 2829 de
1656 2805 1739 2829 celles
1755 2806 1802 2836 qui
1816 2806 1936 2835 suivent,
1949 2805 2015 2836 qu’il
2031 2812 2074 2829 me
2087 2805 2179 2829 suffise
2191 2805 2224 2829 de
2240 2812 2383 2835 renvoyct·

1369 2858 1402 2874 au
1419 2851 1444 2874 4‘
1457 2851 1580 2880 chapitre
1597 2849 1634 2873 du
1650 2850 1719 2874 livre
1732 2849 1755 2872 V
1771 2849 1805 2873 de
1819 2849 1960 2880 l'ouvrage
1976 2849 2037 2880 deja
2055 2850 2108 2873 cite
2124 2850 2158 2873 de
2175 2849 2210 2873 M.
2226 2849 2276 2874 Ed.
2293 2849 2379 2874 ert-

1370 2900 1514 2923 KELMANN,
1532 2895 1631 2917 Kaiser
1647 2895 1794 2918 Friedrich
1813 2896 1839 2917 11
1860 2893 1890 2924 (t.
1907 2893 1942 2922 ΙΙ,
1963 2900 2009 2924 pp.
2027 2894 2114 2923 6‘2-84;
2131 2895 2320 2917 Deutschtand
2338 2895 2381 2917 im

1369 2941 1453 2962 Jahn-e
1474 2938 1551 2968 1229).

1400 2983 1424 3008 2.
1441 2982 1482 3007 Cf.
1499 2982 1551 3007 Jon
1568 2982 1627 3011 XV,
1646 2982 1680 3006 13.
