2553 3526
160 293 213 322 541
995 282 1239 327 QUINZIEME
1262 284 1421 320 ANNEE.
2202 299 2256 327 542

160 362 266 397 cepta,
289 358 376 396 quod
402 357 548 387 Ecclesie
571 357 726 387 mandato
750 357 877 395 parebit
899 366 997 395 super
1023 356 1089 386 hiis
1113 364 1169 394 pro

157 411 280 450 quihus
306 411 453 448 prefatus
475 410 649 448 episcopus
675 410 876 439 sententiam
900 410 1006 447 ipsam
1029 408 1116 443 tulit,
1142 408 1169 437 si

156 473 230 494 eam
246 463 434 493 constiterit
446 463 535 502 juste
552 462 664 497 latam,
684 462 884 500 impendatis
899 462 929 492 ei
949 461 1169 491 absolutionis

159 515 369 550 beneficium,
382 515 420 545 ad
433 515 818 554 cautelam,pref1gentes
829 515 978 553 partibus
992 515 1170 544 terminum

158 568 416 607 peremptorium
447 572 705 606 competentem,
736 568 824 597 infra
857 576 953 606 quem
991 571 1102 596 nostro
1135 576 1168 596 se

159 622 351 661 conspectui
368 626 608 660 representem,
628 625 693 650 tam
710 630 809 659 super
821 620 1053 659 appellationis
1070 628 1169 649 causa

158 685 258 714 quam
286 683 385 713 super
411 674 588 713 principali
615 675 758 713 negotio,
785 675 870 704 sicut
892 674 930 703 de
955 674 1029 712 jure
1057 673 1167 704 fuerit.

157 735 363 767 processure.
394 729 467 757 Dat.
499 727 671 761 Laterani,
698 727 759 756 XV
782 726 940 756 kalendas
966 725 1054 764 jtilii,
1082 734 1169 755 anno

158 779 419 820 quintodecimo*
438 793 449 806 »

194 1048 427 1082 Archiepiscopo
447 1047 688 1081 Compostellano
709 1047 857 1080 siguificat
877 1056 907 1073 se
928 1047 1090 1081 Stephano,
1106 1055 1169 1074 ma-

158 1097 250 1131 gistro
264 1097 432 1123 scholarum
454 1094 663 1127 Ulixbonensi‚
685 1096 845 1122 contulisse
863 1096 892 1122 in
913 1096 1108 1123 L’lixboneusi
1125 1104 1168 1122 ec*

158 1145 251 1172 clesia
266 1144 470 1178 magisterium
489 1144 668 1176 scholarum,
686 1153 751 1170 cum
770 1145 957 1174 canonicatu,
972 1144 1041 1171 etin
1058 1145 1169 1171 Astori>

160 1194 240 1221 censi
262 1193 388 1220 ecclesia
408 1193 654 1227 praestimonium
682 1193 717 1219 de
737 1193 914 1227 Compludo,
935 1196 963 1220 et
987 1193 1107 1219 interim
1130 1193 1168 1220 ei.

158 1243 252 1270 donec
268 1241 453 1276 praebendae
472 1250 505 1268 ac
522 1241 713 1268 canonicatus
730 1242 760 1267 in
778 1241 973 1268 Ulixbonensi
990 1242 1124 1274 ecclesia,
1142 1245 1169 1268 et

159 1291 365 1326 praestimonii
394 1291 424 1318 in
449 1291 633 1318 Astorieensi
661 1291 787 1317 ecclesia
811 1291 1020 1324 possessionem
1046 1291 1169 1325 adeptus

158 1340 259 1372 fuerit,
278 1339 308 1366 in
325 1340 426 1366 eadem
446 1339 642 1367 Ulixbonensi
659 1340 783 1366 ecclesia
800 1339 887 1366 unius
905 1340 1087 1373 praebendae
1104 1340 1169 1366 red-

156 1389 239 1416 ditus
263 1389 452 1420 concessisse,
481 1397 533 1416 uec
557 1397 613 1415 non
634 1388 729 1415 eidem
752 1389 782 1415 in
805 1389 932 1415 diversis
953 1389 1096 1421 ecclesiis,
1116 1389 1170 1416 sub

159 1437 241 1465 bulla
256 1437 422 1470 recensitis,
439 1437 469 1464 in
487 1437 595 1464 annuis
613 1436 779 1464 redditibus
793 1440 911 1464 centum
930 1441 957 1464 et
974 1438 1169 1472 quadraginta

159 1494 324 1514 marcarum
337 1486 566 1520 sterlinguorum
581 1486 756 1520 providisse,
765 1486 857 1513 donec
868 1486 898 1513 in
910 1486 1169 1520 aequivalentibus

158 1535 312 1563 beneficiis
321 1535 347 1562 ei
359 1535 448 1561 fuerit
457 1535 608 1569 provisum
623 1544 637 1561 a
649 1535 866 1569 praedictarum
883 1535 1073 1562 ecclesiarum
1086 1543 1170 1569 prae-

158 1584 229 1611 latis
238 1584 285 1610 vel
295 1583 454 1617 capitulis;
472 1583 550 1610 unde
565 1583 590 1609 ei
604 1583 725 1610 mandat
743 1587 887 1617 quatenus
904 1583 998 1609 eidem
1018 1583 1170 1617 Stephano

159 1631 369 1667 praebendam,
379 1632 403 1658 si
416 1632 512 1666 quain
527 1632 679 1666 praedicta
689 1631 886 1659 L'lixbonensi
900 1632 1023 1659 ccclesia
1039 1635 1108 1658 tuuc
1121 1641 1169 1659 va-

155 1684 214 1713 cet,
233 1682 281 1708 vel
297 1689 385 1715 quam
402 1681 461 1707 cito
482 1681 608 1707 facultas
630 1690 659 1707 se
677 1681 830 1711 obtulerit,
849 1682 995 1712 conferat;
1017 1681 1170 1707 nonnullis

156 1731 226 1758 aliis
239 1730 389 1758 mandatis
400 1729 525 1762 adjectis
535 1738 622 1764 super
635 1730 736 1756 eadem
752 1730 895 1764 praedicti
910 1730 1055 1764 Stephani
1071 1731 1169 1764 provi-

156 1779 267 1811 siione;
285 1787 358 1813 quae
375 1778 504 1813 provisio
520 1782 639 1805 centum
658 1782 685 1805 et
702 1779 921 1813 quinquaginta
938 1787 1102 1805 marcarum
1121 1787 1169 1805 va-

157 1827 283 1855 lentiam
298 1835 355 1854 non
372 1827 497 1854 debebat
511 1827 661 1854 excedere.
672 1842 703 1845 ——
717 1828 804 1859 (Rae.
817 1827 862 1859 20,
876 1829 895 1854 f.
908 1828 942 1854 87
959 1831 996 1859 r⁰;
1013 1836 1082 1854 ann.
1101 1828 1168 1859 XV,

155 1885 182 1903 c.
197 1876 248 1909 973
267 1891 300 1894 —
315 1877 354 1903 cf.
369 1883 466 1908 supra,
484 1884 513 1902 n.
531 1876 706 1907 21522174,
721 1876 800 1907 3113,
818 1876 885 1902 3811
904 1879 931 1903 et
948 1876 1040 1906 3853.)

735 985 855 1016 Latran,
873 985 887 1011 4
904 985 1004 1018 juillet
1016 985 1095 1011 1241.

200 2003 213 2017 «
234 2014 253 2019 ..
268 1991 492 2029 archiepiscopo
504 1991 751 2028 Compostellano.
766 1990 893 2020 Dilecto
910 1990 978 2020 filio
990 1991 1169 2029 stephano,

158 2043 318 2081 magistro
335 2043 499 2074 scolarum
517 2043 749 2079 Ulixbonensi,
775 2044 887 2073 attrito
906 2044 1063 2081 gravibus
1080 2044 1171 2074 labo-

159 2096 252 2126 ribus
276 2101 307 2126 et
327 2096 481 2135 expensis
511 2105 575 2135 que
596 2096 657 2138 sub
680 2097 906 2134 expectatione
930 2101 1040 2127 nostre
1067 2097 1171 2134 gratie

158 2149 346 2180 dinoscitur
376 2150 572 2188 pertulisse,
600 2155 737 2188 paterno
770 2150 1009 2188 compatientes
1039 2151 1169 2181 affectu.

159 2203 268 2233 eidem
296 2203 331 2232 in
356 2203 605 2241 Ulixbonen[si]
633 2203 861 2241 magisterium
893 2203 1069 2239 scolarum,
1097 2213 1172 2234 cum

160 2256 359 2286 canonicatu
375 2261 406 2286 et
424 2256 633 2295 plenitudine
645 2256 732 2295 juris
752 2257 915 2291 canonici,
931 2266 968 2286 ac
984 2257 1018 2286 in
1043 2257 1172 2287 Astori-

159 2308 278 2348 cen[si]
295 2309 446 2339 ecclesiis
462 2309 717 2347 prestimonium
735 2309 773 2339 de
790 2309 982 2347 Compludo‚
999 2310 1172 2348 0111113011-

161 2362 223 2392 bus
257 2366 290 2392 et
318 2362 532 2400 pertinentiis
560 2362 641 2397 suis,
676 2362 762 2401 quod
793 2362 957 2401 quondam
987 2363 1172 2394 Menendus

161 2415 252 2445 Petri
266 2414 423 2446 obtinuit,
437 2423 502 2444 non
518 2415 670 2445 obstante
687 2415 715 2444 si
732 2415 802 2444 dari
820 2416 1026 2445 Astoricensi
1045 2421 1172 2446 tantum

158 2468 321 2497 canonico
344 2468 528 2502 consuevit,
553 2468 708 2498 duximus
733 2468 944 2503 conserenda,
971 2469 1107 2499 interim
1129 2470 1170 2505 ei,

159 2520 265 2551 donec
280 2520 315 2550 in
333 2520 598 2559 Ulixbonen[si]¹
619 2521 784 2559 prebende
801 2530 837 2551 ac
853 2522 1068 2552 canonicatus
1088 2527 1119 2553 et
1137 2523 1171 2552 in

160 2573 393 2612 Astoricen[si]
411 2574 621 2612 prestimonii
638 2574 841 2612 corporalem
860 2579 891 2604 et
908 2575 1078 2612 pacificam
1101 2585 1172 2614 pos-

160 2626 347 2657 sessionem
375 2626 513 2665 adeptus
536 2627 647 2663 fuerit,
675 2627 709 2656 in
733 2627 847 2657 eadem
872 2627 1093 2658 Ulixbonensi
1119 2638 1172 2659 ec-

159 2679 264 2710 clesia
280 2679 381 2709 unius
397 2679 563 2718 prebende
579 2679 728 2710 redditus
740 2680 970 2711 concedentes.
985 2682 1025 2710 Et
1041 2682 1119 2720 quia
1134 2682 1172 2712 de

161 2731 353 2771 hujusmodi
380 2732 565 2762 redditibus
588 2732 743 2763 decenter
764 2741 829 2762 non
850 2738 899 2763 est
926 2735 1095 2772 provisum
1125 2735 1173 2765 ei-

160 2785 247 2820 dem,
266 2785 300 2814 in
315 2784 540 2823 infrascriptis
559 2785 709 2816 ecclesiis
725 2785 759 2815 in
783 2786 904 2816 annuis
922 2786 1106 2817 redditibus
1126 2788 1173 2818 sic

197 2917 219 2941 1.
234 2917 255 2940 ΙΙ
274 2917 332 2940 saut
351 2916 485 2941 ontendre
502 2924 508 2942 ε
525 2925 537 2940 «
554 2917 582 2940 in
605 2917 820 2941 Ulixbonensi...
839 2921 865 2941 et
881 2918 909 2941 in
927 2919 1099 2943 Astoricensi
1117 2919 1174 2950 [ec-

162 2960 278 2991 01051151.
295 2969 307 2983 1»

1234 357 1294 399 Vei.
1313 357 1351 386 de
1368 358 1507 387 fratrum
1527 364 1715 389 nostrorum
1738 360 1887 391 consilio.
1911 361 2131 398 providemus.
2155 368 2187 392 ut
2208 364 2257 392 vi-

1252 410 1371 440 delicet
1394 420 1412 440 a
1437 401 1719 449 Compostellana¹
1748 413 1878 450 viginti,
1904 423 1922 442 a
1943 414 2179 445 Colimbriensi
2202 417 2257 446 de-

1252 463 1392 497 00111,111)
1418 463 1590 494 Elborensi
1616 465 1740 501 decem,
1765 466 1805 495 ab
1829 466 2035 503 Egitaniensi
2055 468 2256 505 quindecim,

1252 515 1292 544 ab
1314 516 1519 546 Astoricensi
1543 518 1672 555 viginti.
1698 528 1716 547 a
1736 519 1937 556 Legionensi
1960 519 2091 556 viginti,
2120 530 2138 549 a
2165 521 2258 551 Sala-

1253 568 1426 608 rnantin[a]
1444 569 1566 605 decem,
1585 580 1603 599 a
1616 571 1752 600 Visensi
1770 571 1960 610 quindecim
1980 581 2016 601 ac
2034 572 2147 602 decem
2166 583 2184 603 a
2202 574 2257 604 Ci-

1252 621 1409 651 vitatensi
1425 622 1575 652 ecclesiis
1590 623 1846 659 cathedralibus,
1867 633 1925 654 nec
1942 633 2006 654 non
2024 634 2040 654 a
2058 627 2259 656 monasterio

1253 674 1371 704 Sancte
1385 675 1501 705 Crucis
1517 675 1782 711 Colimbriensis‚
1801 677 1928 706 ordinis
1945 678 2050 707 sancti
2066 679 2257 716 Augustini,

1252 727 1363 757 decem
1380 737 1507 758 marcas
1525 729 1795 767 sterlinguorum
1817 730 1850 759 in
1866 731 1965 760 certis
1980 730 2061 760 locis
2079 736 2109 761 et
2125 733 2258 762 statutis

1252 789 1270 809 a
1286 785 1316 810 te
1336 781 1549 819 temporibus,
1571 782 1694 811 tamdiu
1716 783 1876 820 pereipiat
1893 784 2078 819 annuatim,
2101 784 2203 814 donec
2223 784 2257 813 in

1251 833 1519 872 equivalentibus
1544 834 1726 865 beneficiis.
1746 835 1932 872 prebendis,
1952 836 2184 874 personatibus
2201 846 2258 867 seu

1252 886 1470 923 dignitatibus
1487 886 1656 916 dumtaxat
1673 888 1827 926 exceptis,
1847 888 1912 917 sibi
1932 889 2101 927 provisum
2122 890 2223 919 fuerit
2241 899 2258 919 a

1252 939 1408 977 predictis
1426 939 1560 977 prelatis
1579 949 1637 970 seu
1654 940 1809 978 capitulis
1827 940 1876 970 vel
1894 941 1933 970 ab
1953 941 2121 980 aliquibus
2138 951 2258 972 eorun-

1252 992 1336 1021 dem.
1365 993 1527 1028 Quocirca
1549 993 1582 1021 in
1613 993 1734 1023 virtute
1762 994 1950 1024 obedientie
1974 994 2122 1025 districte
2153 996 2258 1033 preci-

1252 1044 1371 1082 piendo
1399 1045 1595 1075 mandamus
1620 1051 1795 1084 quatenus
1821 1047 2011 1085 hujusmodi
2035 1048 2257 1085 provisionem

1252 1102 1415 1131 nostram,
1446 1098 1618 1128 occasione
1640 1104 1671 1128 et
1696 1099 1916 1137 appellatione
1940 1101 2160 1133 cessantibus,
2187 1101 2258 1131 sinc

1251 1151 1444 1180 difficultate
1463 1151 1611 1189 qualibet
1633 1152 1820 1181 executioni
1837 1153 2052 1188 demandans,
2071 1154 2168 1192 eique
2186 1163 2260 1192 pre-

1252 1204 1403 1238 bendam,
1425 1204 1453 1233 si
1470 1213 1535 1242 qua
1550 1204 1584 1233 in
1606 1204 1752 1242 predicta
1773 1205 1993 1235 Ulixbonensi
2011 1205 2149 1235 ecclesia
2168 1211 2258 1236 vacat

1252 1257 1292 1286 ad
1308 1266 1455 1295 presens,
1477 1257 1527 1287 vel
1546 1267 1644 1296 quam
1662 1258 1725 1288 cito
1742 1258 1936 1288 se·faetiltas
1957 1258 2124 1292 obtulerit,
2148 1263 2259 1289 aucto—

1252 1310 1348 1340 ritate
1377 1315 1490 1340 nostra
1514 1311 1689 1341 conferens
1719 1316 1750 1341 et
1776 1311 1963 1349 assignans.
1994 1320 2057 1341 non
2088 1312 2259 1350 permittas

1252 1372 1326 1392 cum
1344 1368 1455 1393 contra
1472 1368 1618 1393 tenorem
1642 1364 1726 1393 dicte
1744 1364 1944 1402 provisionis
1962 1369 2072 1394 nostre
2091 1364 2131 1393 ab
2148 1364 2260 1403 aliquo

1252 1416 1398 1445 indebite
1425 1416 1604 1446 molestari.
1632 1417 1900 1447 Contradictores
1925 1421 1985 1446 etc.
2019 1417 2154 1446 Proviso
2180 1426 2259 1455 pru—

1252 1469 1367 1498 denter
1397 1469 1494 1507 quod,
1522 1469 1742 1507 predictorum
1768 1470 1953 1507 magisterii
1981 1470 2156 1503 scolarum,
2184 1479 2260 1507 pre-

1252 1521 1358 1552 bende
1370 1531 1405 1551 ac
1422 1522 1631 1560 prestimonii
1643 1522 1858 1560 proventibus
1871 1522 2077 1560 computatis.
2098 1523 2258 1560 premissa

1253 1580 1366 1604 nostra
1381 1575 1525 1613 provisio
1542 1580 1673 1605 centum
1691 1580 1721 1605 et
1741 1576 1983 1614 quinquaginta
2001 1584 2187 1605 marcarum
2205 1584 2260 1604 va-

1252 1628 1388 1658 lentiam
1412 1637 1477 1658 non
1500 1628 1649 1663 excedat;
1673 1637 1736 1658 non
1759 1628 1968 1658 obstantibus
1990 1628 2164 1658 collatione
2187 1637 2259 1666 pre-

1253 1681 1333 1710 dicti
1349 1681 1533 1719 magisterii
1550 1681 1637 1711 facta
1655 1681 1778 1710 dudum
1798 1691 1854 1719 per
1869 1682 2009 1711 eundem
2030 1681 2260 1721 S[teplianuni]

1253 1735 1293 1764 N.
1313 1735 1488 1771 Gomerist
1509 1735 1668 1764 canonico
1685 1735 1917 1769 Ulixbonensi⁷
1935 1743 2033 1773 quam
2054 1744 2112 1764 nos
2135 1734 2260 1764 nullam

1253 1797 1336 1822 esse,
1355 1792 1466 1826 utpote
1479 1787 1518 1817 ab
1535 1797 1572 1817 00
1589 1788 1645 1826 qui
1664 1796 1728 1817 non
1746 1788 1862 1825 potuit,
1880 1788 2010 1823 factam,
2029 1787 2260 1817 mandavimus

1254 1841 1414 1870 nuntiari.
1437 1845 1466 1870 et
1490 1841 1730 1870 consuetudine
1753 1840 1827 1880 [vel]
1846 1845 1968 1870 statuto
1992 1841 2029 1870 de
2053 1845 2141 1870 certo
2162 1849 2260 1870 cano-

1254 1894 1403 1924 nicorum
1425 1903 1574 1928 numero,
1595 1894 1785 1933 juramento
1809 1902 1866 1923 seu
1887 1893 1952 1922 alia
1974 1902 2182 1932 quacumque
2205 1892 2261 1921 fir-

1253 1947 1368 1977 mitate
1385 1946 1516 1976 vallatis
1531 1947 1601 1977 sive
1611 1947 1815 1976 confirmatis
1826 1956 1883 1984 per
1897 1946 2013 1976 Sedem
2024 1945 2259 1984 Apostolicarn‚

1254 2000 1304 2030 vel
1324 2001 1352 2029 si
1374 2009 1430 2038 pro
1454 1999 1529 2029 aliis
1551 2000 1584 2029 in
1604 2000 1742 2037 prefatis
1766 1999 1916 2029 ecclesiis
1937 1999 2118 2028 direximus
2140 1998 2261 2036 scripta

1254 2058 1377 2084 nostra,
1398 2053 1519 2091 quibus
1541 2053 1736 2082 auctoritate
1755 2052 1960 2090 presentium
1982 2051 2136 2081 nolumus
2152 2051 2262 2090 preju-

1253 2106 1377 2136 dicium
1393 2106 1556 2143 generari,
1568 2106 1637 2136 sive
1652 2106 1686 2135 in
1702 2105 1771 2135 illis
1786 2105 1861 2135 aliis
1879 2105 2073 2135 auctoritate
2083 2104 2262 2142 apostolica

1254 2160 1297 2189 sit
1313 2159 1494 2197 provisum.
1506 2168 1565 2188 nec
1583 2167 1647 2188 uon
1666 2163 1696 2188 et
1712 2158 1949 2188 constitutione
1966 2157 2004 2187 de
2022 2157 2150 2187 duabus
2165 2157 2262 2186 dietis

1254 2213 1342 2243 edita
1358 2213 1391 2241 in
1412 2212 1552 2242 concilio
1569 2211 1729 2249 generali.
1747 2212 1815 2241 Nos
1833 2211 1921 2241 enim
1939 2211 2139 2249 prebendam
2156 2210 2262 2248 ipsam

1254 2265 1426 2295 donationi
1448 2264 1627 2303 apostolice
1646 2273 1865 2300 reservamus,
1883 2264 1947 2302 ipsi
1967 2263 2134 2301 Stephano
2149 2263 2263 2292 confe-

1254 2318 1408 2353 rendam;
1427 2318 1642 2348 decernentes
1659 2318 1792 2347 irritum
1810 2321 1840 2347 et
1854 2317 1953 2346 inane
1970 2316 2129 2355 quicquid
2143 2316 2181 2345 de
2198 2324 2263 2344 rna-

1254 2371 1390 2409 gisterio
1407 2370 1581 2405 scolarum,
1597 2370 1764 2408 prebenda
1782 2375 1812 2399 et
1830 2369 2045 2408 prestimonio
2063 2368 2263 2406 supradictis

1254 2428 1368 2453 eontra
1397 2423 1544 2461 mandati
1575 2423 1680 2452 nostri
1710 2428 1859 2452 tenorem
1888 2422 1989 2451 fuerit
2020 2425 2261 2458 attemptatum.

1254 2477 1378 2507 Taliter
1396 2481 1505 2507 autem
1529 2481 1718 2515 preceptum
1741 2480 1890 2505 nostrum
1914 2474 2047 2504 studeas
2069 2473 2260 2511 adimplere,

1255 2531 1341 2570 quod
1363 2540 1428 2560 non
1451 2531 1559 2568 possis
1582 2529 1676 2567 argui
1700 2529 1738 2559 de
1763 2528 1966 2566 negligentia
1988 2527 2038 2557 vel
2061 2531 2260 2564 contemptu,

1255 2584 1311 2614 sed
1327 2584 1436 2622 potius
1457 2583 1494 2613 de
1518 2582 1691 2620 diligentia
1711 2582 1829 2611 merito
1851 2580 2087 2610 commendari.
2110 2581 2182 2609 Dat.
2202 2579 2263 2608 La-

1256 2636 1374 2668 terani,
1391 2636 1458 2666 IIII
1475 2644 1578 2665 nonas
1592 2634 1678 2673 julii,
1700 2643 1786 2663 anno
1802 2633 2059 2672 quintodecimo.
2081 2645 2092 2658 »

1289 2742 1309 2765 1.
1327 2744 1375 2765 Ms.
1392 2749 1400 2764 .-
1417 2741 1650 2771 Compostellano.

1285 2787 1308 2811 Q.
1327 2787 1384 2814 Sic,
1400 2792 1463 2809 sans
1480 2785 1563 2808 doute
1582 2790 1650 2815 pour
1662 2784 1792 2807 Gometii.
1810 2796 1839 2799 —
1853 2782 1930 2806 Nous
1945 2788 2031 2805 avons
2046 2780 2191 2804 rencontre
2202 2780 2263 2811 plus

1256 2832 1331 2859 haut,
1348 2835 1376 2854 n⁰
1389 2830 1459 2857 5002,
1475 2837 1512 2853 un
1527 2830 1620 2852 Nunio
1636 2829 1765 2856 σονηειὶῐ,
1782 2835 1794 2848 a
1811 2834 1860 2857 pro
1877 2826 2008 2857 magistro
2023 2825 2159 2848 scolarum
2176 2825 2264 2848 eccle-

1256 2876 1296 2899 sie
1314 2874 1533 2906 [Ulixbouensis]
1549 2881 1578 2897 se
1589 2879 1687 2903 gerens
1698 2880 1720 2901 n,
1733 2872 1779 2902 qui
1794 2875 1834 2894 est
1846 2870 2132 2894 vraisemblablement
2144 2869 2168 2892 le
2178 2869 2264 2891 meme

1257 2926 1438 2951 personnage.
1454 2932 1484 2936 —
1506 2919 1549 2943 Un
1570 2921 1649 2941 autre
1669 2917 1793 2947 exemple
1814 2916 1847 2939 de
1866 2916 1988 2939 (iomerii
2005 2921 2019 2937 a
2036 2913 2078 2937 ete
2095 2913 2185 2936 relcve
2202 2913 2263 2943 plus

1257 2966 1331 2991 haut,
1349 2968 1379 2988 n⁰
1395 2964 1455 2989 4405
1470 2965 1499 2994 (t.
1517 2964 1551 2992 11,
1568 2963 1621 2987 col.
1640 2962 1706 2991 1056,
1723 2963 1787 2985 note
1804 2961 1834 2990 1).
