2553 3526
0 3026 11 3236 ‘W’-
0 2938 7 3013 vv-*-
0 2897 7 2920 vv
0 2850 8 2858 w
0 2805 3 2813 -

0 3253 7 3374 -v-r-

129 307 179 336 161
971 298 1206 336 'rnEiziEME
1228 297 1387 333 ANNEE.
2170 309 2220 335 ,Μ

129 378 211 411 tuas,
233 375 335 404 frater
350 391 400 403 —-.
421 375 493 403 Dat.
515 373 680 404 Laterani.
700 374 783 403 XIII
800 374 959 403 kalendas
975 371 1134 412 januarii.

127 436 214 457 anno
233 427 470 457 tertiodecimo.
494 438 506 452 »

198 612 311 639 502¹
668 611 790 642 Latran,
807 611 840 637 12
853 610 971 644 janvier
986 609 1066 636 1240.

164 674 280 705 Ottoni,
299 674 402 700 Sancti
420 673 538 700 Nicolai
555 673 586 700 in
606 673 730 701 Carcere
745 673 885 699 Tulliano
901 672 1024 698 diacono
1041 671 1139 698 cardi-

129 721 202 754 nali,
229 722 418 756 Apostolicae
444 722 530 749 Sectis
551 723 656 755 legam,
681 737 713 739 —
737 730 802 748 cum
826 721 904 755 prior
926 723 955 747 et
975 723 1138 747 conventus

127 769 366 801 Wintonienses,
376 779 411 796 ex
423 778 483 797 una
495 773 587 804 parte,
599 770 798 804 postulatione
810 778 896 803 quam
911 770 946 795 (le
958 768 1138 796 Cic-estrensi

128 819 265 853 episcopo
281 819 311 845 in
329 827 413 845 suum
430 819 599 853 episcopum
618 819 850 850 celebraverant,
865 818 901 845 ab
916 818 977 852 ipso
989 826 1065 852 papa
1081 826 1138 844 non

128 867 271 899 admissa,
288 866 540 901 supplicavissent
557 867 730 893 facultatem
746 866 875 900 eligendi
892 875 941 892 seu
957 865 1138 900 postulandi,

129 923 196 942 cum
218 915 264 942 his
289 915 338 949 qui
358 923 459 941 vocem
481 915 510 942 in
535 915 679 942 electione
700 915 858 947 habebant,
882 915 937 941 sibi
960 915 1088 946 restitui,
1112 918 1139 940 et

128 963 333 991 archidiaconi
348 964 571 991 NVintoniensis
593 967 621 991 et
645 964 793 995 Surreiae,
810 972 844 990 ex
865 965 958 990 altera
980 968 1072 998 parte,
1089 963 1139 997 qui

128 1020 230 1040 vocem
257 1013 288 1039 in
312 1013 458 1040 electione
483 1013 729 1047 praetendebant.
756 1016 952 1047 proponerent
975 1013 1140 1047 praedictos

129 1062 255 1096 priorem
272 1065 301 1089 et
317 1065 496 1088 conventum
521 1071 578 1088 non
595 1071 657 1089 esse
673 1063 708 1089 ad
727 1062 896 1096 eligendum
920 1071 968 1088 seu
990 1062 1140 1095 postulan-

128 1111 198 1138 dum
216 1111 280 1138 sine
296 1111 369 1145 ipsis
392 1111 612 1138 archidiaconis
636 1112 848 1141 admittendos.
869 1126 900 1129 —
925 1111 1047 1137 mandat
1068 1119 1140 1144 quan

128 1162 214 1187 tenus
230 1160 360 1187 elaboret
381 1160 416 1187 ad
440 1160 638 1187 reducendum
662 1163 760 1194 partes
778 1160 814 1186 ad
835 1160 1033 1186 concordiam.
1053 1163 1092 1189 et,
1115 1159 1138 1185 si

128 1208 286 1235 concordia
310 1209 466 1243 provenire
490 1209 670 1243 nequiverit,
695 1209 784 1243 priori
806 1212 831 1235 et
855 1208 1014 1234 conventui
1038 1216 1141 1241 supra-

127 1257 218 1284 dietis
233 1257 372 1291 injungat
388 1260 420 1283 ut
434 1257 489 1284 sibi
505 1265 554 1291 per
567 1257 742 1284 electionem
756 1266 805 1283 seu
821 1256 1062 1291 pt‘nstulationem,
1073 1264 1138 1282 cum

129 1305 176 1333 his
191 1305 227 1332 ad
240 1314 311 1339 quos
325 1305 430 1332 electio
445 1305 603 1339 pertineat,
615 1305 651 1331 de
663 1314 787 1339 persona.
798 1305 901 1331 idonea
915 1305 944 1331 in
958 1305 1140 1339 episcopum.

127 1354 163 1381 de
175 1354 269 1388 ipsius
280 1354 370 1388 legati
383 1354 714 1388 consilio‚provideant.
727 1352 1140 1387 -(11Ε«;.19,1·.14·2[136]1“;

127 1410 198 1429 ann.
215 1402 298 1434 XIII,
315 1411 340 1428 e.
357 1402 428 1434 1973
444 1417 475 1420 —
492 1404 642 1434 0111011111,
661 1407 689 1428 11“’
705 1402 799 1433 5019.)

171 1516 184 1530 α
210 1502 348 1542 0[uoni]‚
372 1503 477 1533 Sancti
499 1504 617 1533 Νἱεοίαὶ
642 1505 675 1532 in
700 1504 825 1533 Carcere
851 1504 993 1532 Tulliano
1016 1504 1142 1532 dimona

129 1556 298 1590 cardinali.
322 1557 486 1593 Apostolice
510 1556 596 1585 Sedis
619 1557 725 1593 leyalo.
753 1555 981 1585 Postulatione
1007 1561 1081 1586 etc..
1109 1561 1143 1585 ut

130 1617 242 1647 supra,
261 1609 308 1648 [in
327 1609 450 1639 litteris
470 1609 531 1638 sub
553 1618 691 1639 numero
712 1609 829 1640 CXCV
846 1609 993 1648 notatis,]
1012 1619 1116 1648 usque
1135 1620 1141 1638 :

131 1662 359 1697 concedentes,
379 1662 576 1691 mandamus
593 1666 758 1700 quatenus
775 1662 815 1691 ad
832 1662 1055 1692 reducendum
1073 1671 1144 1700 par-

132 1719 180 1746 tes
197 1715 236 1745 ad
254 1715 475 1749 concordiam,
495 1719 529 1745 ut
546 1715 711 1753 provideri
733 1715 839 1745 eidem
863 1715 1001 1745 ecclesie
1019 1715 1144 1754 absque

130 1767 338 1798 dissentione
353 1768 470 1803 valeat,
485 1769 668 1798 secundum
683 1769 792 1798 datam
807 1769 865 1798 tibi
880 1778 897 1798 a
910 1770 977 1799 Deo
989 1769 1141 1807 gratiam,

131 1821 309 1851 efficaciter
328 1821 490 1851 elabores.
510 1826 551 1856 et.
573 1821 611 1855 si.
632 1821 719 1860 quod
736 1821 839 1851 absit!
858 1821 1048 1860 hujusmodi
1066 1831 1144 1851 con-

131 1874 244 1904 cordia
259 1874 435 1913 provenire
450 1875 650 1913 nequiverit.
666 1875 823 1913 injungas
837 1875 939 1913 priori
957 1880 987 1905 et
1004 1884 1144 1905 conven-

132 1927 180 1957 tui
200 1927 401 1965 supradictis
422 1931 457 1956 ut
479 1927 544 1956 sibi
561 1927 727 1962 studeant,
750 1936 808 1965 per
827 1927 1021 1957 electionem
1045 1937 1144 1957 cano-

132 1980 242 2010 nicam
254 1989 312 2010 seu
324 1980 582 2018 postulationem
595 1980 801 2015 concordem,
813 1980 850 2009 de
863 1990 1003 2018 persona
1013 1981 1143 2013 idonea.

131 2042 207 2063 eum
230 2033 298 2063 hiis
324 2033 365 2062 ad
390 2042 472 2072 quos
501 2022 618 2063 electio
644 2033 798 2071 pertinet.
828 2033 866 2063 de
896 2037 949 2062 tuo
977 2033 1143 2062 dumtaxat

131 2085 283 2120 consilio,
312 2086 495 2125 providere.
525 2087 596 2116 Dat.
628 2087 795 2121 Laterani.
827 2087 857 2116 II
885 2087 959 2116 idus
985 2086 1143 2125 januarii.

133 2148 220 2169 anno
240 2140 479 2170 tertiodecimo.
504 2152 516 2166 »

203 2325 322 2353 5022
679 2326 800 2358 Latran,
817 2326 849 2352 13
865 2325 1074 2359 janvier1240.

170 2387 310 2414 Rusudae
326 2387 444 2421 reginae
460 2390 488 2414 et
505 2386 613 2419 David,
636 2388 698 2421 ejus
721 2388 793 2418 filio,
817 2388 877 2422 regi
902 2388 1146 2421 Georgianorum,

133 2435 285 2470 signifieat
298 2444 328 2463 se
343 2436 470 2470 gaudere
487 2436 563 2470 quod
578 2436 608 2462 in
623 2445 723 2462 eorum
742 2436 876 2470 partibus
893 2437 964 2463 fides
980 2438 1064 2463 firma
1081 2445 1148 2471 per—

134 2484 294 2516 manserit3
312 2493 369 2511 non
381 2484 591 2516 ammirentur,
606 2484 631 2511 si
644 2485 779 2511 Romana
791 2484 936 2517 Ecclesia,
951 2493 1026 2519 quae
1038 2486 1148 2512 multas

133 2532 352 2567 persecutiones
373 2533 427 2559 hoe
447 2535 579 2567 tempore
601 2533 725 2567 patitur,
742 2533 906 2560 exercitum
924 2536 1027 2560 contra
1043 2533 1147 2560 Tarta-

133 2589 190 2614 ros,
207 2581 337 2616 ipsorum
362 2582 470 2614 hostes,
488 2590 545 2608 non
570 2582 679 2614 mittit;
702 2590 748 2608 eos
771 2585 852 2616 rogat
873 2585 1018 2616 quatenus
1040 2581 1149 2609 Roma-

134 2637 203 2656 nam
220 2629 385 2657 Ecclesiam
408 2632 532 2656 matrem
550 2632 711 2664 agnoscant
728 2633 755 2657 et
774 2630 907 2657 subditos
922 2639 988 2657 suos
1004 2631 1040 2657 ad
1057 2630 1148 2665 Apos-

133 2678 241 2706 tolicae
257 2678 343 2705 Sedis
356 2678 556 2706 obedientiam
576 2679 736 2711 inducant;
757 2679 794 2705 ad
817 2688 864 2705 eos
880 2680 978 2713 plures
995 2679 1030 2705 de
1046 2679 1149 2706 ordine

135 2727 378 2754 Praedicatorum
396 2728 501 2754 fratres
517 2728 708 2760 transmittit,
728 2736 799 2762 quos
814 2728 940 2762 benigne
958 2728 1093 2755 audiant.
1117 2742 1148 2746 —

134 2776 222 2808 (Rm.
240 2775 283 2809 19,
301 2777 322 2803 f.
339 2776 391 2803 142
405 2775 479 2811 [136]
495 2780 538 2809 v⁰;
556 2785 626 2803 ann.
641 2776 724 2809 X111.
740 2785 764 2803 e.
780 2776 846 2809 1983
863 2792 895 2795 —
914 2777 1048 2804 MOREAU
1066 2776 1147 2808 1192,

134 2895 205 2926 s[us]
225 2896 369 2919 electionis
429 2897 626 2927 postulationis
643 2905 665 2925 n,
682 2901 730 2920 ont
747 2897 789 2921 ete
805 2897 887 2920 ecrits
903 2904 951 2921 sur
964 2904 1000 2920 un
1014 2899 1147 2927 grattage,

135 2942 162 2963 et
176 2939 202 2963 la
217 2939 298 2967 suite,
319 2939 417 2970 depuis
434 2947 439 2963 :
462 2948 474 2962 «
495 2940 528 2963 de
549 2940 626 2971 Lupo
650 2941 747 2964 Garsie
766 2950 787 2969 υ,
809 2948 823 2963 a
842 2941 884 2964 ete
903 2941 1020 2970 ajoutee‚
1038 2947 1108 2970 pour
1123 2940 1148 2962 la

135 2983 198 3014 plus
213 2983 316 3014 grande
335 2984 432 3014 partie,
449 2983 517 3007 dans
533 2984 558 3007 la
574 2991 666 3014 marge
682 2984 847 3008 exterieure.

259 3032 445 3064 Gnncoms:
463 3040 516 3070 ix,
535 3043 553 3065 t.
573 3040 621 3064 111.

1221 371 1241 396 f.
1259 370 1324 401 431;
1344 370 1409 396 ibid.
1428 371 1508 401 1193„
1532 373 1552 397 t'.
1569 371 1630 402 169,
1651 379 1685 397 ex
1705 372 1881 403 ansatum
1900 386 1931 389 —
1948 372 2104 399 Pommsr
2119 373 2222 404 10841·,

1220 433 1251 437 —
1270 419 1454 445 Romanasne.
1468 419 1531 451 765,
1546 426 1598 444 non
1617 420 1748 451 integra.)

1261 531 1273 545 «
1300 520 1417 548 Rus-mle
1434 521 1536 556 reyine
1554 525 1578 548 et
1596 520 1704 553 Dauid,
1722 525 1793 548 ¹nalo
1810 521 1882 556 ejus,
1904 520 2141 557 Georfflanorum
2163 523 2225 558 seui

1221 573 1404 601 illus-tribus.
1420 573 1486 601 Yas
1501 571 1709 601 ammirabile
1724 572 1771 601 sol
1787 590 1835 600 —-.
1851 572 2040 602 Gaudemus
2053 573 2155 609 igitur
2169 583 2226 611 pro

1221 625 1324 656 vohis,
1350 625 1422 656 filii,
1441 634 1498 662 pro
1525 625 1615 654 vohis
1641 624 1748 654 letitia
1771 634 1900 653 summa
1925 625 2117 662 gaudemus,
2140 626 2226 664 quod

1220 677 1349 706 caritati
1369 683 1476 707 vestre
1498 678 1557 707 Dei
1581 677 1713 707 verbum
1739 677 1894 711 innotuit,
1918 678 2003 715 quod
2022 678 2055 706 in
2077 678 2226 716 partibus

1220 731 1339 759 vestris
1357 730 1448 765 tides,
1467 735 1499 759 ut
1522 730 1680 763 scribitis,
1700 740 1716 759 a
1734 735 1877 768 tempore
1896 731 2063 760 nascentis
2080 731 2226 761 Ecclesie

1220 784 1314 812 lirma
1340 788 1369 813 et
1398 784 1470 813 sine
1499 793 1580 821 ruga
1605 784 1797 821 permansit.
1826 783 2015 813 Gaudemus
2039 788 2070 813 et
2093 784 2225 815 iterum.

1221 836 1306 874 quod
1324 836 1383 866 Dei
1408 835 1507 870 tilius,
1532 836 1703 865 inclinatis
1720 836 1947 865 misericordie
1965 846 2023 866 sue
2043 836 2151 871 celis¹,
2170 846 2227 866 vos

1221 889 1312 918 duxit
1331 889 1364 917 in
1383 889 1435 918 5111
1453 889 1604 918 notitiam
1626 888 1772 917 nominis
1788 906 1835 917 —.
1856 888 1941 918 Illud
1956 898 2085 927 quoque
2103 889 2136 918 in
2154 898 2228 919 ves-

1223 943 1281 973 tris
1298 947 1488 972 contentum
1511 941 1642 971 litteris.
1663 941 1748 979 quod
1770 941 1910 973 Tartari,
1933 941 2044 971 hostes
2067 941 2227 971 catholice

1222 996 1309 1026 fidei.
1326 1000 1471 1024 vestrum
1487 1003 1624 1031 regumn
1638 994 1872 1026 intraverant&
1887 998 2075 1031 conceptam
2088 994 2227 1023 letitiam

1221 1049 1354 1081 minuit.
1369 1052 1396 1077 et
1416 1047 1502 1085 quod
1517 1047 1609 1075 vobis
1626 1046 1766 1084 dampna
1782 1047 1893 1083 gravia
1908 1046 2103 1076 intulerunt.
2120 1047 2228 1085 acqui-

1222 1102 1323 1131 situm
1348 1101 1442 1130 nohis
1465 1100 1621 1136 gaudium
1644 1099 1838 1129 vulneravit.
1858 1100 2093 1129 Verumtamen
2116 1100 2148 1128 in
2168 1100 2229 1129 hoc

1223 1154 1458 1184 exultationem
1478 1153 1729 1191 resumpsimus.
1748 1153 1844 1191 quod,
1865 1152 1925 1182 etsi
1948 1153 2104 1190 predictis
2125 1153 2230 1182 hosti-

1223 1207 1284 1237 bus
1303 1212 1393 1244 terga
1414 1206 1583 1239 dederitis,
1603 1205 1681 1235 vict-i
1706 1210 1814 1235 tamen
1837 1205 1982 1235 finaliter
2004 1205 2144 1243 palmam
2163 1206 2230 1235 vic-

1225 1261 1305 1290 torie
1323 1260 1361 1290 de
1386 1259 1566 1289 victoribus
1590 1259 1794 1297 reportastis,
1821 1259 1997 1297 gravisque
2020 1258 2095 1288 illos
2117 1259 2231 1288 afflixit

1223 1313 1357 1351 dampni
1376 1312 1572 1351 periculum,
1597 1312 1654 1350 qui
1674 1321 1765 1341 arma
1788 1312 1821 1340 in
1839 1316 1985 1341 vestrum
2003 1320 2133 1341 sumere
2157 1321 2228 1349 pre-

1225 1371 1435 1405 sumpserant
1461 1365 1709 1395 detrimentum.
1736 1365 1835 1394 Decet
1862 1369 1971 1393 autem
1999 1369 2028 1394 et
2055 1374 2110 1393 vos
2136 1364 2231 1393 nohis

1224 1419 1378 1458 compati,
1393 1419 1450 1457 qui
1467 1418 1587 1447 multas
1602 1417 1848 1456 persecutiones
1863 1417 1902 1446 ah
1915 1416 2066 1446 1105111105
2080 1417 2155 1447 fidei
2171 1417 2231 1446 hoc

1225 1478 1370 1511 tempore
1387 1471 1541 1510 patimur.
1561 1480 1635 1508 quo.
1654 1474 1763 1508 preter
1780 1470 1990 1503 Sarracenos,
2010 1469 2067 1507 qui
2085 1469 2118 1498 111
2140 1470 2232 1506 Ispa-

1227 1526 1279 1556 nie
1311 1530 1341 1555 et
1371 1524 1467 1563 Syrie
1494 1523 1644 1562 partibus
1675 1522 1771 1552 tidem
1802 1522 1997 1560 impugnant
2023 1521 2230 1550 catholicam.

1226 1578 1379 1609 nonnulli
1402 1577 1471 1611 alii.
1491 1587 1508 1606 a
1531 1576 1593 1606 tide
1615 1575 1741 1606 Christi
1759 1578 1982 1612 apostatantes
2001 1578 2031 1603 et
2052 1574 2232 1603 Ecclesiam

1226 1633 1285 1663 Dei
1307 1632 1429 1671 quihus
1446 1634 1596 1668 possunt,
1618 1629 1852 1666 impugnantes
1870 1627 2007 1662 viribus,
2028 1636 2143 1656 novam
2161 1636 2234 1665 per-

1227 1686 1364 1716 ditionis
1382 1685 1521 1715 5010003
1538 1683 1696 1712 inducere
1710 1686 1739 1711 et
1754 1681 1850 1711 fidem
1865 1680 1982 1710 salutis
1996 1685 2025 1709 ct
2041 1680 2236 1718 redemptio-

1228 1740 1279 1769 nis
1296 1739 1440 1768 humane
1457 1737 1495 1766 de
1514 1741 1601 1765 terra
1616 1735 1836 1765 exterminare
1853 1737 2015 1763 conantur
2028 1750 2075 1762 —.
2094 1734 2235 1779 {erum-

1228 1799 1336 1823 tamen
1366 1799 1537 1829 speramus
1564 1788 1651 1827 quod
1677 1787 1876 1825 Redemptor
1903 1791 2024 1815 noster.
2054 1790 2127 1823 post
2149 1785 2235 1814 hanc

1228 1849 1467 1884 tempestatem.
1480 1841 1697 1880 tranquillum
1709 1840 1806 1869 faciet
1816 1839 1826 1857 ⁴
1839 1844 1867 1869 et
1881 1838 2088 1868 adversarios
2100 1839 2234 1876 Aposto-

1228 1899 1289 1928 lice
1306 1898 1401 1927 Sedis
1419 1896 1480 1926 sub
1497 1895 1635 1933 pedibus
1653 1893 1723 1923 51115
1740 1897 1909 1922 conterere
1928 1901 1991 1921 non
2010 1891 2148 1921 omittet.
2170 1890 2236 1928 Igi-

1230 1958 1289 1981 tur.
1317 1950 1388 1982 filii.
1413 1948 1555 1979 desinite
1580 1946 1762 1979 ammirari,
1782 1946 1809 1975 si
1834 1950 1948 1975 contra
1963 1945 2066 1974 dictos
2082 1945 2236 1974 'satarros

1229 2003 1375 2034 Ecclesie
1394 2004 1540 2032 Romane
1559 1999 1722 2030 exercitus
1739 1998 1773 2027 in
1794 2003 1939 2028 vestrum
1956 2006 2020 2026 non
2038 1997 2127 2026 venit
2143 1996 2237 2025 auxi-

1229 2059 1322 2088 lium,
1347 2056 1425 2095 quia
1448 2055 1481 2084 id
1504 2053 1776 2092 interpositorum
1804 2052 2071 2086 Sarracenorum,
2098 2058 2180 2088 quos
2202 2049 2236 2078 in

1229 2111 1313 2141 dicta
1338 2110 1436 2148 Syria
1458 2107 1640 2146 expugnari
1664 2105 1907 2138 mandavimuS,
1932 2103 2158 2142 prohibuisset
2176 2103 2239 2131 im-

1230 2164 1385 2203 probitas,
1405 2166 1434 2191 et
1454 2159 1735 2199 interjacentium.
1755 2167 1818 2196 que
1841 2157 1891 2186 vix
1915 2157 1996 2186 istos
2017 2156 2239 2194 permiserunt

1230 2217 1268 2247 ad
1283 2226 1342 2246 nos
1360 2215 1472 2245 venire
1489 2222 1650 2246 rumores.
1665 2220 1728 2241 non
1744 2210 1974 2249 permisissent
1988 2208 2163 2238 intervalla
2177 2212 2238 2237 ter-

1230 2278 1351 2299 rarum.
1369 2277 1438 2303 nos,
1456 2266 1560 2306 quod⁵
1576 2266 1610 2294 in
1629 2272 1822 2294 succursum
1837 2267 1982 2292 vestrum
1997 2261 2238 2291 insufficientes

1230 2322 1409 2356 extitimus,
1430 2319 1487 2358 qui
1505 2318 1545 2348 ad
1560 2316 1788 2347 defensionem
1810 2314 1885 2343 fidei
1899 2313 2089 2343 Christiane
2106 2312 2139 2340 in
2157 2312 2238 2341 Yta-

1230 2376 1274 2405 lia
1294 2379 1324 2405 et
1348 2373 1445 2403 dictis
1468 2371 1565 2410 Syrie
1588 2375 1616 2400 et
1642 2369 1774 2407 Ispanie
1798 2366 1948 2405 partibus
1971 2366 2043 2395 sine
2065 2364 2237 2394 intermis-

1230 2429 1322 2458 sione
1341 2427 1416 2457 totis
1435 2425 1561 2455 viribus
1576 2423 1778 2453 laboramus.
1798 2420 1949 2457 Ideoque,
1972 2419 2048 2447 dum
2069 2417 2160 2447 vohis
2177 2416 2239 2446 ali-

1232 2487 1279 2512 ter
1300 2479 1505 2511 succurrisse
1526 2476 1749 2515 nequivimus,
1773 2477 1902 2503 nostras
1926 2470 2109 2501 sinceritati
2131 2474 2239 2499 vestre

1230 2534 1384 2564 duximus
1405 2532 1534 2561 litteras
1557 2528 1783 2562 destinandas.
1804 2530 1851 2559 ut,
1869 2524 1926 2563 qui
1946 2528 2094 2553 nostrum
2117 2522 2157 2552 ad
2183 2530 2240 2551 vos

1231 2588 1385 2618 affectum
1417 2594 1453 2614 ex
1483 2582 1661 2621 expectatis
1693 2580 1778 2610 scire
1811 2587 1875 2608 non
1905 2576 2062 2615 poteratis
2092 2574 2238 2609 auxiliis,

1231 2640 1340 2671 saltim
1359 2648 1396 2669 ex
1413 2637 1577 2674 scriptura
1593 2634 1684 2664 vobis
1704 2637 1814 2662 nostre
1833 2640 1930 2669 quam
1948 2629 1987 2659 ad
2005 2638 2060 2658 vos
2078 2628 2235 2666 gerimus.

1264 2759 1283 2782 1.
1303 2758 1343 2781 Cf.
1362 2757 1408 2780 Ps.
1428 2754 1550 2782 CXLIII,
1567 2754 1587 2776 5.

1261 2803 1284 2826 Q.
1303 2805 1358 2831 Sic,
1376 2800 1512 2832 peut-etse
1526 2804 1595 2828 pour
1613 2797 1802 2820 intraverunt.

1262 2848 1283 2871 3.
1303 2849 1351 2870 Ms.
1363 2853 1372 2868 :
1387 2848 1501 2874 septam.

1262 2892 1284 2915 4.
1304 2891 1345 2915 Cf.
1361 2887 1494 2916 Ton.111‚
1511 2886 1551 2910 2‘2.
2236 2920 2238 2923 .

1262 2937 1285 2960 5.
1306 2935 1325 2958 ll
1342 2933 1443 2957 semble
1456 2931 1520 2962 qu'il
1532 2938 1549 2960 y
1562 2930 1598 2952 ait
1611 2935 1664 2951 une
1675 2929 1773 2950 lacune
1785 2925 1801 2949 ὲ,
1814 2929 1856 2948 cet
1870 2923 1979 2947 endroit
1991 2930 1997 2951 3
2013 2922 2153 2952 pout-etro
2165 2927 2240 2943 311551

1231 2980 1324 3004 saut-il
1341 2979 1390 3002 lire
1408 2983 1512 3006 nosque
1529 2981 1563 2998 au
1580 2975 1634 2997 lieu
1652 2973 1685 2996 de
1703 2978 1753 2994 uos
1768 2971 1853 3000 quod.

2091 3022 2112 3044 11
