2553 3526
131 277 169 305 77
976 275 1210 310 TREIZIEME
1233 275 1389 311 ANNEE.
2192 293 2229 321 73

133 343 240 372 filium
273 366 292 372 ..
327 343 597 373 archidiaconum
631 345 840 375 Salinensem
878 355 976 384 snper
1007 346 1139 384 juribus

129 395 374 434 episcopalibus
392 405 454 434 que
473 396 508 425 in
525 396 797 426 archidiaconatu
819 397 987 427 Salinensi
1012 403 1041 427 et
1068 399 1138 436 ejus

129 448 280 478 ecclesiis
313 449 478 486 exigebas.
506 453 535 478 et
563 448 762 487 quibusdam
787 449 863 479 aliis
889 450 1039 479 articulis
1068 456 1139 480 orta

130 501 269 531 materia
301 501 498 540 questionis,
531 510 590 531 nos
617 501 677 530 tibi
710 507 738 531 et
768 502 874 531 eidem
904 503 1138 533 archidiacono

128 552 286 583 dilectum
312 553 419 583 filium
448 559 599 583 nostrum
624 554 868 593 S[tephanum].
902 555 989 584 tituli
1019 557 1137 585 Sancte

129 606 233 637 Marie
253 607 494 636 Transtiberim
518 606 740 645 presbiterum
763 607 977 637 cardinalem.
1003 618 1137 639 conces·

128 659 233 689 simus
252 659 448 689 auditorem.
472 660 510 689 In
531 659 625 698 cujus
646 660 812 697 presentia
834 669 1015 698 proponere
1041 670 1137 690 cura-

129 712 206 742 visti
229 712 327 751 quod,
351 712 427 742 licet
446 713 521 751 jure
542 713 719 742 diocesano
739 713 906 751 predictus
930 714 1136 744 archidiaco-

129 769 226 795 natus
242 769 273 795 et
287 765 358 804 ejus
375 765 514 795 ecclesie
531 765 592 794 11111
605 765 746 801 subsint,
768 771 879 804 utpote
897 767 930 796 in
946 772 999 796 tua
1012 768 1135 798 diocesi

127 818 324 853 existentes,
355 818 543 856 Stephanus
575 823 695 852 tamen.
727 819 784 857 qui
816 829 872 857 pro
901 820 1135 849 archidiacono

127 870 297 901 Salinensi
313 880 347 901 50
364 871 459 908 gerit,
479 871 617 909 impedit
633 880 691 901 nec
715 873 876 909 permittit
900 873 986 910 quod
1009 878 1041 902 tu
1062 883 1135 911 pre-

126 924 230 954 fatum
249 924 555 954 archidiaconatum
574 924 624 954 vel
651 924 758 962 ipsius
785 925 943 955 ecclesias
963 926 1079 956 visites
1098 936 1134 955 ac

125 977 300 1012 reformes,
333 981 365 1007 et
396 977 646 1015 procurationes
677 986 713 1006 ac
744 977 809 1007 alia
831 978 906 1016 jura
935 979 1134 1017 episcopalia

125 1029 229 1060 libere
255 1030 419 1068 percipias
449 1035 479 1060 et
510 1039 663 1060 exerceas
697 1031 731 1059 in
764 1031 905 1061 eisdem:
935 1037 963 1061 et
996 1041 1070 1062 cum
1099 1033 1133 1061 in

123 1083 285 1122 quasdam
300 1083 458 1113 ecclesias
481 1083 630 1122 ejusdem
650 1083 941 1114 archidiaconatus
965 1085 1133 1114 interdicti

123 1136 307 1166 sententias
340 1136 474 1166 duxeris
506 1136 775 1175 promulgandas,
806 1142 835 1166 ct
865 1138 1133 1167 excommunica-

123 1189 211 1219 veris
226 1198 341 1219 omnes
363 1189 438 1219 illos
459 1189 517 1228 qui
542 1189 687 1219 scienter
713 1190 895 1219 officiarent
922 1190 971 1219 vel
995 1191 1133 1220 officiari

122 1242 271 1272 facerent
297 1241 488 1281 hujusmodi
522 1242 680 1272 ecclesias
709 1243 916 1273 interdictas.
944 1243 1032 1273 idem
1061 1244 1133 1274 Ste-

121 1294 252 1333 phanus
267 1303 333 1325 non
350 1295 455 1325 solum
473 1295 606 1325 easdem
623 1295 808 1325 sententias
827 1304 892 1325 non
910 1296 1053 1325 servavit
1073 1305 1131 1326 nec

120 1347 273 1386 permisit
288 1348 388 1378 etiam
404 1347 586 1381 observari,
616 1348 730 1381 immo,
759 1348 961 1387 quibusdam
986 1349 1132 1386 graviter

121 1401 340 1435 comminans,
359 1401 388 1431 si
404 1405 586 1435 servarent,
605 1406 634 1431 et
657 1410 759 1439 penas
777 1401 978 1439 quibusdam
995 1411 1132 1431 servan-

122 1454 212 1484 tibus
226 1453 303 1484 illas
317 1454 485 1492 infligens,
504 1454 689 1484 sententias
701 1454 801 1492 ipsas,
818 1463 882 1483 non
900 1454 1025 1493 absque
1040 1455 1132 1492 gravi

122 1507 278 1538 scandalo
296 1512 328 1537 et
350 1508 537 1537 animarum
565 1507 722 1545 periculo,
750 1507 859 1537 nullas
885 1517 957 1537 esse
982 1508 1017 1536 in
1043 1513 1130 1538 tuam

121 1561 332 1591 denuntiavit
347 1561 518 1599 injuriam.
543 1570 602 1591 nec
626 1561 817 1590 servandas.
847 1561 885 1590 Et
906 1570 992 1596 cum,
1020 1562 1132 1600 requi-

123 1614 208 1644 situs
227 1623 245 1644 a
268 1618 298 1644 te
321 1614 349 1643 si
374 1614 552 1643 officiasset
575 1613 626 1643 vel
649 1613 788 1643 officiari
817 1614 949 1643 fecisset
974 1613 1131 1644 ecclesias

122 1667 321 1702 antedictas,
351 1667 495 1697 noluerit
518 1667 731 1705 respondere,
755 1672 788 1696 tu
815 1667 850 1696 in
869 1667 978 1705 ipsum
1003 1676 1132 1697 excom-

122 1720 360 1750 municationis
377 1720 578 1750 sententiam
598 1720 826 1758 promulgasti.
846 1720 909 1750 Sed
929 1720 1037 1750 dictus
1059 1721 1132 1751 Ste-

121 1773 252 1812 phanus
287 1782 346 1812 per
385 1773 545 1812 quosdam
582 1773 841 1804 Cabilonenses.
881 1783 963 1812 quos
1003 1773 1130 1803 dicebat

117 1826 248 1866 judices
272 1826 440 1864 delegatos
464 1836 483 1856 a
508 1826 615 1860 nobis.
635 1826 756 1864 quibus
780 1835 837 1864 per
864 1826 992 1856 litteras
1015 1826 1054 1855 ad
1077 1835 1132 1855 eos

88 1871 93 1874 ¹
119 1880 272 1909 obtentas
297 1879 389 1909 nulla
411 1883 480 1909 erat
504 1879 662 1908 adversus
689 1884 718 1908 te
741 1879 932 1918 jurisdictio
959 1879 1129 1908 attributa.

121 1941 294 1971 perperam
309 1937 340 1962 et
352 1932 425 1962 sine
442 1940 540 1961 cause
552 1931 741 1969 cognitione
755 1932 934 1970 premissas
948 1932 1132 1962 sententias

121 1986 270 2017 revocari
298 1986 443 2016 obtinuit
470 1990 500 2015 et
532 1985 642 2015 nullas
670 1985 803 2023 penitus
833 1986 994 2014 nuntiari.
1023 1986 1132 2021 Quare

122 2039 256 2077 petebas
267 2039 374 2069 eidem
391 2038 559 2076 Stephano
576 2038 716 2068 firmiter
728 2038 875 2068 inhiberi
891 2047 931 2067 ne
950 2048 1006 2076 per
1024 2047 1058 2068 se
1073 2048 1132 2068 nec

121 2101 178 2130 pet·
194 2091 277 2122 alios
295 2091 454 2130 impediat
467 2091 647 2130 quominus
665 2091 807 2121 eundem
825 2091 1132 2120 archidiaconatum

121 2149 154 2175 et
169 2145 240 2184 ejus
261 2144 420 2175 ecclesias
436 2144 563 2174 visites.
582 2144 728 2181 corrigas
746 2149 775 2174 et
794 2144 964 2174 reformes.
981 2153 1133 2182 procura-

122 2198 229 2228 tiones
244 2198 280 2227 in
296 2198 346 2228 eis
362 2198 514 2236 recipias,
534 2194 693 2227 instituas
711 2203 742 2228 et
764 2198 938 2232 destituas,
957 2198 1133 2228 ecclesias-

122 2251 220 2281 ticam
239 2260 415 2281 censuram
433 2260 597 2281 exerceas.
612 2251 883 2289 jurisdictionem
900 2260 1030 2289 quoque
1055 2260 1131 2280 cau-

121 2313 234 2335 sarum
251 2304 292 2334 ad
308 2304 416 2334 forum
435 2303 698 2334 ecclesiasticum
716 2304 967 2342 pertinentium,
988 2304 1133 2342 synoda-

121 2356 235 2390 ticum.
249 2356 510 2386 cathedraticum
523 2361 554 2386 et
567 2356 632 2386 alia
645 2357 833 2395 omniaque
846 2361 924 2386 sunt
935 2357 1133 2395 episcopalis

120 2409 365 2449 iurisdictionis
382 2414 413 2439 et
437 2409 576 2443 ordinis,
600 2409 724 2439 habeas
743 2409 777 2438 in
797 2409 934 2443 eisdem,
953 2414 984 2439 et
1007 2411 1133 2439 cassari

121 2462 172 2493 vel
201 2471 334 2492 cassum
365 2471 403 2492 ac
432 2462 565 2492 irritum
600 2462 762 2497 nuntiari,
795 2463 953 2501 quicquid
985 2472 1002 2492 a
1036 2463 1133 2492 dictis

119 2515 400 2546 Cabilonensibus
419 2515 469 2545 vel
492 2524 606 2545 eorum
623 2515 819 2545 auctoritate
845 2515 878 2544 in
904 2520 997 2545 tuum
1023 2517 1132 2554 preju-

119 2568 244 2598 dicium
260 2572 309 2598 est
321 2572 561 2606 presumptum.
575 2573 606 2598 et
617 2568 818 2606 prescriptas
831 2569 1015 2598 sententias
1029 2577 1132 2607 usque

120 2621 161 2651 ad
181 2621 447 2651 satisfactionem
465 2621 663 2658 condignam
688 2620 931 2651 inviolabiliter
950 2621 1131 2651 observari.

120 2674 386 2704 Archidiaconus
403 2684 481 2704 vero
504 2674 692 2704 Salinensis
714 2683 823 2703 coram
846 2674 993 2711 predicto
1017 2684 1134 2712 propo-

119 2728 189 2757 suit
213 2727 376 2758 cardinali
403 2728 498 2766 quod,
525 2736 599 2757 cum
623 2727 805 2765 capitulum
830 2727 943 2757 Sancti
968 2727 1134 2758 Joliannis

121 2781 294 2810 Bisuntini
309 2781 420 2819 ipsum
438 2789 548 2810 coram
572 2785 601 2810 te
623 2780 802 2809 traxissent
818 2780 852 2808 in
870 2788 1016 2814 causam,
1035 2789 1134 2818 super

120 2842 159 2863 eo
175 2833 263 2872 quod
283 2833 368 2863 falso
388 2833 541 2863 dicebant
565 2833 605 2862 ab
627 2833 698 2871 ipso
718 2832 954 2862 archidiacono
977 2833 1025 2862 eis
1049 2833 1134 2872 inju-

121 2886 189 2917 rias
207 2887 382 2925 irrogatas,
401 2895 438 2917 eo
453 2887 539 2926 quod
556 2886 758 2915 inhibuerat.
783 2890 817 2915 ut
835 2885 1000 2919 dicebant,
1025 2885 1134 2923 capel-

120 2939 207 2969 lanis
221 2939 512 2969 archidiaconatus
530 2938 727 2973 Salinensis,
745 2947 785 2968 ne
797 2938 982 2976 reciperent
997 2938 1132 2967 nuntios

1223 347 1361 377 ecclesie
1377 349 1489 378 Sancti
1500 350 1677 380 Joliannis.
1692 356 1878 389 portantes¹
1894 354 2021 385 litteras
2038 362 2108 386 tuas
2123 359 2163 386 ad
2177 368 2227 395 pe·

1224 400 1338 429 tendas
1355 400 1554 432 elemosinas
1572 404 1611 432 ad
1633 404 1792 434 fabricam
1810 406 1957 443 ipsorum
1975 409 2112 439 ecclesie
2136 419 2228 447 repa-

1222 453 1368 482 randam.
1390 454 1429 482 ab
1446 454 1516 492 ipso
1533 456 1767 487 archidiacono
1785 459 1845 488 fuit
1863 468 1972 489 coram
1992 465 2020 490 te
2037 462 2228 499 excipiendo

1222 507 1424 543 propositum
1449 508 1546 545 quod.
1570 518 1643 538 cum
1666 515 1694 539 tc
1716 510 1861 545 haberet,
1888 521 1924 541 ex
1948 513 2097 550 pluribus
2119 516 2228 544 causis

1221 558 1344 588 ibidem
1364 561 1541 597 expressis.
1567 567 1768 599 suspectum.
1792 573 1891 601 super
1907 566 2029 603 quibus
2052 567 2228 604 probandis

1220 611 1384 641 instanter
1403 613 1544 650 petebat.
1565 623 1628 643 non
1650 615 1822 645 tenebatur
1843 626 1951 647 coram
1970 623 1998 648 te
2017 619 2227 657 aliquatenus

1221 665 1434 702 respondere:
1449 671 1476 695 et
1489 667 1565 704 quia
1578 667 1654 697 dare
1665 668 1729 697 sibi
1739 669 1881 699 arbitros
1889 670 2070 708 denegasti,
2082 678 2226 702 nostram

1221 716 1423 746 audientiam
1445 719 1632 756 appellavit.
1652 721 1715 750 Sed
1732 726 1776 750 tu.
1800 722 1989 761 hujusmodi
2007 725 2227 763 appellatione

1220 774 1416 807 contempta.
1435 771 1467 799 in
1487 781 1560 801 eum
1578 775 1929 806 excommunicationis
1944 779 2143 808 sententiam
2161 780 2226 809 sul-

1219 822 1372 852 minasti:
1394 833 1493 862 quam
1519 827 1719 856 sententiam
1742 829 1835 866 petiit
1858 829 1945 860 idem
1971 831 2224 863 archidiaconus

1219 877 1378 905 revocari.
1393 877 1429 906 Et
1448 878 1526 915 quia
1544 880 1743 909 sententiam
1762 881 1865 919 ipsam
1885 892 1941 920 pro
1956 884 2094 914 ecclesia
2111 886 2223 915 Sancti

1217 928 1382 957 Johannis
1409 929 1543 960 tuleras.
1572 940 1612 961 ne
1639 941 1772 962 causam
1803 935 1940 965 eandem
1967 941 2055 966 tuam
2084 939 2221 969 faceres.

1218 980 1394 1011 defendere
1433 982 1582 1012 noluisti.
1622 985 1774 1015 Prefatus
1819 987 1918 1016 etiam
1957 989 2222 1022 archidiaconus.

1217 1033 1358 1062 eundem
1375 1034 1681 1066 archidiaconatum
1704 1043 1734 1067 et
1756 1039 1827 1077 ejus
1849 1040 2006 1071 ecclesias
2026 1052 2097 1072 esse
2115 1044 2149 1072 in
2167 1045 2224 1074 Bi-

1217 1085 1352 1114 suntina
1365 1086 1487 1116 diocesi
1500 1097 1751 1126 recognoscens,
1771 1096 1801 1120 et
1816 1092 1875 1120 tibi
1892 1093 1926 1121 in
1941 1093 2007 1123 11115
2022 1099 2146 1124 tautum
2162 1106 2224 1134 que

1217 1143 1293 1167 sunt
1322 1139 1460 1168 ordinis.
1489 1145 1517 1169 et
1543 1150 1606 1170 non
1629 1142 1664 1171 in
1696 1142 1761 1172 hiis
1789 1153 1851 1182 que
1878 1151 1955 1175 sunt
1979 1147 2224 1185 jurisdictionis

1217 1190 1365 1221 subesse.
1393 1191 1483 1221 litem
1506 1196 1721 1225 contestando
1738 1198 1905 1234 respondit
1925 1199 2011 1236 quod
2026 1200 2107 1237 ipse.
2129 1210 2185 1238 per
2204 1225 2222 1230 ..

1216 1243 1375 1272 decanum
1403 1249 1431 1273 et
1452 1245 1633 1283 capitulum
1652 1248 1764 1277 Sancti
1786 1249 1945 1287 Stephani
1966 1251 2137 1282 Bisuntini
2157 1254 2226 1283 dic-

1217 1301 1284 1325 tum
1302 1297 1608 1328 archidiaconatum
1626 1301 1775 1338 adeptus.
1796 1311 1860 1332 non
1880 1304 2032 1334 faciendo
2054 1306 2113 1335 tibi
2137 1307 2225 1345 inju-

1216 1349 1310 1378 riam.
1327 1350 1383 1379 sed
1401 1351 1521 1380 utendo
1538 1353 1647 1389 potius
1661 1354 1736 1392 jure
1752 1364 1822 1384 suo.
1839 1356 1977 1394 impedit
1990 1367 2048 1387 nec
2066 1360 2223 1396 permittit

1216 1406 1245 1431 te
1270 1402 1453 1439 predictum
1471 1404 1777 1435 archidiaconatum
1798 1408 1849 1437 vel
1873 1409 1943 1447 ejtis
1965 1410 2122 1440 ecclesias
2145 1412 2225 1441 visi-

1217 1459 1294 1484 tare.
1316 1455 1495 1486 reformare
1519 1457 1573 1496 [et]
1599 1460 1847 1496 procurationes
1871 1462 1998 1492 ratione
2022 1463 2224 1494 visitationis

1215 1507 1343 1536 debitas
1362 1509 1508 1546 recipere
1531 1510 1565 1538 in
1590 1511 1730 1542 eisdem:
1751 1522 1824 1542 cum
1843 1513 1902 1543 hec
1924 1515 2044 1551 onmia,
2065 1521 2093 1545 et
2111 1518 2224 1554 cogni—

1217 1560 1339 1589 tionem
1358 1569 1534 1590 causarum
1551 1571 1586 1592 ac
1610 1564 1834 1594 omnimodam
1851 1565 1884 1594 in
1904 1575 2018 1596 earum
2034 1569 2222 1606 cognitione

1211 1613 1490 1651 jurisdictionem,
1517 1624 1590 1644 cum
1616 1616 1806 1654 integritate
1825 1619 2033 1656 justitiarum
2058 1627 2087 1651 et
2111 1622 2221 1651 reddi-

1215 1671 1308 1695 tuum
1325 1667 1562 1705 episcopalium
1584 1668 1691 1706 ipsius
1715 1670 2016 1702 archidiaconatus.
2035 1682 2070 1703 ex
2088 1683 2223 1704 conces-

1215 1719 1308 1749 sione
1325 1719 1408 1749 bone
1425 1721 1583 1751 memorie
1600 1723 1765 1759 Anserici,
1782 1724 2023 1764 archiepiscopi
2040 1727 2222 1758 Bisuntini.

1215 1771 1353 1801 ecclesie
1371 1772 1483 1802 Sancti
1509 1774 1680 1812 Stephani.
1706 1776 1744 1805 de
1769 1785 1933 1807 consensu
1951 1779 2087 1817 capituli
2112 1781 2224 1810 Sancti

1214 1823 1379 1853 ι1011110015
1401 1825 1584 1856 Bisuntini.
1608 1828 1705 1857 facta.
1731 1834 1759 1858 et
1780 1838 1837 1867 per
1854 1830 1963 1860 felicis
1984 1833 2224 1862 recordationis

1216 1877 1402 1913 Eugenium
1425 1883 1453 1908 et
1472 1878 1677 1909 Celestinum
1688 1883 1710 1915 ²,
1729 1882 1978 1918 predecessores
1994 1889 2135 1920 nostros,
2158 1887 2224 1915 Ro-

1216 1938 1331 1959 manos
1359 1931 1546 1961 Pontifices.
1573 1933 1777 1968 confirmata,
1804 1939 1868 1964 tam
1892 1925 1961 1973 ipse
1985 1946 2084 1975 quam
2109 1938 2224 1976 prede-

1215 1992 1363 2013 cessores
1380 1984 1431 2012 sui
1450 1993 1506 2022 pro
1528 1990 1672 2023 tempore
1690 1987 1879 2022 existentes,
1901 1994 1990 2018 tanto
2006 1991 2222 2027 possederunt

1217 2040 1372 2073 tempore.
1393 2037 1480 2075 quod
1504 2046 1541 2067 ea
1567 2038 1714 2076 legitime
1743 2041 2019 2079 prescripserunt.
2040 2044 2225 2073 Premissas

1216 2098 1346 2127 quoque
1363 2091 1548 2120 sententias
1569 2091 1651 2120 dixit
1674 2092 1762 2122 idem
1787 2093 2041 2124 archidiaconus
2069 2105 2134 2125 non
2157 2106 2226 2126 ser-

1217 2142 1350 2172 vandas.
1371 2143 1428 2172 sed
1445 2143 1692 2174 denuntiandas
1711 2146 1819 2183 potius
1841 2147 1950 2177 nullas
1967 2157 2047 2178 esse.
2068 2154 2223 2188 tanquam

1216 2205 1232 2223 a
1252 2204 1316 2224 non
1330 2205 1389 2224 suo
1402 2196 1514 2234 judice
1531 2197 1755 2235 promulgatas
1777 2204 1807 2228 et
1828 2205 1899 2237 post
1918 2201 2172 2239 appellationem
2188 2212 2224 2233 ex

1215 2248 1325 2277 causis
1341 2248 1570 2286 probabilibus
1587 2250 1627 2279 ad
1640 2251 1756 2281 Sedem
1770 2253 1992 2290 Apostolicam
2004 2254 2222 2293 interjectam.

1217 2310 1275 2330 nec
1299 2301 1417 2331 debere
1441 2303 1605 2332 infirmari
1629 2313 1820 2341 processum
1846 2306 2007 2336 dictorum
2029 2307 2224 2338 Cabilonen-

1215 2355 1314 2384 sium.
1333 2355 1390 2384 sed
1410 2356 1518 2393 potius
1532 2357 1733 2386 confirmari.
1747 2359 1882 2388 Verum.
1901 2368 1973 2388 cum
1992 2360 2098 2389 dictus
2114 2361 2223 2390 archi-

1216 2408 1375 2437 diaconus
1398 2410 1647 2439 concessionem
1673 2411 1778 2448 ipsam
1804 2411 2095 2449 impresentiarum
2123 2413 2221 2443 nollet

1216 2461 1390 2499 injudicio
1407 2461 1572 2497 exhibere,
1593 2467 1638 2492 tu.
1655 2473 1712 2501 pro
1726 2464 1964 2494 acceleratione
1982 2466 2116 2503 negotii.
2137 2472 2225 2496 teno-

1217 2522 1285 2543 rem
1307 2514 1413 2551 ipsius
1437 2514 1592 2545 exhihere
1614 2516 1647 2544 in
1670 2516 1796 2554 judicio
1821 2518 1991 2547 curavisti.
2016 2519 2166 2556 quamvis
2189 2520 2223 2548 in

1216 2576 1251 2595 ea
1281 2567 1517 2596 canonicorum
1548 2569 1660 2598 Sancti
1688 2569 1853 2599 ‚Iohannis
1885 2579 2057 2600 assensum
2087 2580 2224 2609 negares

1217 2620 1348 2656 penitus
1376 2621 1524 2650 atl‘uisse.
1558 2621 1594 2650 Et
1624 2630 1697 2650 cum
1724 2622 1811 2651 idem
1839 2622 2092 2653 archidiaconus
2121 2624 2226 2662 ipsam

1217 2678 1466 2709 recognosceret
1486 2682 1558 2702 esse
1577 2682 1698 2703 veram.
1717 2683 1753 2703 ex
1776 2680 1866 2712 parte
1890 2680 1943 2704 tua
1961 2681 2073 2706 contra
2093 2686 2227 2707 conces-

1217 2725 1344 2754 sionem
1364 2725 1501 2755 eandem
1527 2726 1630 2755 multa
1654 2727 1789 2756 suerunt
1813 2728 1950 2766 objecta.
1975 2738 2031 2767 per
2055 2739 2117 2768 que
2142 2731 2227 2760 nite-

1217 2777 1308 2807 baris
1325 2778 1498 2808 ostendere
1517 2779 1610 2808 illam
1629 2779 1754 2809 nullius
1772 2781 1840 2810 fore
1858 2782 2016 2811 momenti
2029 2787 2082 2811 aut
2101 2783 2226 2812 nullam

1251 2904 1271 2926 l.
1291 2906 1362 2927 Μ5.;
1399 2911 1438 2927 er.

1249 2947 1273 2972 2.
1293 2912 1404 2977 EugeriJe
1423 2948 1458 2971 111
1476 2953 1499 2971 et
1518 2950 1725 2979 probabtement
1742 2950 1862 2974 Celestin
1880 2950 1928 2974 Ill.
