2553 3526
282 339 336 368 591
1011 327 1249 359 REGIsTREs
1271 325 1327 355 DE
1350 316 1572 355 GREoomE
1595 325 1652 355 1x.
2327 326 2383 356 592

282 404 451 442 spectione
470 400 643 440 prudentie
660 408 695 429 ac
712 399 833 428 virtute
853 396 1038 427 constantie
1055 405 1117 424 11011
1137 399 1201 423 tam
1221 401 1290 431 pro-

283 456 451 486 babilibus
477 453 682 489 argumentis
699 461 797 490 quam
823 450 902 479 visis
920 448 1155 486 expetimcntis
1172 446 1287 482 edocti,

286 509 536 548 F[rederic1uu].
558 507 679 535 dictum
699 505 943 541 imperatorem.
963 506 990 530 et
1012 501 1094 530 alios
1108 500 1201 538 juxta
1222 500 1290 528 sor-

286 572 373 592 mam
393 562 451 590 tihi
471 560 623 589 traditam
643 555 846 586 absolvendi.
865 554 1059 583 discretioni
1077 558 1130 581 tue
1147 551 1292 581 auctori-

283 621 348 645 tate
371 613 574 652 presentium]
600 609 811 639 concedimus
832 607 1032 636 facultatem.
1052 607 1125 635 Dat.
1150 604 1291 634 Perusii.

284 670 350 698 IIII
372 667 446 696 idus
465 663 664 694 novembris.
686 674 698 687 »

354 856 474 884 6149
726 853 863 883 Pe'rouse,
880 851 911 877 11
930 849 1089 876 novembre
1103 846 1222 883 [1229]·.

320 919 517 951 Fridericum,
535 917 648 943 dictum
666 916 887 950 imperatorem,
904 912 1041 946 benignis
1057 911 1156 938 verbis
1172 910 1207 937 ad
1225 918 1295 937 con-

284 969 414 996 cordiam
445 966 612 994 taciendam
638 965 763 996 invitam
795 963 898 990 cedula
923 961 1032 989 litteris
1056 961 1198 994 adjuncta
1227 967 1294 985 eum

285 1019 420 1044 hortatur
435 1018 467 1042 ut
484 1014 617 1041 consiliis
639 1016 666 1040 et
687 1012 809 1039 monitis
829 1011 971 1043 Thomae,
995 1009 1077 1036 tituli
1096 1009 1223 1035 Sanctae
1240 1007 1295 1034 Sa-

283 1067 371 1093 binae
397 1063 561 1099 presbyteri
590 1061 766 1092 cardinalis,
791 1059 980 1094 Apostolicae
1006 1058 1091 1085 Sedis
1116 1056 1219 1091 legati⁷
1250 1064 1295 1083 ac-

285 1114 428 1149 quiescat.
443 1127 475 1130 —-
490 1112 576 1144 (Hi-zo.
593 1112 666 1138 PER.
685 1111 705 1136 t'.
721 1110 751 1136 11
766 1112 800 1141 r⁰‚
815 1117 844 1134 n.
859 1105 988 1143 49[-50].)

326 1228 338 1242 ιι
351 1209 881 1253 [F[1·edericm].diczoinquieraloriz]
899 1209 988 1238 Licet
999 1207 1159 1237 Ecclesia.
1173 1205 1296 1235 acerri-

283 1269 348 1298 mis
369 1271 541 1306 provocata
565 1270 696 1294 tuorum
721 1263 951 1292 ministrorum
975 1261 1121 1299 injuriis.
1141 1259 1296 1289 fidelibus

285 1326 315 1352 et
328 1318 596 1359 possessionibus
614 1316 765 1355 pluribus
778 1315 929 1353 spoliata,
943 1313 1039 1352 quasi
1050 1313 1083 1342 in
1099 1312 1225 1350 gremio
1237 1320 1296 1341 suo

284 1375 428 1404 christos
445 1371 579 1401 Domini
601 1374 631 1399 et
651 1369 734 1399 alios
751 1368 874 1397 divinis
896 1371 1105 1397 consecratos
1125 1365 1296 1403 obsequiis

283 1426 439 1457 mutilare
460 1433 495 1454 ac
514 1432 631 1453 necare
648 1430 784 1451 manum
801 1420 995 1457 sacrilegam
1016 1423 1045 1448 et
1062 1427 1224 1456 paganam
1243 1417 1296 1446 111-

285 1480 382 1510 solita
401 1476 595 1508 crudelitate
615 1475 819 1512 conspiceret
839 1483 844 1502 :
866 1473 906 1502 ad
922 1472 983 1502 hoc
1001 1477 1109 1501 tamen
1128 1470 1297 1508 piaculare

286 1533 449 1571 flagitium
474 1529 684 1568 expiandum.
703 1536 822 1557 manus
839 1526 1019 1564 apostolica
1043 1525 1204 1555 auxilium
1220 1523 1297 1553 bra-

284 1587 354 1616 chii
384 1584 544 1614 secularis
577 1582 695 1611 celitus
724 1580 788 1609 sibi
816 1580 943 1609 (latum.
976 1579 1062 1617 quod
1094 1577 1236 1607 habebat
1261 1577 1296 1605 in

286 1644 449 1679 promptu.
469 1636 628 1665 cohibuit.
648 1639 677 1663 et
695 1633 820 1663 tamdiu
837 1633 885 1662 uti
902 1632 1003 1668 licito.
1023 1641 1063 1661 ne
1082 1631 1200 1660 illicita
1213 1638 1297 1659 com-

284 1693 507 1723 mitterentur,
541 1688 687 1725 expavit.
725 1686 826 1715 donec
858 1685 1077 1715 ecclesiastici
1104 1683 1298 1722 patrimonii

284 1743 462 1783 improvidi
487 1750 679 1780 11›‹;·1·vasores
702 1739 767 1768 nisi
791 1743 868 1767 sunt·
891 1737 1066 1767 extendere
1084 1745 1202 1765 manus
1219 1745 1296 1765 suas

285 1807 391 1837 usque
409 1796 447 1826 ad
469 1794 686 1824 domicilium.
705 1793 738 1821 in
757 1800 820 1830 quo
837 1796 942 1820 mater
963 1800 1035 1819 cum
1056 1790 1146 1819 tiliis.
1166 1794 1297 1818 utcum-

290 1860 353 1890 que
366 1855 410 1879 tot
430 1849 564 1885 fatigata
582 1845 762 1875 doloribus.
777 1843 979 1883 quiescebat.
995 1843 1058 1873 scd
1074 1842 1231 1880 repressit
1244 1841 1297 1870 Al-

288 1905 437 1935 tissimus
457 1900 629 1931 temerarie
649 1906 767 1927 manus
790 1897 960 1926 audaciam
985 1900 1013 1925 et
1034 1895 1195 1924 malitiam
1219 1903 1297 1924 con-

284 1957 413 1998 pescuit.
439 1954 592 1984 dominus
616 1952 796 1985 ultionum,
822 1949 974 1988 quamvis
1000 1948 1073 1986 plus
1099 1948 1298 1986 processerit

286 2019 384 2050 quam
408 2007 566 2047 placuerit
584 2005 683 2035 zelus.
703 2004 759 2042 qui
778 2003 975 2041 quandoque
993 2001 1073 2031 solet
1092 2001 1224 2030 modum
1242 2010 1297 2030 ex-

286 2064 412 2094 cedere.
438 2061 640 2090 devotorum.
668 2058 802 2086 Verum.
826 2056 904 2094 quia
928 2060 1032 2083 mater
1054 2054 1206 2083 oblivisci
1232 2063 1297 2083 uon

285 2122 389 2156 potest
408 2115 468 2143 tilii
486 2122 582 2152 quem
601 2111 732 2140 lactavit
756 2109 915 2139 uberibus
937 2114 964 2137 et
986 2107 1146 2136 maternis
1164 2107 1297 2136 ancxie-

287 2170 411 2200 tatibus
430 2166 592 2199 educavit,
611 2173 685 2194 ecce
709 2162 872 2200 gremium
894 2161 962 2190 filio
981 2161 1109 2198 aperire
1131 2159 1297 2189 desiderat

286 2221 450 2255 redeunti.
469 2225 500 2250 et
512 2224 614 2257 pater,
631 2217 773 2247 offerens
783 2215 903 2245 cotidie
919 2214 1071 2244 victimas
1083 2213 1297 2242 lacrimarum

286 2277 355 2306 filio
372 2275 429 2314 qui
444 2274 474 2303 ei
490 2272 623 2302 deberet
640 2278 712 2300 esse
729 2268 902 2298 devotione
919 2266 1100 2304 singularis
1117 2270 1147 2295 et
1163 2265 1295 2299 unicus,

283 2331 352 2369 jam
369 2326 513 2358 occurrit
529 2323 684 2354 existenti
701 2323 735 2351 in
752 2320 949 2358 longissima
966 2319 1102 2356 regione
1116 2328 1172 2356 per
1186 2317 1297 2347 nobile
1315 2326 1318 2328 “

287 2382 473 2414 membrum
497 2373 626 2412 suum³;
647 2385 706 2406 nec
727 2374 893 2405 erubescit
918 2382 1055 2412 querere
1073 2372 1179 2401 filium
1199 2380 1297 2401 suum

288 2516 360 2541 ccesv
381 2514 448 2537 dans
470 2511 663 2541 l'imprcssion‚
686 2514 734 2538 par
758 2508 797 2530 les
820 2505 982 2529 rubricelles
1003 2504 1177 2534 marginales,
1194 2503 1240 2533 qui
1262 2509 1297 2525 ne

288 2561 436 2589 manquent
453 2563 506 2586 que
523 2561 593 2586 pour
607 2553 740 2583 quelques
757 2558 831 2574 rares
848 2550 1012 2573 documents
1027 2548 1060 2571 (le
1077 2551 1148 2571 cette
1160 2547 1241 2571 serie.

322 2605 340 2627 1.
357 2603 394 2626 La
408 2601 535 2632 presente
547 2599 626 2621 lettre
642 2597 711 2620 n'est
730 2603 778 2626 pas
792 2595 887 2621 datee;
908 2594 976 2616 mais
991 2593 1016 2616 la
1031 2593 1094 2615 date
1111 2592 1143 2615 de
1159 2592 1184 2614 la
1201 2591 1298 2614 cedule

288 2649 333 2678 qui
356 2646 411 2670 suit
433 2643 674 2668 immediatenient,
699 2640 756 2663 doit
778 2646 807 2662 se
828 2641 973 2668 rapporter
994 2637 1009 2660 a
1030 2637 1055 2660 la
1074 2637 1126 2660 sois
1143 2635 1158 2658 a
1178 2635 1202 2658 la
1217 2635 1298 2658 lettre

290 2693 465 2722 proprement
479 2689 534 2711 dite
551 2691 576 2710 et
591 2686 604 2708 a
620 2687 644 2708 la
661 2685 767 2708 cedule.

319 2737 332 2749 ἢ
366 2736 444 2759 Cette
467 2733 576 2756 adresse
598 2734 638 2754 est
660 2728 767 2752 donnee
791 2728 858 2751 dans
882 2728 907 2750 la
925 2726 1087 2754 rubrieette3
1108 2724 1243 2755 l'original
1264 2730 1298 2746 ne

290 2781 381 2804 dex-ait
396 2783 490 2808 porter
504 2777 530 2799 ni
544 2777 644 2798 litatus
658 2774 786 2796 nominis
799 2773 826 2795 ni
842 2773 958 2795 verbum
973 2771 1173 2796 salutationis;
1188 2769 1212 2791 le
1228 2774 1298 2798 pape

289 2824 427 2848 lui-meme
444 2821 595 2850 s'explique
607 2825 653 2841 sur
670 2820 740 2841 cetto
756 2815 944 2846 particularite
960 2822 994 2838 au
1011 2814 1095 2837 debut
1112 2813 1145 2836 de
1161 2813 1186 2836 la
1202 2812 1298 2835 cedule

291 2869 336 2899 qui
356 2868 420 2890 suit.
433 2878 464 2882 —
479 2864 519 2888 Cf.
537 2869 636 2887 encore
656 2863 739 2890 infra,
757 2864 785 2884 11υ
802 2860 871 2883 6162.

320 2912 342 2935 3.
363 2912 413 2934 Par
435 2916 465 2933 ce
489 2909 581 2931 nobile
604 2907 775 2932 membrum,
796 2905 814 2927 il
834 2904 892 2927 faut
913 2902 1096 2927 evidemment
1119 2900 1251 2924 enteudre
1273 2900 1298 2923 10

291 2958 363 2986 legat
379 2955 495 2978 Thomas
512 2953 544 2976 de
561 2952 682 2981 Capoue.
695 2948 881 2973 nommement
893 2947 1006 2978 designe
1023 2946 1092 2969 dans
1107 2947 1131 2969 la
1143 2945 1239 2968 cedule
1251 2945 1296 2975 qui

286 3002 353 3026 suit.

1374 395 1476 427 pater,
1505 395 1809 429 quantumcumque
1834 391 1981 420 mordeat
2005 399 2079 420 eum
2105 391 2266 427 mundus;
2298 397 2328 422 et
2354 392 2395 422 si·

1375 444 1456 473 forte
1483 453 1547 473 non
1573 444 1677 473 credit
1698 443 1788 473 filius
1813 443 1950 473 monitis
1980 443 2094 481 patris,
2126 444 2237 474 credat
2265 444 2384 475 saltem

1374 496 1473 525 amici
1493 496 1654 531 consiliis,
1676 506 1739 534 que
1763 496 1960 534 quandoque
1983 495 2079 525 utilia
2095 497 2270 534 reputavit.
2297 497 2384 528 Sane

1374 554 1501 587 strages
1519 558 1692 587 corporum
1708 553 1739 579 et
1756 549 1912 578 interitus
1933 549 2118 578 animarum
2141 549 2253 579 anima
2272 554 2387 580 nostra

1375 612 1504 640 semper
1520 602 1633 631 odivit.
1655 602 1718 632 Sed
1735 602 1763 631 si
1780 602 1818 631 de
1834 602 1902 631 hiis
1919 601 2021 636 doles,
2040 601 2220 639 plurimum
2237 607 2286 633 est
2303 611 2385 640 gau-

1375 656 1530 685 dendum.
1556 665 1629 685 cum
1652 655 1789 685 sedandi
1812 655 1940 684 dolores
1962 654 2154 693 hujusmodi
2176 654 2210 684 in
2231 659 2287 685 tua
2303 655 2386 685 reli-

1376 709 1485 746 querit
1501 708 1662 738 Dominus
1682 708 1862 737 voluntate.
1883 720 1895 732 n

1458 890 1577 918 6150
1819 886 1968 923 [Casula]

1419 964 1429 977 ιι
1450 952 1484 981 Si
1502 951 1618 981 titulus
1636 951 1781 980 nominis
1791 956 1970 981 consuetus
1981 956 2011 981 et
2023 951 2160 981 verbum
2172 951 2386 982 salutationis

1378 1005 1605 1043 supprimitur.
1639 1004 1741 1033 lector
1773 1005 1937 1041 presentis
1974 1005 2093 1042 pagine
2124 1014 2189 1034 11011
2221 1005 2387 1039 turbetur,

1377 1058 1453 1096 quia
1479 1057 1518 1086 ab
1542 1056 1608 1085 hiis
1631 1056 1746 1094 lingua
1769 1057 1925 1086 dictantis
1949 1057 2127 1095 apostolico
2154 1062 2276 1087 statuto
2298 1067 2389 1087 corn-

1378 1111 1523 1148 pescitur
1552 1115 1580 1139 et
1613 1110 1791 1140 scribentis
1824 1119 1942 1139 manus
1973 1110 2198 1148 prohibitione
2228 1111 2391 1140 canonica

1378 1163 1561 1193 cohibetur.
1580 1163 1792 1193 Confidenter
1810 1163 1922 1202 itaque
1939 1163 2116 1193 revertaris
2136 1164 2175 1193 ad
2194 1164 2388 1194 Dominum.

1379 1222 1407 1246 et
1428 1217 1538 1254 pravis
1562 1216 1834 1253 suggestionibus
1853 1225 1916 1245 non
1937 1216 2099 1250 credatur,
2119 1217 2208 1255 quia.
2232 1217 2260 1246 si
2284 1217 2391 1246 Altis-

1379 1270 1455 1298 simi
1472 1269 1611 1298 consilio
1634 1269 1792 1304 ereditur,
1814 1269 1901 1298 servi
1920 1278 2090 1298 servorum
2112 1270 2182 1308 ejus
2199 1270 2304 1307 gratia
2322 1279 2388 1299 non

1379 1327 1528 1359 negatur.
1547 1322 1713 1352 Ceterum.
1735 1330 1772 1351 ea
1797 1330 1860 1359 que
1884 1321 2024 1351 dilectus
2044 1321 2133 1350 filius
2157 1327 2268 1352 noster
2288 1322 2390 1361 Τ[110-

1379 1374 1473 1412 mast
1494 1374 1581 1404 tituli
1599 1375 1717 1403 Sancte
1739 1374 1861 1404 Sabine
1884 1374 2047 1412 presbiter
2070 1375 2259 1411 cardinalis,
2282 1376 2389 1413 Apos-

1380 1427 1475 1457 1011οο
1502 1427 1597 1457 Sedis
1621 1427 1768 1464 legatus,
1791 1436 1828 1457 ex
1856 1432 1948 1465 parte
1978 1432 2091 1456 nostra
2115 1427 2245 1457 duxerit
2270 1437 2387 1466 propo-

1380 1481 1498 1510 nenda.
1537 1480 1766 1510 indubitanter
1803 1480 1935 1510 credere
1969 1489 2033 1509 non
2071 1481 2215 1515 omittas,
2249 1486 2279 1510 et
2310 1481 2390 1520 quia

1379 1534 1536 1563 honorem
1574 1538 1665 1562 tuum
1695 1533 1824 1562 ardenti
1855 1534 2028 1563 affectione
2063 1534 2285 1572 prosequitur,
2317 1534 2390 1572 ejus

1380 1587 1530 1616 consiliis
1548 1592 1577 1616 et
1595 1586 1785 1616 salubribus
1809 1587 1944 1615 monitis
1964 1587 2163 1616 fiducialiter
2185 1588 2388 1626 acquiescas.

1380 1641 1452 1669 Dat.
1472 1640 1616 1675 Perusii,
1635 1640 1683 1669 111
1701 1639 1775 1668 idus
1794 1639 2013 1669 novemb1·is¹.
2034 1651 2046 1665 >³

1451 1818 1562 1846 6151

1416 1880 1532 1913 0110111,
1550 1880 1654 1908 Sancti
1670 1880 1786 1908 Nicolai
1803 1881 1833 1907 in
1856 1880 1979 1909 Carcere
1999 1881 2138 1909 Tulliano
2154 1882 2277 1909 diacono
2295 1883 2394 1910 cardi-

1380 1929 1453 1961 naH‚
1479 1929 1668 1963 Apostolicae
1695 1929 1780 1956 Sedis
1803 1930 1908 1963 legato,
1932 1930 2034 1957 scrffiit
2060 1939 2066 1957 :
2088 1938 2102 1956 «
2124 1931 2312 1958 Presentium
2335 1932 2392 1959 tibi

1381 1987 1394 2003 ))
1415 1979 1592 2005 auctoritate
1604 1979 1780 2005 mandamus
1801 1979 1941 2013 quatinus
1954 1979 1990 2005 ad
2003 1980 2177 2006 electionem
2192 1980 2323 2014 aliquam
2341 1989 2394 2015 pu-

1381 2035 1394 2052 »
1417 2027 1585 2053 blieandam
1610 2027 1760 2061 principes
1784 2036 1841 2053 non
1864 2027 1999 2060 inducas,
2021 2037 2074 2054 nec
2095 2031 2178 2055 tuum
2196 2029 2232 2055 ad
2249 2030 2303 2055 hoe
2321 2038 2393 2056 con-

1381 2084 1394 2101 »
1417 2084 1535 2102 sensum
1552 2076 1756 2102 accommodes
1772 2077 1820 2102 vel
1838 2076 1980 2106 favorem,
1998 2076 2090 2103 donee
2110 2077 2159 2110 qui
2183 2080 2211 2104 et
2232 2081 2301 2111 quot
2314 2081 2343 2105 et
2358 2078 2391 2105 in

1380 2132 1394 2149 ›)
1415 2133 1502 2158 quem
1519 2124 1710 2156 conveniant,
1726 2133 1777 2158 per
1792 2127 1857 2151 tuas
1872 2125 1955 2151 nobis
1972 2125 2087 2151 litteras
2104 2126 2222 2152 studeas
2238 2126 2393 2160 intimare,

1380 2181 1394 2198 »
1415 2177 1458 2205 ut,
1475 2181 1526 2207 per
1540 2176 1621 2200 tuam
1638 2173 1813 2200 relationem
1825 2173 1952 2206 inducti,
1967 2174 2045 2200 sicut
2055 2175 2194 2209 expedire
2209 2175 2393 2207 videbimus,

1380 2230 1393 2247 1)
1415 2222 1619 2256 procedamus.
1636 2230 1650 2248 »
1664 2237 1697 2240 —
1713 2222 1800 2253 (ΒΕΘ.
1823 2222 1898 2249 PER.
1914 2223 1934 2249 f.
1949 2223 1980 2249 11
1995 2226 2035 2256 ψ’,
2051 2226 2080 2249 n⁰
2095 2223 2152 2255 51.)

1883 1817 2019 1850 Perouse,
2033 1819 2067 1846 23
2083 1819 2199 1846 octobre
2215 1818 2318 1855 [1229]

1421 2335 1434 2350 ιι
1458 2323 1608 2362 [Ο[[10111],
1632 2323 1738 2352 Sancti
1758 2323 1878 2352 Nicolai
1899 2324 1934 2352 in
1960 2324 2084 2353 Carcere
2101 2325 2244 2354 Tulliano
2265 2325 2396 2355 diacono

1379 2377 1545 2411 cardinali,
1563 2377 1728 2413 Apostolice
1743 2376 1828 2405 Sedis
1845 2377 1966 2413 leyato]
1984 2377 2194 2406 Presentium
2211 2377 2271 2407 tibi
2285 2382 2395 2408 aucto·

1380 2429 1478 2458 ritate
1497 2446 1545 2459 —.
1563 2429 1636 2458 Dat.
1656 2428 1800 2463 Pei-osii.
1817 2429 1846 2458 X
1862 2428 2022 2459 kalendas
2041 2429 2243 2460 novembris.
2264 2443 2276 2457 n

1452 2606 1574 2635 (3152

1416 2669 1592 2696 Rectoribus
1609 2669 1768 2697 Societatis
1776 2670 1972 2697 Lombardiae
1985 2670 2129 2705 scriptum
2142 2670 2289 2704 quoddam
2300 2680 2317 2698 a
2329 2671 2397 2699 Fri-

1380 2718 1489 2751 derieo,
1503 2718 1582 2745 dicto
1598 2718 1788 2753 imperatore,
1802 2718 1838 2745 ad
1860 2719 2034 2746 mandatum
2056 2719 2208 2746 Ecclesiae
2225 2719 2320 2747 redire
2339 2728 2395 2754 pa-

1380 2769 1453 2800 rato,
1478 2767 1513 2794 de
1533 2770 1662 2794 tractatu
1682 2767 1764 2802 pacis
1788 2767 1918 2794 ineundo
1942 2767 2012 2795 Sedi
2036 2768 2225 2802 Apostolicae
2246 2768 2391 2802 oblatum,

1380 2816 1577 2849 transmittit,
1600 2819 1647 2849 ut,
1669 2816 1800 2851 ipsorum
1822 2816 1976 2844 intellecto
1997 2816 2131 2848 consilio,
2156 2817 2295 2851 procedat
2315 2817 2393 2844 sicut

1380 2865 1491 2892 viderit
1512 2865 1664 2900 expedire;
1686 2865 1751 2893 ideo
1774 2874 1821 2892 eos
1842 2867 1923 2900 rogat
1945 2868 1973 2892 et
1991 2868 2091 2893 monet
2111 2869 2265 2900 quatenus,
2290 2866 2393 2893 eodem

1846 2608 1984 2641 Perouse,
1998 2608 2030 2635 11
2045 2608 2205 2635 novembre
2218 2607 2320 2644 [1229].

1414 2986 1434 3009 1.
1451 2986 1493 3009 Cf.
1509 2986 1534 3008 la
1550 2988 1615 3009 note
1635 2985 1644 3009 1
1665 2985 1699 3009 de
1714 2985 1740 3009 la
1753 2985 1871 3010 eolonne
1888 2985 2064 3016 precedente.
