2553 3526
121 277 178 309 355
926 263 1235 310 QUATORZIEME
1258 266 1416 303 ANNEE.
2158 279 2216 309 5355

119 345 160 375 de
173 342 468 381 circumspectione
486 341 582 371 solita
598 349 790 370 curaremus
804 358 852 368 —.
870 341 943 369 Dat.
960 338 1127 373 Laterani,

121 399 154 429 ΙΙ
184 406 289 427 nonas
313 395 438 431 martii,
470 394 680 434 pontificatus
710 393 814 423 nostri
838 401 924 422 anno
952 392 1129 431 quartode-

117 459 218 481 qulo.
239 462 252 476 ›>

191 609 309 637 5388

157 670 324 699 Conventui
347 669 555 698 Cantuariensi
574 668 722 702 significat
741 676 771 694 se
792 668 869 693 velle
885 670 916 693 ut
933 674 1030 692 eorum
1050 666 1129 691 fama

119 721 238 747 nullum
256 719 446 753 dispendium
464 719 607 748 incurrat,
628 725 662 743 ex
679 725 711 743 eo
728 716 804 750 quod
823 719 881 742 tres
897 723 932 741 ex
949 714 990 741 eis
1005 714 1130 748 privile-

117 769 200 804 gium
216 769 293 796 beati
308 769 439 795 Thomae
454 767 606 801 martyris,
623 775 640 793 a
655 774 710 800 quo
723 765 856 799 sigillum
869 765 1005 791 avulsum
1022 764 1128 794 fuerat,

117 818 332 852 rescripseram:
351 820 379 843 et
402 816 565 850 exemplari
589 815 626 842 ab
648 815 720 849 ipsis
743 814 784 840 sic
805 814 937 840 confecto
953 812 1030 839 idem
1048 812 1129 845 sigil-

116 867 182 894 lum
199 868 406 901 apposuerant.
424 880 457 883 —
472 865 560 896 (Res.
576 864 620 896 20,
639 865 658 890 f.
676 863 710 890 40
723 866 768 895 νος
786 871 855 889 ann.
873 862 956 893 XIV,
968 869 993 888 c.
1010 861 1084 891 239.)

714 607 834 637 Latran,
851 605 867 631 5
884 613 962 631 mars
978 604 1056 630 1241.

162 979 175 994 a
200 967 369 998 Conventui
391 966 623 996 Cantauriensi.
649 965 747 994 Lecta
766 972 876 993 coram
899 962 994 992 nobis
1021 966 1131 992 vestra

118 1021 236 1060 petitio
252 1019 444 1050 continebat
460 1019 558 1058 quod,
576 1027 649 1048 cum
673 1018 756 1047 hone
774 1016 932 1047 memorie
950 1015 1130 1053 E[admun-

115 1074 206 1112 dusJ,
224 1072 478 1104 Cantuariensis
494 1071 776 1109 archiepiscopus,
795 1079 851 1099 vos
874 1070 907 1098 in
930 1068 1128 1108 quibusdam

119 1126 305 1166 privilegiis
322 1126 375 1164 pie
394 1124 634 1155 recordationis
651 1122 854 1161 Alex[andri]
875 1131 955 1160 pape
975 1122 1036 1156 ΙΙΙ,
1056 1129 1130 1159 pre-

116 1180 305 1211 decessoris
330 1179 451 1213 nostri,
476 1182 507 1208 et
529 1178 617 1208 beati
643 1177 766 1207 'rhome
795 1176 942 1206 martiris
967 1179 1131 1205 assereret

117 1232 277 1263 falsitatis
301 1232 419 1262 vitium
441 1231 659 1265 commisisse,
687 1239 723 1260 ac
746 1229 887 1260 dilectus
906 1228 995 1258 filius
1019 1232 1130 1258 noster

119 1285 231 1326 O[tto]‚
260 1285 373 1316 Sancti
403 1284 534 1315 Nicolai
565 1284 598 1313 in
623 1284 762 1314 Carcere
787 1282 941 1313 Tulliano
971 1282 1130 1311 diaconus

115 1338 312 1373 cardinalis,
330 1333 518 1376 Apostolice
535 1337 630 1367 Sedis
647 1336 787 1374 legatus,
799 1335 891 1365 vobis
903 1334 1131 1373 sollempniter

115 1391 320 1427 convocatis,
347 1399 446 1429 super
469 1390 530 1420 hoc
553 1399 571 1420 a
593 1389 736 1427 singulis
758 1393 905 1419 vestrum
929 1388 1064 1419 fecisset
1082 1388 1131 1417 in—

115 1445 210 1485 quiri
227 1444 289 1475 sub
301 1444 491 1483 juramento
507 1443 644 1482 prestito
663 1442 836 1472 veritatem
855 1452 861 1470 ε
881 1446 946 1471 tres
962 1441 1129 1470 dumtaxat

116 1508 158 1529 ex
175 1497 268 1528 vobis
283 1496 466 1535 culpabiles
487 1496 619 1535 reperit,
640 1496 697 1534 qui
720 1495 931 1534 privilegium
948 1494 1027 1524 dicti
1043 1503 1131 1523 mar-

117 1551 207 1587 tiris,
224 1560 243 1581 a
259 1559 323 1590 quo
342 1549 490 1588 sigillum
507 1549 659 1579 avulsum
674 1549 793 1582 fuerat,
812 1548 847 1577 in
865 1547 985 1586 spiritu
1002 1547 1131 1586 simpli-

115 1604 231 1635 citatis
247 1612 384 1634 erronee
400 1602 584 1633 rescribere
601 1611 637 1632 ac
651 1602 737 1632 idem
754 1600 902 1639 sigillum
922 1600 952 1630 ei
968 1609 1131 1639 apponere

119 1661 406 1697 presumpserunt.
423 1657 558 1690 Verum,
579 1664 652 1685 cum
670 1655 733 1693 ipsi
749 1659 880 1693 propter
896 1653 967 1690 hoc,
987 1658 1023 1683 ut
1040 1662 1130 1683 asse-

118 1711 206 1747 ritis,
227 1710 426 1748 condignam
447 1709 553 1739 acturi
578 1708 808 1747 penitentiam,
832 1707 899 1737 sint
916 1707 956 1736 ad
972 1706 1038 1736 alia
1060 1706 1130 1736 loca

119 1763 286 1798 translati,
303 1767 334 1793 et
351 1771 407 1793 vos
427 1762 462 1792 in
485 1762 547 1792 hac
566 1765 656 1800 parte
680 1761 801 1800 reperti
820 1760 952 1790 fueritis
970 1760 1130 1790 innocen-

116 1821 180 1852 tes,
209 1825 278 1852 nos,
310 1815 430 1846 vestris
455 1814 755 1854 supplicationibus
784 1813 949 1848 inclinati,
978 1813 1130 1843 volumus

117 1875 167 1906 ut,
188 1879 274 1904 cum,
290 1878 347 1908 pro
361 1868 549 1899 reverentia
561 1868 639 1897 dicti
656 1867 816 1902 martiris,
830 1866 955 1897 honore
971 1866 1062 1904 digni
1075 1866 1130 1905 ju-

115 1923 206 1961 giter
218 1921 380 1955 existatis,
396 1920 523 1951 nullum
541 1920 658 1951 exinde
673 1921 823 1950 incurrat
836 1920 925 1949 fama
941 1923 1050 1950 vestra
1066 1919 1130 1948 dis-

124 1976 283 2015 pendium
305 1975 356 2005 vel
378 1974 571 2005 innocentia
597 1974 845 2004 detrimentum.
868 1974 941 2003 Dat.
960 1972 1127 2008 Laterani,

119 2030 171 2060 111
188 2038 292 2060 nonas
306 2029 428 2065 martii,
447 2037 534 2058 anno
551 2027 810 2067 quartodecimo.
827 2039 839 2053 υ

193 2188 313 2217 5³89
716 2187 837 2217 Lati-an,
853 2186 869 2213 9
886 2194 963 2213 mars
978 2186 1059 2213 1241.

158 2251 389 2285 Archiepiscopo
405 2249 563 2284 Sipontino
579 2251 607 2276 et
622 2248 723 2276 abbati
741 2249 776 2276 de
800 2249 930 2283 Ripalta,
955 2249 1131 2277 Cistercien-

118 2300 164 2327 sis
180 2299 304 2330 ordinis,
321 2298 518 2327 Civitatensis
537 2298 689 2329 dioecesis,
708 2298 830 2324 mandat
852 2300 997 2332 quatenus
1014 2306 1132 2324 monas-

121 2348 231 2376 tet-ium
250 2347 377 2375 Sanctae
395 2347 510 2374 Mariae
525 2346 561 2373 de
579 2346 705 2378 Gualdo,
722 2347 835 2373 ordinis
848 2346 944 2373 saneti
963 2346 1131 2379 Benedicti,

120 2397 353 2424 Beneventanae
372 2394 525 2427 dioecesis,
556 2394 592 2421 ad
619 2395 703 2428 cujus
729 2395 815 2427 bona,
838 2395 915 2421 sicut
940 2403 975 2421 ex
1000 2395 1132 2429 ejusdem

123 2444 296 2472 monasterii
313 2443 419 2478 prioris
439 2446 468 2470 et
483 2445 646 2470 conventus
662 2443 865 2470 insinuatione
884 2443 946 2478 ipse
962 2451 1038 2478 papa
1053 2443 1134 2470 didi—

119 2496 214 2526 cerat,
238 2493 375 2520 nonnulli
394 2492 498 2519 avidas
520 2500 624 2519 manus
647 2492 858 2523 extendebant,
882 2500 939 2518 non
956 2493 1134 2526 permittant

118 2544 227 2569 contra
239 2540 398 2575 privilegia
411 2540 437 2567 ei
462 2549 478 2567 a
501 2540 577 2567 Sede
592 2540 763 2574 Apostolica
779 2539 897 2567 indulta
918 2540 1079 2567 molestari.
1101 2555 1134 2558 —

119 2589 267 2623 (RmAEO,
279 2590 299 2616 i.
309 2589 344 2616 40
353 2592 396 2621 v⁴’;
409 2597 479 2616 ann.
491 2589 575 2622 XlV,
591 2597 616 2615 c.
634 2588 709 2619 240.)

167 2703 180 2718 α
202 2714 222 2720 ..
239 2691 464 2729 archiepiscopo
485 2690 647 2729 sipontino
659 2694 685 2719 ec
703 2712 722 2718 ..
737 2691 837 2719 abbaci
849 2690 884 2719 de
902 2691 1051 2728 Ripalca1,
1069 2691 1135 2721 Cis-

121 2745 282 2774 terciensis
306 2744 436 2778 ordinis,
463 2744 659 2774 civitatensis
679 2743 814 2772 diocesis.
839 2743 976 2782 Propter
997 2743 1137 2773 humani

121 2797 259 2835 generis
276 2814 326 2826 —.
344 2797 418 2826 Dat.
435 2795 600 2832 Laterani,
620 2797 684 2826 VII
702 2796 777 2826 idus
794 2796 917 2831 martii,
938 2805 1025 2826 anno
1042 2805 1138 2835 quar-

125 2849 301 2880 todecimo.
322 2861 335 2876 »

161 2956 182 2980 l.
197 2958 247 2980 Ms.
264 2965 271 2980 :
288 2956 404 2987 Ripalia.

1280 340 1399 368 539⁰

1246 403 1464 429 Archidiacono
1481 404 1707 438 Salopesbyriae
1723 407 1768 436 (Ξ
1785 405 1896 439 Salop),
1914 406 2123 433 Coventrensis
2139 408 2215 435 ‹liue-

1211 451 1296 483 cesis,
1313 467 1345 470 --
1364 453 1413 486 qui
1429 461 1494 479 cum
1510 454 1752 481 archidiaconatu
1770 455 2006 488 Salopesbyriae,
2022 457 2105 489 cujus
2122 458 2216 484 reddi-

1211 502 1258 526 tus
1274 501 1428 527 annuatim
1444 502 1544 528 ‹jlecem
1561 511 1673 529 marcas
1690 511 1746 529 non
1763 503 1955 535 excedebant,
1974 505 2168 538 praebendam
2186 506 2215 532 in

1211 550 1325 582 capella
1348 550 1423 583 regis
1448 550 1483 576 de
1510 551 1618 583 Brung.
1645 554 1687 581 (-=
1709 552 1902 585 Bridgnorth)
1924 561 1959 579 ex
1981 554 2141 587 apostolica
2160 554 2216 580 dis-

1212 598 1384 631 pensatione
1400 599 1556 629 retinebat,
1574 603 1601 626 et
1619 609 1704 633 quem
1722 600 1871 634 oportebat
1887 602 1916 627 in
1934 602 2066 635 partibus
2083 603 2143 629 illis
2161 604 2218 629 tre-

1211 652 1334 680 quenter
1348 647 1544 681 hospitalitati
1562 657 1676 678 vacare,
1694 650 1871 683 —indulget
1888 651 2068 684 supplicanti
2082 655 2111 677 ut
2124 652 2218 678 ecc-le—

1211 695 1284 721 siam
1300 695 1334 721 de
1348 696 1514 723 Stotesdon.
1525 699 1570 727 (=
1582 698 1774 729 Stottesden),
1788 697 2048 734 Herefsmdffijensis
2064 700 2216 731 dioecesis,

1211 752 1310 777 quam,
1326 744 1400 771 sicut
1426 745 1487 779 ipse
1505 746 1731 773 archidiaconus
1751 747 1878 775 dicebat.
1900 747 2028 774 oblatam
2048 749 2104 775 sibi
2126 757 2218 783 nuper

1211 793 1362 824 canonice,
1373 794 1424 819 illo
1437 798 1535 820 tenore
1549 799 1705 829 receperat,
1720 796 1742 821 si
1760 799 1853 829 posset
1866 805 1952 830 super
1961 798 2013 823 hm?
2025 798 2215 831 apostolicam

1211 841 1335 874 gratiam
1361 838 1508 875 obtinere,
1535 844 1632 870 valeat
1658 852 1723 870 cum
1747 845 1906 878 praedictis
1924 846 2166 872 arehivliawnatu
2189 850 2217 873 et

1212 890 1377 923 praebenda
1395 891 1538 923 retinere;
1566 893 1606 918 ita
1632 895 1731 919 tamen
1753 894 1828 927 quod
1846 894 1875 920 in
1895 894 2136 921 archidiaconatu
2155 895 2217 928 ipso

1212 939 1405 972 personaliter
1425 940 1583 968 deserviat.
1601 944 1627 967 et
1651 941 1680 967 in
1706 942 1846 975 praefatis
1867 943 1989 969 ecclesia
2007 948 2033 970 ot
2052 943 2216 977 praebenda

1212 988 1301 1014 faeiat
1318 996 1367 1021 per
1387 988 1505 1015 idoneos
1524 989 1650 1016 vicarios
1671 990 1824 1017 deserviri.
1847 1006 1879 1009 —
1900 992 1985 1021 (Res.
2008 992 2051 1024 20,
2075 993 2094 1018 f.
2116 992 2149 1018 40
2170 996 2215 1023 W:

1211 1044 1280 1062 ann.
1298 1036 1380 1069 XIV,
1398 1045 1422 1063 c.
1437 1037 1511 1067 241.)

1790 343 1909 371 Lati-an.
1926 344 1959 369 1‘r
1974 354 2049 371 mars
2066 346 2143 372 1241.

1253 1149 1266 1163 «
1295 1159 1315 1167 ..
1339 1138 1557 1167 archidiacono
1579 1139 1822 1178 Salopesbyrffid,
1847 1140 2056 1170 Conona-ensis
2081 1142 2216 1171 diocesis.

1214 1188 1291 1219 Illos
1318 1189 1511 1228 Apostolica‘
1538 1191 1638 1221 Sedes
1669 1209 1717 1220 —.
1752 1192 1825 1221 Dat.
1857 1193 2028 1228 Laterani,
2068 1194 2219 1225 kalendis

1213 1243 1336 1274 martii,
1354 1252 1441 1273 anno
1458 1244 1716 1282 quartodecimo.
1736 1257 1748 1271 n

1285 1429 1397 1457 5⁸01

1250 1492 1297 1523 R.‚
1310 1492 1415 1518 rectori
1433 1493 1574 1520 ecclesiae
1589 1493 1624 1520 de
1639 1494 1794 1528 Balagerio
1805 1496 1851 1526 (z
1864 1496 2031 1530 Balaguer),
2044 1497 2224 1531 Urgellensis

1213 1540 1365 1572 dioecesis,
1384 1556 1410 1559 -
1427 1541 1475 1575 qui
1497 1543 1581 1575 longo
1598 1545 1729 1577 tempore
1745 1544 1843 1570 studio
1859 1545 2025 1572 litterarum
2042 1554 2158 1580 operam
2177 1547 2225 1574 de-

1213 1590 1295 1616 derat
1311 1593 1339 1616 et
1355 1590 1452 1617 studio
1468 1592 1603 1618 canonici
1618 1595 1646 1619 et
1663 1593 1763 1619 civilis
1775 1594 1849 1626 juris
1861 1594 2029 1626 insistebat,
2045 1596 2222 1631 —indulget

1213 1641 1245 1665 ut
1265 1638 1388 1665 eandem
1412 1639 1567 1666 eeclesiam
1588 1640 1623 1667 de
1648 1641 1802 1675 Balagerio
1821 1650 1887 1669 cuin
1910 1643 2035 1677 quadam
2055 1645 2179 1671 canonia
2195 1648 2223 1672 et

1212 1687 1455 1714 archidiaconatu
1479 1688 1515 1714 de
1536 1689 1671 1716 Aristoth
1696 1690 1725 1716 in
1744 1691 1869 1718 ecclesia
1894 1692 2072 1725 Urgellensi,
2096 1702 2218 1728 quorum

1212 1739 1372 1770 proventus
1385 1737 1493 1770 viginti
1519 1746 1631 1764 marcas
1659 1739 1772 1773 argenti
1796 1748 1853 1766 non
1877 1741 2068 1773 excedebant,
2094 1743 2220 1770 retinere

1212 1785 1313 1820 possit.
1330 1801 1365 1804 —-
1384 1786 1471 1818 (Rso.
1495 1786 1538 1818 20,
1564 1788 1583 1813 f.
1608 1787 1642 1814 40
1664 1791 1709 1818 v⁹;
1727 1796 1796 1814 ann.
1820 1788 1903 1821 xiv,
1921 1798 1945 1816 e.
1967 1790 2041 1821 242.)

1796 1433 1915 1465 Latran,
1934 1434 1965 1460 12
1980 1442 2057 1461 mars
2073 1435 2151 1462 1241.

1253 1898 1266 1913 α
1292 1887 1337 1922 R.,
1360 1888 1470 1916 rectori
1489 1889 1605 1917 ecclesie
1627 1889 1661 1917 de
1685 1890 1851 1927 Balayerio,
1881 1892 2061 1928 L'ryellensis
2082 1893 2217 1922 diocesis.

1213 1940 1250 1969 In
1278 1944 1391 1969 nostra
1421 1941 1590 1978 presentia
1620 1942 1821 1973 constitutus
1852 1948 1908 1973 tua
1936 1944 2032 1974 nobis
2062 1946 2220 1984 petitione

1213 1993 1405 2023 monstrasti
1425 1994 1520 2032 quod,
1542 1995 1737 2025 vacantibus
1754 1996 1895 2035 quadam
1913 1999 2052 2028 canonia
2069 2004 2100 2029 et
2117 2000 2221 2030 archi-

1212 2046 1388 2076 diaconatu
1409 2047 1447 2077 de
1470 2048 1620 2078 Aristoth
1641 2049 1675 2078 in
1701 2049 1842 2080 ecclesia
1859 2051 2065 2089 Urgellensi.
2084 2062 2222 2084 venera—

1213 2099 1290 2129 bilis
1306 2100 1409 2129 frater
1423 2105 1534 2130 noster
1551 2124 1572 2130 ..
1593 2101 1863 2141 archiepiscopus
1875 2104 2143 2136 Terraconensis.
2160 2107 2222 2137 loci

1213 2152 1499 2191 metropolitanus,
1519 2154 1558 2183 ad
1578 2163 1687 2193 quem,
1712 2164 1769 2193 per
1789 2155 1919 2194 lapsum
1944 2159 2112 2196 temporis.
2134 2160 2223 2198 ipso-

1214 2214 1286 2235 rum
1303 2210 1372 2236 erat
1389 2205 1522 2236 collatio
1539 2207 1704 2242 devoluta,
1723 2208 1782 2237 tibi
1800 2209 1892 2247 prius
1914 2211 2087 2240 canoniam
2104 2212 2221 2250 ipsam,

1214 2264 1246 2289 et
1269 2259 1475 2297 postmodum
1505 2261 1707 2291 venerabilis
1737 2262 1840 2292 frater
1865 2268 1978 2293 noster
2002 2287 2023 2293 ..
2051 2266 2223 2305 episcopus

1215 2313 1435 2351 Urgellensis,
1454 2315 1649 2344 auctoritate
1666 2315 1745 2345 dicti
1764 2315 2016 2356 archiepiscopi,
2040 2320 2223 2357 predictum

1215 2366 1520 2396 archidiaconatum
1543 2366 1727 2398 liberaliter
1747 2369 1974 2405 contulerunt;
1997 2380 2137 2410 quorum
2159 2373 2225 2402 col-

1215 2419 1374 2449 lationem
1393 2424 1447 2449 tua
1465 2420 1672 2458 providentia
1689 2421 1799 2451 taliter
1815 2424 2005 2461 acceptavit,
2027 2424 2178 2455 videlicet
2198 2427 2225 2455 si

1218 2478 1335 2503 tecum.
1352 2473 1438 2512 quod
1455 2473 1629 2503 ecclesiam
1643 2479 1731 2504 tuam
1748 2475 1786 2505 de
1804 2475 1977 2514 Balagerio
1997 2478 2138 2508 retinere
2152 2488 2225 2508 cum

1216 2525 1357 2555 canonia
1375 2530 1405 2555 et
1422 2525 1695 2556 archidiaconatu
1712 2536 1825 2565 posses
1843 2528 1979 2558 eisdem.
2001 2539 2141 2569 quorum
2157 2542 2227 2570 pro-

1218 2583 1336 2608 ventus
1354 2578 1472 2616 viginti
1492 2588 1677 2608 marcarum
1699 2581 1827 2617 argenti
1852 2581 2030 2612 valentiam
2050 2592 2113 2613 non
2134 2594 2227 2615 exce-

1218 2631 1309 2667 dunt,
1330 2631 1430 2661 Sedes
1448 2631 1636 2669 Apostolica
1650 2632 1868 2670 dispensaret.
1886 2635 2022 2667 Verum,
2040 2645 2114 2666 cum
2132 2637 2229 2676 longo

1219 2689 1365 2722 tempore
1384 2693 1517 2722 operam
1538 2684 1668 2714 dederis
1694 2685 1803 2716 studio
1826 2686 2029 2723 litterarum,
2056 2694 2102 2724 et,
2121 2691 2229 2721 studio

1221 2737 1371 2766 canonici
1389 2741 1419 2766 et
1436 2736 1546 2766 civilis
1559 2737 1645 2776 juris
1662 2738 1835 2773 insistens,
1854 2739 1887 2769 in
1907 2745 2046 2780 utroque
2063 2742 2145 2773 bene
2160 2753 2228 2782 pro-

1220 2789 1340 2819 fecisse
1367 2789 1498 2824 dicaris,
1528 2799 1598 2825 nos,
1625 2800 1682 2828 per
1709 2795 1737 2821 te
1765 2791 1848 2822 alios
1870 2793 1911 2822 ad
1935 2795 2044 2824 studia
2074 2795 2230 2826 bonitatis

1222 2842 1364 2872 invitare
1383 2841 1542 2877 volentes,
1561 2843 1728 2873 devotioni
1746 2849 1799 2874 tue
1823 2846 1909 2883 quod
1925 2847 2231 2878 archidiaconatum

1223 2900 1254 2925 et
1274 2896 1448 2925 canoniam
1465 2895 1638 2934 predictos,
1659 2906 1724 2927 non
1747 2897 1958 2929 obstantibus
1976 2901 2110 2930 concilii
2131 2911 2231 2939 gene-

1226 2948 1305 2978 ralis
1326 2953 1357 2978 et
1372 2948 1456 2978 hone
1477 2949 1635 2979 memorie
1655 2973 1674 2978 ..
1693 2950 1839 2989 episcopi
1863 2952 2069 2983 Sabinensis.
2098 2959 2173 2984 tunc
2196 2956 2233 2985 in
