2553 3526
299 291 353 320 1613
1028 288 1265 319 nEuts'rnEs
1288 287 1343 316 DE
1366 281 1588 318 GREGOIRE
1613 289 1671 317 tx.
2345 289 2398 318 164

295 358 518 387 innotesceret
542 357 703 386 indicium
727 357 887 385 caritatis.
915 357 1020 394 Super
1043 365 1080 385 eo
1107 364 1192 388 verov
1218 353 1305 392 quod

295 411 427 440 domum
446 415 587 439 vestram
604 414 712 439 nostre
730 410 819 438 uniri
838 409 1011 446 postulatis
1032 414 1062 437 et
1077 408 1199 446 petitis,
1216 411 1305 436 tanto

295 463 440 500 digniori
461 463 493 491 in
514 462 653 492 Domino
670 462 765 491 laude
786 461 1050 498 magnitudinem
1069 466 1209 490 vestram
1227 460 1306 489 effe-

296 517 412 546 rimus.
435 520 558 554 quanto
584 515 683 548 istud,
709 515 735 543 si
763 514 841 552 qnid
867 515 979 543 forsan
1006 514 1044 543 ad
1069 513 1304 551 perfectionem

295 569 413 598 salutis
430 573 536 598 vestre
554 568 713 596 hactenus
731 567 891 596 omissum
909 567 1027 596 extitit.
1042 566 1182 595 salutem
1200 565 1305 602 ipsam

296 627 326 651 et
346 626 492 651 nostrum
521 621 558 649 de
584 620 676 649 vobis
704 619 873 657 gaudium,
895 619 986 658 juxta
1007 627 1198 648 mensuram
1223 617 1305 647 bene

295 675 476 704 confertam
494 678 524 702 et
541 673 735 709 coagitatam
748 673 768 709 ¹,
790 672 908 701 fortius
926 671 1131 709 adimplebit.
1156 672 1232 701 Una
1258 675 1306 700 est

296 727 385 757 enim
408 725 555 755 Ecclesia
578 725 740 754 catholica
762 742 807 753 -.
834 726 942 761 Quare
963 728 1101 762 oportet,
1125 723 1185 753 tilii
1202 723 1306 753 karis-

296 780 384 809 simi.
403 784 437 808 ut
461 783 491 808 et
515 788 570 807 vos
595 783 625 807 et
651 778 751 807 ceteri
776 782 883 807 vestre
900 777 1129 817 jurisdictioni
1152 777 1304 816 subjecti,

296 834 483 862 Romanum
516 831 722 865 Pontificem,
762 830 850 860 beati
887 831 975 860 Petri
1013 839 1239 861 successorem
1276 835 1307 860 et

295 884 421 915 Christi
440 884 613 918 vicarium,
630 888 755 921 patrem
776 888 807 913 et
823 888 920 921 caput
940 883 1017 913 fidei
1033 886 1159 913 vestre2
1173 883 1306 913 humili-

296 942 344 967 ter
361 942 591 975 agnoscenteS,
613 942 644 967 et
663 937 812 967 dolentes
832 937 918 976 quod
939 936 972 966 id
993 937 1115 966 bonum
1138 937 1306 975 preteritis

296 991 499 1029 temporibus
520 1000 583 1020 non
604 991 740 1026 fecistis,
762 991 791 1020 ci
816 995 846 1020 et
867 990 1014 1020 Ecclesie
1037 991 1183 1020 Romane
1204 990 1305 1020 uniri,

296 1049 327 1074 et
343 1045 377 1073 in
396 1044 462 1073 hiis
481 1053 542 1082 que
567 1044 606 1073 ad
627 1045 767 1073 salutem
788 1044 975 1073 animarum
993 1048 1177 1073 vestrarum
1195 1044 1308 1082 [perti-

297 1097 400 1135 nent],
415 1106 511 1135 qnam
531 1102 561 1126 et
578 1097 681 1126 nichil
694 1097 784 1126 aliud
796 1097 1002 1134 postulamus
1020 1106 1035 1125 a
1054 1096 1157 1129 vobis,
1174 1095 1308 1126 obedire

297 1149 1307 1188 curetis—.Hincestqnodcelsitudinemvestrammonemus.

297 1212 450 1241 rogamus
468 1208 498 1232 ct
516 1203 687 1232 hortamur
704 1207 839 1237 attente,
854 1202 1066 1232 obsecrantes
1080 1212 1136 1240 per
1148 1202 1309 1240 aspersio-

298 1265 371 1285 nem
388 1256 563 1293 sanguinis
580 1255 685 1285 Jhesu
704 1255 842 1289 Christi.
861 1255 1039 1293 quatinus³
1055 1256 1239 1284 Romanam
1255 1255 1310 1284 Ec-

295 1308 431 1338 clesiam
455 1311 592 1336 matrem
615 1316 861 1344 recognoscere,
883 1311 913 1336 et
939 1307 1044 1344 ipsius
1065 1306 1212 1344 pontifici
1233 1306 1311 1335 obe-

296 1361 378 1393 dire,
388 1370 424 1390 ar.
435 1361 474 1390 ad
484 1360 671 1398 Apostolice
682 1360 776 1390 Sedis
789 1360 1012 1390 obedientiam
1024 1360 1174 1389 subditos
1185 1364 1310 1389 vestros

297 1414 474 1444 efficaciter
491 1413 647 1443 inducere
665 1413 838 1447 studeatis,
856 1414 903 1443 ita
920 1413 1006 1452 quod
1023 1422 1060 1442 ex
1077 1412 1136 1441 hoc
1152 1412 1244 1442 vobis
1262 1421 1312 1441 co-

299 1477 378 1497 rona
394 1467 603 1505 dupplicetur
619 1467 653 1495 in
673 1466 764 1499 celis,
788 1467 864 1496 dum
883 1466 993 1496 studio
1015 1470 1124 1495 vestro
1144 1465 1264 1496 Oriens
1282 1470 1313 1495 et

298 1521 460 1552 Occidens
490 1520 524 1549 in
553 1529 657 1550 unum
687 1529 805 1558 corpus
835 1519 1052 1550 convenerint
1087 1519 1312 1549 ecclesiastice

300 1574 438 1603 unitatis
453 1591 501 1602 —-.
515 1573 564 1603 Ad
580 1573 641 1603 hec
659 1573 796 1603 dilectos
813 1572 899 1602 tilios
916 1573 1036 1602 fratres
1054 1572 1310 1610 Huguicionem.

299 1627 469 1662 Jacobum,
498 1627 761 1661 Benevenutum.
787 1626 969 1661 Rubinum,
997 1627 1143 1655 Petrum.
1169 1626 1314 1654 Bernar-

300 1680 389 1714 dum,
408 1679 619 1709 Lambertum
643 1683 672 1708 et
695 1679 906 1712 Gnizardnm,
925 1678 1052 1708 ordinis
1071 1678 1211 1707 fratrum
1234 1678 1313 1707 Pre-

299 1734 494 1767 dicatorum,
517 1737 666 1770 potentes
692 1732 727 1761 in
752 1741 849 1770 opere
873 1741 910 1761 ac
934 1741 1097 1766 sermone,
1129 1731 1163 1760 in
1192 1731 1313 1769 quibus

300 1786 443 1815 viviticat
471 1786 536 1814 vita
564 1785 748 1814 doctrinam
775 1790 805 1815 et
833 1785 983 1814 doctrina
1010 1785 1111 1813 vitam
1143 1784 1312 1818 informat,

300 1840 377 1869 dum
395 1839 458 1869 hoc
478 1839 512 1868 in
534 1848 647 1868 eorum
669 1838 817 1868 moribus
838 1838 970 1876 legitur,
997 1838 1083 1877 quod
1103 1837 1314 1867 sermonibus

301 1892 494 1930 explicatur,
526 1891 566 1921 ad
596 1896 739 1921 vestram
768 1891 971 1929 presentiam
999 1891 1184 1925 venientes,
1214 1890 1315 1919 immo

300 1945 472 1975 Christum
492 1945 525 1974 in
542 1944 636 1982 ipsis,
652 1944 795 1982 benigne
815 1944 961 1982 recipere
984 1949 1015 1973 et
1036 1953 1148 1974 eorum
1167 1943 1315 1973 salubria

301 1998 427 2027 monita
441 1997 596 2027 exaudire
611 1997 746 2026 curetis.
762 1998 834 2026 Dat.
850 1997 1016 2029 Laterani,
1031 1997 1141 2026 idibus
1154 1995 1312 2035 januarii,

302 2060 388 2080 anno
406 2050 643 2080 tertiodecimo.
667 2062 679 2076 »

373 2217 494 2244 5023

338 2279 482 2313 Episcopo
509 2282 537 2305 et
566 2279 774 2305 archidiacono
803 2277 1064 2311 XVigorniensibus
1092 2281 1119 2303 et
1151 2277 1250 2303 abbati
1279 2277 1314 2303 de

840 2216 960 2245 Latran,
979 2215 1012 2241 17
1027 2215 1145 2248 janvier
1162 2215 1240 2241 1210.

303 2329 462 2360 Evesham,
481 2327 702 2361 &Vigorniensis
719 2327 871 2359 dioecesis,
889 2326 992 2353 scribit
1008 2326 1044 2352 de
1060 2326 1171 2352 decano
1187 2329 1215 2352 et
1232 2326 1315 2360 capi-

303 2378 364 2403 tulo
385 2376 656 2407 Lineolniensibus.
678 2376 739 2409 qui,
760 2378 914 2409 praetextu
940 2375 1123 2409 quarundam
1145 2375 1313 2401 litterarum

303 2426 557 2460 praedecessorum
577 2425 706 2459 episcopi
724 2424 944 2451 Lincolniensis
959 2427 1029 2451 tunc
1044 2424 1211 2455 existentis,
1228 2424 1315 2457 juris-

302 2476 462 2502 dictionem
495 2475 691 2508 episc0palem
721 2474 849 2507 graviter
881 2473 1020 2500 mutilare
1053 2473 1241 2504 nitebantur;
1273 2472 1315 2499 eis

305 2524 427 2550 mandat
447 2526 602 2557 quatenus,
618 2523 642 2549 si
657 2526 754 2557 partes
771 2522 930 2553 voluerint,
946 2530 993 2548 eas
1008 2522 1044 2548 ad
1061 2521 1249 2548 concordiam
1265 2529 1315 2555 per

303 2572 546 2605 compositionem
562 2571 725 2602 adducant3
743 2571 767 2597 si
782 2579 850 2597 vero
862 2570 952 2597 iidem
966 2570 1094 2596 decanus
1106 2573 1134 2596 et
1148 2569 1312 2603 capitulum

304 2627 477 2654 componere
489 2619 664 2651 recusarint,
677 2628 723 2645 eos
737 2621 876 2645 moneant
888 2622 919 2645 ut
933 2619 1028 2645 eidem
1042 2618 1178 2652 episcopo
1195 2617 1314 2644 Lincol-

305 2668 401 2694 niensi
418 2668 548 2694 debitam
566 2668 766 2694 obedientiam
784 2670 812 2694 et
829 2667 1026 2694 reverentiam
1049 2666 1210 2693 exhibeant
1231 2669 1259 2693 et
1280 2666 1315 2692 de

304 2717 418 2750 juribus
430 2716 646 2750 episcopalibus
659 2716 869 2750 respondeant:
886 2716 961 2749 quod
974 2715 997 2742 si
1010 2715 1140 2749 ipsorum
1156 2714 1314 2741 monitioni

306 2766 351 2792 illi
370 2774 425 2791 non
443 2765 658 2798 acquieverint,
671 2773 755 2791 causa
763 2773 787 2790 m
802 2765 925 2791 audiant
938 2767 975 2793 et,
989 2764 1012 2790 si
1025 2764 1060 2790 de
1070 2764 1198 2798 partium
1212 2764 1315 2790 volun—

339 2880 359 2902 1.
379 2878 420 2903 Gt.
438 2878 503 2902 Luc.
521 2878 568 2905 Vt,
583 2878 620 2901 33.

336 2924 359 2946 2.
380 2923 524 2946 RAYNALni
543 2930 548 2945 ε
567 2925 671 2945 nostre.

336 2968 357 2991 3.
377 2969 432 2994 Sic.
449 2973 481 2990 en
495 2969 585 2990 tontes
602 2966 712 2993 lettres;
730 2966 764 2989 es.
780 2973 876 2995 supra,
897 2973 923 2989 n.
940 2965 1011 2995 2294,
1026 2966 1085 2990 4222
1101 2969 1127 2989 et
1144 2966 1214 2990 4709.

1389 357 1449 381 tate
1462 355 1645 388 processerit,
1658 355 1835 386 terminent;
1851 355 1983 389 alioquin
1999 364 2061 382 eam
2075 355 2110 381 ad
2123 355 2317 389 apostolicum
2331 363 2398 381 exa-

1390 412 1455 429 men
1471 404 1650 430 sufficienter
1667 403 1843 430 instructam
1863 403 2029 435 remittant,
2043 406 2203 430 memorato
2219 403 2355 438 episcopo
2369 406 2398 430 et

1389 453 1530 486 praefatis
1552 452 1662 479 decano
1684 454 1712 478 et
1733 452 1863 486 capitulo
1887 452 2048 478 terminum
2069 452 2299 486 peremptorium
2323 452 2399 478 assi-

1389 502 1515 534 gnando,
1528 510 1584 536 quo
1599 501 1759 536 apostolico
1771 500 1941 535 conspectui
1953 509 1982 526 se
1997 503 2195 534 praesentent.
2209 516 2240 519 —
2252 501 2339 532 (Rae.
2355 501 2398 534 19,

1390 551 1409 576 t'.
1428 550 1477 576 143
1495 548 1568 584 [137]
1582 553 1625 580 v⁰2
1643 558 1712 576 ann.
1728 550 1810 576 XIII.
1828 558 1852 575 c.
1871 549 1944 578 199.)

1431 664 1443 677 (ι
1467 674 1486 680 ..
1506 652 1641 688 episcopo
1661 655 1686 679 et
1708 673 1727 678 ..
1750 650 1970 678 archidiacono
1991 650 2247 686 tt'iyorniensibus
2264 654 2290 678 et
2311 672 2331 678 ..
2348 650 2401 678 ab·

1388 705 1451 733 bati
1464 705 1497 733 de
1514 705 1672 737 Ecesham,
1689 704 1907 740 Wiqorniensis
1923 703 2058 731 diocesis.
2070 701 2281 732 Venerabilis
2299 702 2401 731 frater

1390 761 1502 787 noster
1524 780 1543 785 ..
1570 756 1816 786 Lincolniensis
1840 756 2014 794 episcopus
2038 764 2098 785 sua
2121 755 2217 785 nobis
2242 755 2400 793 petitione

1390 809 1587 839 monstravit
1608 809 1694 847 quod
1716 809 1851 847 quidam
1874 809 2124 846 predecessores
2145 808 2208 841 sui,
2233 831 2252 836 ..
2278 808 2401 838 decano

1390 867 1421 893 et
1437 862 1581 901 capitulo
1605 862 1897 892 Lincolniensibus
1918 862 2031 891 onmia
2050 862 2127 900 jura
2148 861 2348 900 episcopalia
2372 865 2402 891 et

1391 915 1579 944 exactiones
1600 914 1766 953 quaslibet
1784 918 1942 952 perpetuo
1962 914 2073 943 minus
2095 914 2229 952 provide
2246 923 2303 952 per
2325 923 2402 944 suas

1391 968 1598 998 remittentes
1624 967 1764 1003 litteras,
1793 967 2011 997 decreverunt
2038 971 2073 997 ut
2097 967 2324 997 archidiaconi
2352 967 2404 997 vel

1391 1030 1505 1051 eorum
1521 1020 1678 1050 officiales
1697 1020 1737 1049 ab
1754 1020 1848 1058 ipsis,
1866 1020 1994 1050 ratione
2008 1020 2250 1058 prebendarum
2268 1029 2404 1050 suarum

1392 1075 1443 1104 vel
1463 1074 1679 1104 ecclesiarum
1703 1073 1925 1112 spectantium
1945 1073 1986 1103 ad
2006 1073 2150 1109 easdem,
2170 1073 2274 1103 nichil
2295 1073 2406 1111 exige·

1393 1132 1477 1162 rent,
1496 1132 1551 1157 aut
1568 1128 1602 1156 in
1624 1135 1758 1157 causam
1781 1126 1950 1156 traherent
1967 1126 2120 1156 homines
2138 1126 2328 1162 eorundem,
2348 1126 2406 1156 sed

1393 1181 1427 1210 in
1451 1180 1628 1219 prebendis
1652 1180 1734 1214 suis,
1753 1179 2030 1218 quemadmodum
2054 1179 2327 1209 Saresberienses
2351 1188 2406 1209 ca-

1395 1234 1516 1269 nonici,
1536 1233 1574 1263 de
1592 1238 1700 1263 cetero
1724 1233 1875 1262 libertate
1899 1232 2090 1270 gauderent.
2110 1233 2257 1269 Quarum
2278 1232 2406 1262 littera-

1395 1296 1467 1316 rum
1490 1291 1651 1324 pretextu,
1671 1286 1941 1324 jurisdictionem
1964 1285 2184 1323 episcopalem
2208 1285 2287 1315 dicti
2310 1285 2407 1315 deca-

1396 1349 1457 1369 nus
1473 1344 1504 1369 et
1520 1339 1702 1377 capitulum
1726 1339 1871 1376 graviter
1893 1338 2097 1368 mutilantes.
2120 1338 2262 1368 eundem
2280 1338 2407 1376 episco-

1394 1403 1472 1431 pum
1509 1393 1674 1430 corrigere
1709 1392 1945 1422 canonicorum
1983 1401 2150 1427 excessus,
2188 1396 2229 1425 et,
2269 1396 2335 1421 tam
2371 1392 2406 1420 in

1396 1446 1624 1476 Lincolniensi
1657 1455 1756 1484 qnam
1786 1445 1844 1484 [in]
1879 1445 1955 1475 aliis
1985 1445 2137 1475 ecclesiis
2168 1449 2198 1474 et
2229 1444 2407 1483 prebendis

1396 1509 1521 1533 corum,
1543 1499 1730 1529 sacerdotes
1754 1498 1805 1528 vel
1823 1498 1965 1527 vicarios
1982 1498 2159 1528 instituere
2179 1507 2216 1528 ac
2235 1498 2407 1527 institutos

1395 1562 1454 1591 pro
1471 1552 1662 1583 excessibus
1681 1552 1752 1581 suis
1774 1551 1987 1589 suspendere,
2007 1556 2061 1580 ant
2080 1551 2257 1590 quicquam
2275 1551 2409 1581 ordina-

1396 1607 1444 1637 rie
1457 1605 1704 1645 jurisdictionis
1719 1614 1870 1635 exercere
1887 1604 2100 1643 aliquatenus
2117 1613 2182 1634 non
2200 1605 2406 1643 permittunt,

1397 1668 1435 1689 ea
1455 1668 1519 1698 que
1540 1663 1617 1688 sunt
1639 1658 1766 1688 ordinis
1786 1657 2014 1687 tantummodo
2037 1658 2248 1692 reservandO,
2273 1662 2303 1687 et
2323 1657 2410 1696 quod

1397 1722 1495 1743 cause
1518 1722 1575 1751 per
1597 1712 1852 1750 appellationem
1878 1711 2047 1740 dumtaxat
2070 1711 2191 1741 deferri
2215 1711 2346 1740 valeant
2369 1711 2409 1740 ad

1398 1766 1539 1796 eundem
1567 1783 1615 1794 —.
1644 1766 1718 1795 Dat.
1748 1765 1914 1799 Laterani,
1944 1765 2021 1794 XVI
2047 1763 2206 1793 kalendas
2233 1764 2406 1798 februarii,

1398 1827 1484 1848 anno
1503 1818 1741 1848 tertiodecimo.
1765 1830 1777 1843 »

1469 1978 1587 2006 5024

1434 2040 1549 2073 Ottoni,
1569 2040 1671 2067 Sancti
1688 2039 1805 2066 Nicolai
1824 2039 1853 2065 in
1876 2039 2000 2066 Carcerc
2016 2038 2156 2065 Tulliano
2171 2038 2295 2064 diacono
2311 2037 2408 2064 cardi-

1935 1977 2056 2008 Latran,
2073 1976 2108 2002 20
2123 1976 2240 2009 janvier
2256 1975 2335 2002 1240.

1398 2089 1471 2120 nali,
1494 2087 1680 2122 Apostolicae
1707 2087 1792 2113 Sedis
1816 2087 1921 2120 legato,
1948 2086 2069 2112 mandat
2090 2088 2246 2119 quatenus,
2274 2100 2304 2102 —
2329 2093 2407 2116 cum,

1397 2136 1594 2163 referentibus
1618 2136 1713 2170 priore
1734 2139 1761 2162 et
1782 2138 1930 2162 conventu
1951 2134 2225 2166 XVintoniensibus,
2247 2134 2310 2168 ipse
2333 2141 2409 2167 papa

1397 2185 1561 2212 audivisset
1578 2185 1606 2211 in
1621 2185 1760 2219 quosdam
1776 2184 1906 2217 ejusdem
1920 2186 2094 2213 conventus,
2108 2191 2121 2207 t(
2134 2183 2169 2210 ad
2182 2182 2406 2216 impediendum

1398 2234 1576 2261 »electionis
1588 2242 1754 2268 processum
1765 2241 1778 2257 1>
1789 2233 1819 2259 in
1831 2241 1929 2259 eorum
1941 2232 2224 2266 ecclesimquasdam
2236 2239 2408 2258 excommu-

1398 2283 1558 2310 nicationis
1574 2286 1602 2309 et
1622 2282 1825 2316 suspensionis
1837 2281 2025 2315 except-iones
2039 2281 2128 2307 fuisse
2139 2280 2175 2307 ab
2189 2289 2288 2307 eorum
2305 2280 2409 2306 adver-

1397 2332 1483 2359 sariis
1494 2332 1634 2365 objectas,
1644 2346 1675 2349 —-
1687 2330 2032 2357 excommunicationum
2044 2338 2094 2356 seu
2106 2329 2331 2364 suspensionum
2345 2337 2409 2355 sen-

1398 2381 1507 2408 tentias
1526 2381 1555 2407 in
1583 2390 1629 2407 eos
1654 2381 1854 2414 promulgatas
1877 2380 2000 2411 relaxet,
2027 2387 2040 2404 ((
2062 2381 2179 2412 recepta
2204 2378 2285 2412 prius
2307 2377 2343 2405 ab
2367 2377 2409 2404 eis

1399 2439 1412 2455 »
1434 2431 1540 2457 idonea
1556 2430 1692 2457 cautione
1707 2429 1793 2463 quod,
1809 2429 1833 2455 si
1849 2429 2017 2455 constiterit
2034 2436 2081 2454 eas
2103 2427 2322 2454 rationabiliter
2348 2434 2409 2453 esse

1400 2488 1412 2504 t)
1435 2481 1520 2511 latas,
1537 2487 1624 2513 super
1641 2478 1698 2505 biis
1716 2486 1766 2512 pro
1782 2477 1888 2511 quibus
1906 2478 1964 2503 late
1982 2478 2110 2509 suerunt,
2124 2475 2254 2502 Ecclesie
2270 2475 2409 2502 mandato

1400 2537 1412 2553 i)
1434 2528 1579 2563 parebunt
1598 2528 1770 2559 ».—(R13c‚.
1788 2526 1830 2559 19,
1848 2528 1868 2553 1'.
1886 2526 1937 2553 143
1951 2524 2024 2561 [137]
2042 2529 2087 2557 v‘';
2106 2534 2175 2552 aun.
2194 2526 2275 2556 XIII,
2293 2533 2317 2551 c.
2334 2524 2410 2555 200.)

1441 2642 1454 2655 «
1480 2628 1618 2667 0[ltoni],
1640 2629 1747 2657 Sancti
1773 2629 1892 2657 Nicolui
1917 2629 1948 2656 in
1973 2628 2095 2656 Carcere
2120 2627 2261 2655 Tulliano
2283 2627 2411 2655 diacono

1399 2683 1565 2716 cardinali,
1586 2682 1751 2718 Apostolice
1766 2681 1851 2710 Sedis
1868 2682 1974 2718 leyato.
1995 2680 2088 2715 Cum,
2109 2679 2194 2708 sicut
2215 2688 2252 2709 ex
2269 2696 2315 2707 —-.
2335 2679 2408 2708 Dat.

1400 2735 1566 2769 Laterani,
1581 2735 1663 2764 XIII
1677 2734 1836 2764 kalendas
1852 2733 2025 2767 februarii,
2040 2742 2126 2762 anno
2141 2732 2377 2762 tertiodecimo.
2396 2743 2409 2757 »

1471 2902 1588 2930 5025

1437 2965 1579 2992 Roderico
1605 2964 1826 2998 archiepiscopo
1852 2965 1880 2989 et
1906 2962 2036 2996 capitulo
2061 2960 2213 2988 Toletanis
2240 2960 2409 2995 petentibus

1999 2900 2119 2931 Latran,
2134 2899 2168 2925 ‘26
2183 2899 2241 2925 mai
2258 2898 2336 2925 1239.
