2553 3526
143 315 200 346 333
947 312 1256 354 QUATORZIEME
1278 315 1438 351 ANNEE.
2180 334 2236 364 334

147 395 160 409 n
186 382 400 412 Paternitatis
421 383 539 412 Vestre
562 382 727 412 Sanctitas
752 392 809 421 per
829 388 974 422 tempora
990 384 1149 421 longiora.

147 447 160 462 n
185 436 258 465 Dat.
276 443 363 465 anno
382 435 516 465 Domini
533 435 728 466 M⁰CC⁰XL⁰.
750 448 762 461 υ

215 614 335 642 5322

179 676 333 703 Fidelibus
356 677 417 703 suis
436 677 643 704 Anconitanae
664 678 814 704 marchiae
834 678 980 711 significat
1005 677 1150 713 S[inibal-

141 723 237 760 dum],
254 725 335 752 tituli
354 725 457 752 Sancti
474 726 629 752 Laurentii
646 726 675 752 in
698 726 812 753 Lucina
828 727 1030 760 presbyterum
1054 728 1150 754 cardi-

142 775 253 805 nalem,
277 782 370 808 nuper
385 774 421 801 ad
444 774 538 808 ipsius
558 782 650 808 papae
671 775 868 808 praesentiam
893 775 928 801 de
949 775 1084 802 Marciiia
1106 785 1150 802 re-

140 822 242 854 diisse,
266 824 294 849 et
323 822 401 856 apud
429 822 535 849 Sedem
561 823 763 857 Apostolicam
790 831 941 850 remanere
969 824 1046 857 cogn
1072 824 1150 850 unde

139 878 240 897 eorum
262 871 433 905 provinciae
455 871 624 905 episcopum
643 872 801 899 Aretinum
821 872 942 899 interim
960 873 990 899 in
1007 876 1147 899 rectorem

141 919 289 954 providit;
317 928 364 946 eos
386 923 466 954 rogat
487 923 631 954 quatenus
656 920 751 947 eidem
778 921 913 955 episcopo
933 921 1060 948 fideliter
1082 921 1150 948 obe-

138 969 235 996 diant.
253 983 285 987 —
301 969 388 1001 (Hm.
413 969 458 1000 20,
483 971 503 995 f.
529 969 561 996 33
587 972 624 1001 r⁰;
646 977 715 996 ann.
740 970 822 1002 XIV,
838 979 862 996 c.
881 970 945 1001 1812
963 985 994 988 —
1016 971 1148 998 MOREAL'

142 1017 221 1050 1193,
238 1018 257 1044 f.
275 1017 341 1050 1612
359 1033 392 1036 —
409 1019 593 1045 Ronsssssssno
609 1018 684 1049 794.)

649 615 768 645 Latran,
786 616 818 642 12
831 616 986 642 decembre
999 616 1078 642 1240.

181 1131 194 1146 α
210 1119 365 1149 Universis
382 1120 522 1156 fidelibus
537 1121 649 1149 nostris
663 1130 716 1158 per
732 1122 958 1149 Anconitanum
976 1122 1146 1150 marchiam

137 1173 324 1202 constitutis.
338 1172 570 1203 Sinceritatem
582 1173 767 1203 devotionis
784 1178 815 1203 et
830 1191 877 1202 —.
894 1175 967 1203 Dat.
981 1174 1147 1207 Laterani,

140 1224 172 1253 ΙΙ
187 1223 263 1253 idus
278 1224 472 1260 decembris,
496 1233 582 1254 anno
599 1225 856 1263 quartodecimo.
877 1237 889 1250 n

209 1403 327 1432 3523

173 1465 425 1500 Archiepiscopis,
447 1465 592 1499 episeopis
613 1468 641 1492 et
660 1465 729 1492 aliis
748 1466 889 1499 praelatis
911 1466 1087 1493 Sclavoniae
1108 1467 1148 1493 si-

137 1515 260 1549 gnificat
274 1514 443 1549 episcopum
453 1514 612 1541 Aretinum
627 1522 678 1548 pro
692 1514 843 1541 Ecclesiae
861 1515 1011 1542 Romanae
1023 1516 1148 1549 negotiis

139 1564 169 1590 in
183 1563 370 1590 Anconitana
385 1563 519 1590 marchia
534 1563 570 1589 de
582 1563 722 1590 mandato
735 1563 896 1597 apostolico
910 1572 1063 1590 remanere
1073 1565 1146 1598 cogi,

636 1404 757 1436 Latran,
779 1404 812 1430 12
827 1404 982 1431 decembre
998 1404 1076 1431 1240.

135 1613 237 1647 eisque
253 1612 377 1639 mandat
390 1614 535 1647 quatenus
551 1612 578 1639 ei
592 1612 622 1638 in
635 1613 892 1646 procurationibus
904 1621 1029 1646 congrue
1043 1613 1147 1639 subve-

137 1662 233 1689 niant.
250 1676 282 1680 —
305 1661 392 1694 (Rae.
413 1661 457 1693 20,
482 1662 502 1687 f.
527 1661 559 1687 33
582 1664 622 1693 r“;
643 1669 712 1687 ann.
730 1661 813 1693 XIV,
835 1670 860 1688 c.
883 1661 950 1693 182;
972 1677 1006 1679 —
1027 1662 1146 1688 Ronan-

135 1719 213 1738 BERG
226 1710 301 1742 795.)

177 1825 190 1839 α
207 1813 447 1850 Archiepiscopis
465 1817 490 1840 el
507 1813 651 1849 episeopis
667 1817 693 1840 et
710 1813 783 1840 aliis
801 1812 996 1841 ecclesiarum
1016 1813 1144 1849 prelatis

132 1874 187 1903 per
207 1865 402 1895 Sclavoniam
428 1865 612 1894 constitutis.
639 1864 721 1895 Cum
745 1864 946 1894 venerabilis
968 1865 1070 1894 frater
1093 1882 1140 1893 —.

133 1919 209 1948 Dat.
228 1922 390 1956 utsupra.
410 1929 424 1944 η

205 2099 325 2126 5324
637 2098 757 2125 Latran,
773 2097 805 2123 12
820 2097 974 2124 decembre
991 2098 1069 2124 1240.

170 2162 315 2197 Episcopo
332 2161 471 2188 Firmano
489 2160 593 2187 scribit
611 2168 616 2186 :
639 2168 652 2185 (ι
670 2160 863 2186 Fraternitati
886 2163 936 2187 tue
958 2160 1138 2194 presentium

135 2219 151 2238 ι)
171 2210 348 2238 auctoritate
368 2209 546 2236 mandamus
566 2212 710 2242 quatenus
732 2208 754 2236 C
777 2212 804 2235 et
822 2209 891 2235 VIII
913 2208 1004 2235 libras
1026 2210 1141 2236 Raven-

135 2268 150 2286 »
171 2257 310 2294 nat[um],
328 2267 400 2293 quas
416 2258 451 2285 de
471 2257 597 2292 pecunia
617 2258 749 2284 Romane
765 2257 896 2284 Ecclesie
914 2258 1041 2284 dilectus
1063 2258 1141 2285 filius

135 2316 150 2335 »
170 2311 268 2335 noster
284 2305 493 2342 S[inibaldus],
508 2306 589 2333 tituli
607 2306 710 2333 Sancti
725 2306 877 2333 Laurentii
889 2307 919 2332 in
932 2307 1043 2333 Lucina
1061 2315 1141 2341 pres-

135 2366 151 2384 »
171 2357 248 2385 biter
264 2356 434 2387 cardinalis,
448 2364 498 2390 pro
515 2358 542 2382 te
554 2355 730 2389 quibusdam
741 2355 935 2382 creditoribus
947 2356 1005 2382 tuis
1017 2356 1140 2387 exolvit,

137 2415 150 2433 »
170 2405 336 2433 venerabili
350 2405 434 2432 fratri
451 2408 549 2431 nostro
564 2425 582 2430 ..
600 2404 735 2438 episcopo
750 2404 884 2436 Aretino,
900 2405 1031 2431 marchie
1047 2406 1141 2432 Anco-

137 2463 150 2481 »
172 2454 274 2481 nitane
300 2453 417 2486 rectori,
439 2456 550 2480 semota
572 2453 703 2486 qualibet
727 2453 913 2485 difficultate,
944 2454 1057 2480 solvere
1084 2462 1140 2481 non

134 2511 150 2530 ))
170 2503 301 2531 omittas.
327 2511 341 2528 ›)
365 2517 397 2520 —
419 2502 507 2533 (ΗΕΘ.
526 2501 571 2533 20,
593 2503 612 2528 f.
635 2502 667 2528 33
688 2506 726 2534 r⁰;
750 2510 818 2528 ann.
846 2502 928 2534 XIV,
950 2511 974 2528 c.
996 2502 1070 2533 183.)

177 2617 190 2631 α
211 2627 228 2633 ..
247 2606 380 2642 episcopo
396 2605 555 2633 Firmano.
573 2602 787 2632 Fraternitati
801 2606 853 2632 tue
871 2603 1075 2640 presentium
1091 2620 1139 2632 —.

135 2658 208 2687 Dat.
225 2662 261 2687 ut
277 2666 386 2695 supra.
408 2669 421 2683 »

207 2836 326 2864 5325

172 2899 311 2934 Capitnlo
327 2899 516 2926 Anconitano
536 2902 562 2925 et
583 2899 660 2925 clero
679 2898 812 2925 civitatis
830 2899 1031 2933 dioecesisque
1044 2900 1142 2926 Anco-

135 2948 258 2975 nitanae
273 2949 421 2982 significat
439 2956 468 2975 se
489 2948 624 2982 episcopo
638 2947 772 2980 AretIno,
790 2948 839 2982 qui
856 2956 871 2974 a
888 2948 1047 2980 Friderico,
1064 2948 1143 2975 dicto

137 2996 327 3031 imperatore,
354 2996 518 3023 redditibus
543 2996 603 3022 suis
627 2996 844 3030 episcopalibus
868 2996 1011 3030 spoliatus
1036 2998 1141 3028 fuerat,

646 2836 767 2868 Latran,
783 2837 799 2862 7
816 2836 975 2864 novembre
991 2837 1070 2864 1240.

1235 390 1394 420 proventus
1419 390 1603 424 episcopatus
1630 393 1811 421 Anconitani
1840 396 2032 427 concessisse:
2062 407 2108 424 eos
2139 405 2235 427 monet

1234 438 1377 468 quatenus
1397 438 1491 464 eidem
1515 440 1649 475 episcopo
1671 446 1828 475 proventus
1848 445 2011 477 praedictos
2032 448 2169 475 exhibere
2185 458 2235 475 cu-

1234 487 1308 510 rent.
1337 500 1368 503 —
1395 487 1480 517 (Rae.
1505 488 1548 520 20,
1570 491 1588 515 f.
1608 490 1641 516 33
1665 494 1702 522 r⁰;
1724 500 1792 518 ann.
1818 492 1899 520 XIV.
1922 503 1946 519 c.
1966 494 2030 525 18&
2062 511 2092 514 —
2119 497 2235 524 Itooex-

1234 541 1309 559 nano
1326 534 1400 565 788.)

1274 645 1286 658 (ι
1305 635 1445 672 Capilnlo
1460 639 1660 675 Anconicano,
1684 646 1710 669 et
1736 642 1812 670 clero
1831 644 1967 672 ciuitatis
1986 650 2011 672 et
2030 646 2152 674 diocesis
2172 648 2236 675 ‚In-

1231 688 1381 718 comitam.
1406 690 1615 721 Venerabilis
1638 693 1740 722 frater
1765 699 1876 724 noster
1895 713 1941 724 —.
1969 697 2041 726 Dat.
2070 698 2234 728 Laterani.

1231 739 1294 768 VII
1313 740 1387 770 idus
1403 743 1602 774 novembris.
1624 754 1710 775 anno
1726 748 1982 785 quartodecimo.
2003 762 2015 775 ι)

1302 926 1422 954 5326
1732 932 1850 960 Latran.
1866 934 1898 960 14
1914 934 2067 962 decembre
2084 937 2161 964 1240.

1266 988 1531 1023 Arcliiepiscopum
1562 992 1748 1020 Lundensem
1774 997 1802 1021 et
1827 996 1889 1028 ejus
1913 997 2109 1029 suffrag-'aneos
2135 1003 2233 1026 monet

1232 1040 1375 1070 quatenus
1392 1038 1537 1071 subjectos
1554 1041 1609 1067 sibi
1630 1043 1750 1075 populos
1766 1043 1910 1071 inducant
1932 1050 1962 1072 ut
1983 1049 2084 1073 contra
2101 1055 2114 1072 α
2133 1052 2232 1079 gentes

1232 1092 1246 1109 υ
1267 1085 1407 1113 idolatras
1422 1095 1435 1112 n
1452 1096 1481 1113 se
1501 1089 1667 1123 accingant,
1683 1099 1756 1124 quae
1772 1092 1839 1118 illos
1858 1101 1870 1117 ι(
1888 1094 1936 1127 qui
1958 1094 1988 1120 in
2007 1094 2126 1122 Estonie
2143 1097 2231 1130 parti-

1232 1142 1245 1157 »
1268 1134 1320 1160 bus
1332 1143 1382 1168 per
1393 1136 1447 1162 Dei
1460 1137 1585 1169 gratiam
1595 1138 1630 1164 ad
1644 1139 1729 1165 fidem
1744 1140 1907 1167 Christiani
1924 1143 2052 1170 nominis
2069 1152 2082 1168 n
2099 1146 2230 1172 conversi

1233 1184 1359 1215 fuerant,
1371 1185 1580 1218 multipliciter
1595 1188 1807 1220 1n‹1lestal)ant;
1826 1189 1887 1216 illis
1903 1191 1951 1224 qui
1965 1195 2066 1219 contra
2082 1193 2151 1220 istos
2166 1195 2232 1222 fidei

1233 1232 1328 1258 hostes
1346 1233 1381 1259 ad
1401 1238 1496 1266 partes
1513 1235 1580 1261 illas
1596 1237 1783 1269 accesserint,
1801 1238 1910 1265 ibidem
1934 1241 2037 1267 saltem
2057 1250 2106 1275 per
2122 1251 2231 1270 annum

1232 1280 1262 1306 in
1287 1281 1409 1307 servitio
1430 1282 1542 1309 Christi
1561 1286 1714 1316 moraturi,
1736 1286 1819 1313 illam
1842 1287 2059 1322 indulgentiam
2083 1292 2233 1323 elargitur.

1233 1337 1306 1362 quae
1330 1331 1552 1358 transcuntibus
1575 1333 1603 1358 in
1625 1333 1731 1361 Terrae
1744 1324 1879 1362 *Sanctae
1901 1337 2064 1364 subsidium
2084 1343 2145 1366 crat
2165 1349 2233 1366 con—

1231 1386 1320 1405 cessa.
1339 1393 1369 1397 —
1390 1379 1476 1410 (Rae.
1497 1380 1542 1408 20.
1566 1383 1584 1407 f.
1607 1382 1639 1408 33
1662 1385 1702 1414 r⁹;
1728 1392 1797 1410 ann.
1820 1384 1902 1417 XIV,
1920 1394 1944 1412 c.
1962 1386 2026 1417 185;
2051 1402 2081 1405 —
2103 1388 2234 1416 Moneau

1231 1427 1310 1459 1193,
1337 1429 1356 1453 f.
1382 1428 1442 1458 162,
1465 1431 1568 1460 parlim
1591 1438 1625 1456 ex
1647 1431 1824 1463 Rnxsmm
1842 1448 1874 1451 —
1896 1434 2052 1462 Por-rnam-
2070 1436 2187 1469 109741,
2204 1453 2235 1456 —

1232 1475 1416 1503 RODENBERG
1432 1476 1507 1507 796.)

1272 1590 1283 1603 υ
1305 1602 1323 1606 ..
1343 1579 1567 1616 archiepiscopo
1590 1581 1742 1609 Lundensz'
1765 1587 1790 1609 ec
1810 1583 2012 1620 suffrayaneis
2032 1587 2107 1614 mis.
2125 1586 2175 1615 Ad
2191 1587 2237 1616 si—

1230 1629 1454 1661 militudinem
1477 1632 1536 1661 Dei
1559 1649 1608 1662 —.
1634 1633 1709 1662 Dat.
1733 1634 1896 1670 Laterani,
1922 1636 2051 1666 XVIIII
2078 1638 2236 1669 kalendas

1226 1683 1385 1722 januarii.
1403 1693 1490 1714 anno
1505 1686 1763 1724 quartodecimo.
1785 1700 1796 1713 u

1294 1871 1412 1898 532?

1260 1932 1360 1959 Electo
1380 1933 1523 1966 Aquensi,
1540 1935 1715 1968 proponenti
1731 1943 1745 1960 (t
1762 1936 1894 1963 redditus
1909 1938 2094 1972 episcopatus
2107 1940 2227 1973 Aquen-

1225 1988 1238 2005 1)
1259 1981 1309 2011 sis,
1329 1986 1446 2015 propter
1465 1982 1625 2009 instantem
1652 1984 1798 2011 malitiam
1821 1986 1961 2019 temporis
1978 1995 2002 2019 ›>,
2019 1988 2090 2014 adeo
2105 1997 2166 2015 esse
2181 1989 2227 2015 di-

1225 2029 1364 2061 minutos,
1384 2031 1459 2064 quod
1479 2031 1513 2057 de
1537 2032 1662 2059 residuis
1679 2041 1734 2059 nou
1752 2039 1846 2067 posset
1867 2043 1992 2068 congrue
2008 2037 2178 2069 sustentari,
2199 2041 2227 2064 et

1224 2079 1391 2106 immobilia
1404 2080 1534 2113 ejusdem
1553 2081 1737 2115 episcopatus
1751 2082 1841 2109 etiam
1856 2091 1916 2109 esse
1930 2088 2081 2118 occupata,
2094 2085 2227 2119 indulget

1223 2132 1255 2155 ut
1269 2128 1294 2155 ei
1311 2129 1400 2155 liceat
1416 2129 1558 2155 beneficia
1573 2131 1774 2157 ecclesiastica
1790 2140 1863 2165 quae
1876 2135 1944 2159 ante
1958 2133 2130 2160 electionem
2144 2143 2225 2161 suam

1745 1874 1865 1905 Latran,
1880 1876 1895 1901 4
1908 1875 2062 1903 decembre
2076 1877 2154 1904 1240.

1223 2177 1385 2209 obtinebat,
1405 2186 1496 2211 usque
1516 2179 1551 2205 ad
1572 2179 1665 2213 ipsius
1686 2188 1776 2214 papae
1795 2180 2013 2215 beneplacitum
2038 2183 2173 2210 retinere.
2195 2200 2229 2202 —

1224 2226 1310 2257 (Rao.
1331 2226 1375 2258 20,
1394 2228 1413 2253 f.
1431 2227 1464 2253 33
1480 2231 1523 2259 v‘';
1545 2236 1614 2254 ann.
1632 2229 1714 2258 XIV,
1731 2238 1756 2255 c.
1773 2229 1847 2261 186.)

1267 2340 1286 2354 (ι
1301 2351 1319 2357 ..
1337 2330 1425 2357 electo
1439 2330 1583 2366 Aquensi.
1601 2329 1638 2359 Et
1654 2334 1706 2359 tue
1725 2330 1897 2368 probitatis
1910 2319 1957 2360 —ſs
1973 2333 2045 2362 Dat.
2060 2334 2225 2369 Laterani,

1224 2381 1256 2410 ΙΙ
1274 2390 1377 2410 nonas
1394 2381 1589 2413 decembris,
1607 2391 1693 2411 anno
1710 2383 1966 2421 quartodecimo.
1987 2397 1999 2410 η

1295 2566 1413 2594 5328

1259 2629 1368 2655 Abbati
1385 2630 1590 2662 Apostolorum
1610 2628 1763 2663 [Astensij.
1776 2638 1828 2656 nec
1845 2639 1901 2656 non
1915 2631 1966 2657 W,
1981 2632 2015 2657 de
2029 2632 2226 2666 Castangnola

1225 2680 1252 2704 et
1280 2677 1448 2704 Maint‘redo
1469 2677 1504 2703 de
1527 2677 1666 2708 Corzano,
1690 2678 1840 2704 canonicis
1863 2679 2049 2709 Astensibus,
2071 2681 2106 2707 de
2125 2682 2225 2708 cadem

1740 2568 1859 2600 Latran,
1877 2569 1892 2594 4
1907 2569 2060 2596 decembre
2077 2570 2154 2597 1240.

1225 2735 1254 2753 re
1278 2725 1419 2756 scribens,
1449 2726 1570 2752 mandat
1594 2731 1737 2759 quatenus
1760 2727 1886 2753 eundem
1913 2729 2037 2755 electum
2059 2730 2225 2763 Aquensem

1224 2783 1310 2809 super
1336 2775 1381 2800 his
1404 2782 1460 2800 non
1477 2774 1652 2808 permittant
1669 2776 1833 2807 molestari;
1858 2777 1998 2810 quicquid
2018 2782 2081 2811 post
2104 2779 2160 2804 iter
2181 2777 2228 2813 [ab

1225 2824 1323 2851 eodem
1345 2821 1447 2857 electo]
1465 2826 1613 2857 arreptum
1633 2824 1668 2849 ad
1686 2824 1791 2850 Sedena
1808 2825 2009 2859 Apostolicam
2026 2827 2176 2854 veniendi.
2197 2827 2226 2853 in

1258 2952 1279 2975 1.
1296 2952 1370 2975 Avec
1385 2951 1505 2980 l'incipit
1523 2959 1553 2974 :«
1575 2951 1643 2975 Cum
1663 2951 1682 2974 ii
1703 2951 1750 2981 qui
1771 2960 1793 2981 »,
1809 2952 1915 2983 d'apre's
1932 2953 2087 2983 anLm,
2102 2956 2226 2978 Annales

1226 2997 1419 3023 ecclesiastici,
1435 3002 1498 3019 ann.
1518 2995 1584 3025 1240,
1600 2995 1611 3025 Ξ
1627 2995 1663 3019 34.
