2553 3526
281 288 337 317 503
1010 283 1247 314 REGISTRES
1270 282 1325 311 DE
1348 282 1569 312 GREGOIRE
1594 283 1650 312 lx.
2324 287 2380 315 504

282 354 395 384 Sancti
417 352 547 382 Andree
573 360 716 390 suosque
741 351 931 390 conjudices
954 350 1150 389 impetratis,
1169 354 1198 378 et
1216 358 1290 387 pro·-

282 406 431 437 cessibus
448 415 505 444 per
522 414 576 435 eas
594 404 729 439 habitis,
750 404 1055 442 compositioneque
1072 403 1199 441 prefata
1216 401 1291 431 nul-

282 460 347 489 lam
364 459 510 488 facerent
527 458 659 496 penitus
685 457 898 490 mentionem,
917 465 973 494 per
990 465 1055 491 eas,
1076 460 1185 493 utpote
1204 454 1290 485 veri-

283 517 347 542 tate
370 512 468 541 tacita
491 511 696 548 impetratas.
715 509 753 539 de
768 510 843 548 jure
866 509 1040 547 procedere
1057 517 1122 537 non
1140 512 1290 546 poterant

283 574 342 595 nec
358 564 531 594 debebant.
551 563 613 592 Sed
632 562 711 600 quia
726 562 833 591 dictus
853 561 954 590 abbas
971 561 1009 591 de
1030 561 1171 590 Driburc
1190 565 1220 590 et
1237 561 1289 590 sui

281 618 403 655 college
423 615 675 653 interloquendo
700 614 958 652 pronuntiarunt
979 622 1012 643 se
1036 613 1155 643 debere
1177 622 1290 651 proce-

281 671 356 700 dere
379 670 412 698 in
435 667 611 706 principali
634 667 776 704 negotio.
796 666 986 704 exceptione
1008 665 1199 704 hujusmodi
1224 674 1288 695 non

280 724 442 754 obstante,
459 721 533 759 ipsi.
547 720 730 750 sentientes
748 729 784 749 ex
801 719 861 748 hoc
877 719 1024 749 indebite
1042 728 1075 748 se
1093 718 1233 755 gravari,
1250 719 1289 748 ad

282 776 397 805 Sedem
416 773 637 812 Apostolicam
655 771 875 810 appellarunt.
894 771 1073 810 Atjudices
1086 771 1161 809 ipsi,
1175 779 1289 800 eorum

280 828 501 866 appellatione
530 829 727 863 contempta.
762 824 909 853 tulerunt
936 824 1288 854 excommunicationis

282 880 481 911 sententiam
498 879 532 907 in
551 878 693 908 eosdem.
713 877 850 907 Interim
867 881 976 906 autem
993 876 1080 905 idem
1097 880 1289 914 procurator

283 934 330 974 [..]
350 934 473 963 decano
498 930 699 961 Ebot-acensi
719 934 750 959 et
773 930 845 968 ejus
866 929 1002 966 collegis
1024 929 1170 957 obtinuit
1188 928 1288 965 dirigi

282 987 402 1024 scripta
420 990 542 1016 nostra.
558 989 605 1018 ut,
624 983 785 1013 facientes
802 982 867 1012 sibi
883 981 1033 1011 exhiberi
1046 981 1220 1010 universas
1237 980 1288 1009 lit-

282 1046 368 1070 teras
388 1039 465 1068 hinc
487 1038 563 1067 inde.
581 1037 732 1066 obtentas
752 1040 781 1065 et
801 1044 974 1073 processus
993 1034 1124 1063 habitos
1143 1043 1200 1072 per
1216 1042 1289 1063 eas—

281 1094 366 1129 dem,
384 1093 546 1125 causam¹,
559 1091 587 1120 si
606 1090 643 1120 de
659 1089 803 1128 partium
816 1088 984 1117 voluntate
1004 1087 1205 1126 procederet,
1224 1092 1289 1116 ter-

282 1146 463 1179 minarent3
478 1143 627 1182 alioquin
645 1142 851 1172 remitterent
868 1150 939 1171 eam
957 1141 996 1170 ad
1010 1150 1068 1170 nos
1086 1141 1290 1170 sufficienter

282 1199 490 1229 instructam.
511 1197 650 1226 termino
667 1195 828 1234 partibus,
851 1203 915 1232 quo
935 1198 1046 1223 nostro
1067 1202 1100 1223 se
1118 1197 1290 1231 presenta-

283 1255 354 1281 rent
371 1249 573 1288 conspectui,
592 1249 772 1285 assignato.
790 1247 918 1283 Quibus
935 1247 1079 1276 nondum
1098 1245 1289 1284 hujusmodi

281 1303 402 1333 litteris
417 1301 627 1341 presentatis,
646 1300 752 1329 dictus
770 1300 870 1329 abbas
887 1299 925 1328 de
950 1298 1233 1336 Drundrayrian2,
1255 1303 1290 1327 ut

283 1366 337 1386 eos
350 1355 520 1385 laboribus
537 1358 567 1383 et
585 1353 738 1391 expensis
755 1351 965 1390 compelleret
979 1361 997 1381 a
1009 1352 1060 1381 sui
1074 1352 1160 1390 juris
1177 1360 1290 1389 prose-

282 1410 412 1439 cutione
444 1416 583 1442 cessare,
613 1406 832 1444 personaliter
858 1405 897 1434 ad
922 1404 1146 1443 Apostolicam
1172 1403 1289 1434 Sedem

281 1463 452 1497 accedens,
471 1461 626 1491 dilectum
648 1460 752 1489 filium
775 1464 924 1489 nostrum
942 1457 1158 1497 R[obertum],
1178 1458 1291 1488 Sancti

282 1516 454 1548 Eustachii
470 1516 645 1544 diaconum
662 1513 875 1547 cardinalem,
890 1522 907 1541 a
928 1512 1022 1541 nobis
1039 1512 1183 1541 obtinuit
1200 1511 1291 1541 audi-

281 1576 396 1601 torem.
419 1568 494 1605 Qui,
513 1568 646 1597 demum
667 1566 783 1596 abbate
803 1566 874 1603 ipso
900 1570 929 1595 et
953 1569 1163 1603 procuratore
1187 1564 1290 1602 partis

280 1622 417 1653 alterius
435 1622 468 1650 in
488 1621 559 1659 ejus
575 1619 742 1658 presentia
760 1618 962 1652 constitutis,
981 1617 1109 1647 litteras
1126 1617 1166 1646 ad
1181 1618 1290 1655 prefa-

281 1682 349 1706 tum
371 1675 532 1705 decanum
556 1673 797 1703 Eboracensem
820 1676 850 1701 et
869 1671 939 1710 ejus
962 1670 1104 1708 collegas
1126 1671 1288 1705 obtentas,

281 1729 359 1768 quia
376 1729 410 1757 in
429 1728 511 1766 ipsis
528 1727 566 1756 de
588 1726 811 1765 predictorum
834 1725 963 1754 abbatis
984 1729 1014 1754 et
1034 1729 1217 1754 conventus
1234 1734 1291 1763 ap—

281 1782 458 1820 pellatione
483 1789 547 1810 non
573 1779 670 1809 fiebat
693 1778 828 1813 mentio,
853 1777 1028 1813 revocavit,
1061 1783 1091 1807 et
1115 1782 1224 1815 partes
1251 1777 1290 1807 ad

280 1838 405 1867 dictum
426 1836 577 1865 abbatem
599 1835 636 1864 de
661 1834 801 1863 Driburc
821 1838 852 1863 et
874 1833 945 1872 ejus
965 1833 1155 1871 conjudices
1177 1833 1291 1863 remit-

282 1891 396 1921 tendas
418 1898 490 1919 esse
507 1888 663 1919 decrevit.
685 1889 820 1925 Propter
840 1887 926 1925 quod
947 1887 1107 1925 sepedicti
1127 1887 1166 1916 N.
1188 1891 1219 1917 et
1240 1886 1287 1922 C.,

282 1944 432 1982 protinus
452 1943 490 1972 ad
512 1951 570 1971 nos
592 1950 765 1971 recursum
790 1940 963 1974 habentes.
987 1944 1018 1969 et
1041 1945 1229 1970 asserentes
1256 1949 1291 1970 se

282 1997 321 2026 ab
336 1997 460 2026 eisdem
477 1995 658 2034 judicibus,
678 2003 714 2024 ex
731 1993 842 2023 causis
859 1993 1024 2031 expressis
1046 1993 1210 2031 superius,
1234 2003 1291 2031 ap-

283 2050 434 2088 pellasse,
463 2048 636 2077 humiliter
663 2047 892 2085 supplicarunt
922 2051 968 2076 ut.
993 2055 1067 2075 cum
1093 2055 1194 2076 causa
1219 2047 1290 2084 ipsa

283 2102 407 2132 tamdiu
427 2111 483 2139 per
504 2101 621 2139 iniqua
642 2100 780 2137 diffugia
804 2100 845 2129 sit
870 2103 1045 2137 protracta.
1064 2099 1151 2137 quod
1175 2109 1232 2137 pro
1253 2108 1289 2129 ea

280 2156 348 2194 jam
373 2155 495 2192 septies
525 2153 564 2183 ad
590 2153 708 2183 Sedem
734 2152 958 2190 Apostolicam
984 2152 1178 2186 latitorarint,
1204 2157 1235 2182 et
1255 2152 1290 2181 in

284 2216 384 2246 regno
396 2207 516 2242 Scotie,
531 2211 661 2244 propter
676 2205 811 2235 adverse
825 2205 928 2243 partis
942 2205 1133 2242 potentiam,
1150 2209 1291 2243 nequeat

284 2259 466 2290 terminari.
483 2259 513 2289 ei
534 2259 633 2288 finem
650 2257 776 2296 imponi
793 2257 941 2287 debitum
959 2257 1143 2286 faceremus
1154 2274 1203 2285 —.
1216 2258 1288 2287 Dat.

284 2313 448 2349 Laterani,
472 2313 531 2342 XV
548 2311 708 2342 kalendas
727 2311 818 2340 maii.
837 2319 924 2339 anno
941 2311 1199 2349 quintodecimo.
1222 2323 1234 2336 »

354 2493 471 2521 (302ss

320 2556 531 2585 Ancozacasae,
547 2554 606 2580 civi
626 2554 767 2585 Romano,
785 2552 998 2586 crucesignato,
1016 2561 1100 2586 quem
1120 2555 1247 2586 potestas
1265 2555 1293 2578 et

285 2612 346 2629 com
354 2612 441 2629 mune
458 2602 569 2629 Montis
583 2602 658 2633 Atti,
676 2610 726 2635 pro
742 2610 774 2627 eo
791 2601 865 2635 quud
885 2601 926 2627 eis
944 2601 1102 2627 adhaerere
1119 2603 1220 2627 contra
1236 2600 1292 2627 Ec—

285 2652 404 2678 clesiam
434 2652 464 2677 in
491 2652 619 2677 favorem
647 2650 806 2681 Friderici,
835 2650 908 2675 dicti
936 2649 1133 2683 imperatoris,
1163 2649 1292 2681 nolebat,

882 2491 1051 2521 Latra11,‘20
1066 2491 1124 2517 mai
1141 2491 1219 2517 1211.

287 2700 516 2734 possessionibus
535 2708 605 2733 quas
623 2699 652 2725 in
668 2699 805 2725 districtu
822 2699 934 2725 Montis
950 2699 1012 2725 Atti
1030 2699 1094 2731 jure
1114 2698 1292 2725 hereditario

285 2748 447 2780 obtinebat,
462 2748 673 2782 spoliaverant,
692 2756 739 2773 eas
756 2747 833 2773 inter
852 2755 881 2773 se
899 2747 1080 2778 dividentes,
1097 2747 1206 2773 litteris
1222 2755 1293 2773 con-

286 2797 463 2824 firmationis
485 2796 559 2823 dicti
584 2796 727 2823 Friderici
749 2804 836 2829 super
855 2797 907 2822 hoc
927 2795 1072 2824 obtentis.
1093 2795 1239 2829 signifieat
1263 2804 1292 2822 se

319 2913 339 2937 1.
359 2914 407 2937 tls.
422 2921 428 2934 .·
443 2918 548 2935 causas.

317 2957 339 2979 ι’.
358 2957 414 2984 Sic,
429 2962 497 2986 pour
514 2955 710 2985 Duudraynan.

1374 348 1448 382 quod
1468 357 1484 375 a
1505 350 1665 382 praedietis
1687 349 1836 376 Friderico
1857 359 1909 376 nee
1930 359 1987 377 non
2009 354 2152 384 potestate
2174 360 2207 378 ae
2227 353 2379 379 communi

1373 405 1459 430 super
1490 398 1542 423 hoc
1572 398 1682 424 factum
1715 399 1821 430 fuerat,
1849 398 1975 425 irritare.
2002 413 2034 416 ——
2059 399 2145 430 (Rsc.
2171 399 2216 432 20,
2241 401 2260 427 f.
2283 401 2317 427 76
2335 404 2378 433 v’;

1372 453 1442 471 ann.
1460 445 1528 477 XV,
1546 454 1570 472 c.
1587 446 1618 472 51
1633 455 1638 478 ;
1656 461 1688 464 —-
1705 447 1889 474 RODENBERG
1901 446 1975 478 816.)

1415 559 1426 572 ι(
1452 548 1551 575 Nobili
1574 548 1642 575 viro
1660 548 1874 582 Ancozacase&
1901 548 1963 576 civi
1987 549 2129 584 Romano,
2158 550 2379 587 crucesignato.

1373 599 1418 628 Ex
1441 604 1531 637 parte
1553 604 1609 629 tua
1632 616 1680 628 —.
1703 600 1776 629 Dat.
1803 600 1970 635 Laterani,
1995 600 2079 630 XIII
2101 601 2260 631 kalendas
2277 602 2378 641 junii,

1372 652 1584 689 pontificatus
1602 653 1707 682 nostri
1724 662 1811 682 anno
1827 653 2086 691 quintodecimo.
2106 665 2119 679 »

1443 823 1558 851 1302?
1970 825 2090 857 Latran,
2104 825 2136 852 21
2152 825 2212 852 mai
2228 825 2307 852 1241.

1407 885 1626 911 Archidiacono
1653 885 1689 911 de
1715 884 1954 920 Nortianton[ia]‚
1979 886 2198 913 Lincolniensis
2226 887 2378 920 dioecesis.

1372 934 1430 960 late
1450 934 1554 960 scribit
1569 934 1605 960 de
1621 934 1822 960 controversia
1843 938 1923 961 mota
1942 934 2020 961 inter
2041 934 2243 962 Ossoriensem
2267 935 2380 969 episco-

1372 991 1453 1017 pum,
1471 991 1505 1009 ex
1518 987 1600 1017 parte
1616 992 1685 1015 una,
1698 986 1726 1009 et
1737 982 1952 1010 Dublinensem
1967 984 2234 1018 archiepiscopum,
2247 985 2378 1018 ejusdem

1371 1032 1501 1066 episcopi
1517 1032 1792 1066 metropolitanum,
1807 1041 1841 1059 ex
1858 1033 1962 1064 altera,
1976 1033 2129 1059 occasione
2144 1033 2200 1065 M.,
2215 1033 2381 1067 presbyteri

1372 1081 1554 1108 Ossoriensis
1577 1081 1730 1113 dioecesis,
1752 1081 1813 1115 qui,
1833 1090 1899 1107 cum
1924 1081 2022 1115 ipsum
2044 1081 2212 1115 praedictus
2228 1082 2381 1116 episcopus

1373 1130 1535 1156 monuisset
1555 1133 1587 1156 ut
1602 1130 1743 1156 focariam
1761 1138 1847 1164 quam
1869 1130 2037 1161 detinebat,
2054 1130 2231 1162 dimitteret,
2248 1131 2380 1164 ejusdem

1372 1178 1587 1212 archiepiscopi
1601 1178 1786 1205 audientiam
1799 1179 2014 1212 appellaverat,
2027 1187 2080 1204 nec
2095 1187 2150 1205 non
2168 1178 2203 1205 de
2216 1179 2383 1206 vexationi-

1373 1227 1426 1253 bus
1451 1227 1558 1261 quibus
1584 1227 1751 1260 praedictus
1780 1226 2020 1261 archiepiscopus
2044 1227 2170 1254 eundem
2198 1227 2381 1262 episcopum,

1371 1276 1418 1309 jus
1443 1284 1526 1302 suum
1553 1279 1788 1309 prosequentem,
1813 1278 2002 1309 gravaverat;
2028 1275 2054 1301 ei
2080 1276 2203 1302 mandat
2225 1278 2381 1309 quatenus,

1373 1325 1429 1352 sibi
1447 1325 1557 1351 faciens
1574 1325 1689 1351 litteras
1711 1325 1781 1351 hinc
1802 1324 1872 1350 inde
1894 1323 2029 1351 obtentas
2045 1327 2073 1350 et
2097 1332 2247 1358 processus
2268 1333 2319 1358 per
2334 1333 2382 1351 eas

1374 1373 1489 1400 habitos
1510 1373 1655 1406 exbiberi,
1679 1373 1820 1400 relaxatis
1841 1373 1878 1399 ad
1899 1374 2046 1399 cautelam
2069 1373 2226 1399 sententiis
2247 1373 2277 1400 in
2297 1381 2382 1407 prae—

1373 1422 1467 1449 dictos
1489 1422 1744 1455 archiepiscopum
1770 1425 1799 1448 et
1816 1421 1985 1455 episcopum
2011 1421 2081 1447 hinc
2107 1421 2176 1447 inde
2196 1422 2330 1455 prolatis,
2349 1430 2382 1448 ac

1374 1470 1469 1496 eidem
1484 1470 1620 1504 episcopo
1633 1470 1805 1504 episcopatu
1819 1478 1870 1496 suo
1886 1473 1914 1496 et
1930 1469 2014 1496 bonis
2031 1469 2137 1503 quibus
2158 1470 2301 1504 spoliatus
2319 1471 2383 1496 fue-

1374 1523 1429 1552 rat,
1447 1519 1604 1551 restitutis,
1630 1528 1732 1545 causas
1754 1519 1831 1545 inter
1852 1522 1950 1553 partes
1970 1522 2085 1545 exortas
2106 1519 2185 1545 infra
2201 1527 2251 1545 sex
2269 1527 2383 1545 menses

1375 1568 1532 1599 terminet;
1554 1568 1630 1602 quod
1651 1568 1675 1594 si
1695 1568 1791 1594 forsan
1814 1567 1980 1601 praedictas
1998 1576 2100 1594 causas
2122 1568 2201 1594 infra
2221 1568 2300 1594 idem
2316 1576 2384 1602 spa-

1374 1617 1448 1644 tium
1465 1617 1625 1643 terminare
1641 1617 1821 1650 nequiverit,
1836 1617 1883 1642 vel
1897 1617 1921 1642 si
1935 1616 2093 1649 contigerit
2104 1616 2235 1650 aliquam
2253 1616 2382 1650 partium

1374 1665 1410 1692 ab
1428 1666 1490 1699 ipso
1511 1665 1719 1691 archidiacono
1735 1665 1770 1691 ad
1795 1665 1899 1691 Sedem
1917 1665 2119 1699 Apostolicam
2138 1665 2298 1699 appellare,
2318 1673 2384 1699 pro-

1374 1723 1486 1741 cessum
1504 1715 1540 1740 ad
1556 1714 1677 1740 eandem
1697 1714 1803 1741 Sedem
1826 1713 1879 1740 sub
1893 1722 1944 1740 suo
1962 1714 2061 1747 sigillo
2075 1714 2208 1740 remittat
2223 1713 2383 1746 inclusum,

1374 1766 1402 1790 et
1419 1763 1552 1797 partibus
1568 1763 1729 1789 terminum
1751 1763 1902 1797 praefigat,
1920 1771 1975 1796 quo
1992 1763 2153 1797 apostolico
2169 1762 2338 1796 conspectui
2355 1770 2385 1788 se

1375 1815 1578 1846 praesente11t;
1600 1816 1742 1843 ceterum,
1765 1811 1963 1846 pendentibus
1986 1811 2146 1846 praedictis
2169 1811 2304 1845 negotiis,
2321 1811 2385 1837 dic—

1375 1864 1436 1888 tum
1457 1861 1626 1894 episcopum
1644 1869 1660 1886 a
1681 1861 1811 1894 praefato
1831 1860 2053 1894 archiepiscopo
2076 1863 2159 1887 extra
2176 1868 2297 1893 regnum
2320 1860 2384 1886 An-

1374 1909 1451 1943 gliae
1467 1909 1620 1935 conveniri
1636 1910 1683 1936 vel
1701 1909 1775 1936 alias
1792 1917 1879 1943 super
1893 1909 2065 1943 praemissis
2078 1908 2228 1935 molestari
2245 1917 2300 1934 non
2319 1916 2384 1942 per-

1375 1958 1487 1989 mittat,
1510 1960 1538 1984 et
1560 1960 1690 1992 praefato
1711 1958 1934 1992 archiepiscopo
1954 1958 2090 1984 inhibeat
2112 1966 2157 1990 ne,
2184 1957 2230 1984 liis
2253 1957 2384 1991 exceptis

1374 2016 1448 2041 quae
1462 2007 1491 2033 in
1505 2006 1757 2040 suffraganeorum
1771 2006 1955 2033 dioecesibus
1968 2006 2190 2041 metropolitani
2207 2006 2243 2032 de
2256 2006 2320 2039 jure
2331 2005 2384 2032 ob-

1375 2057 1501 2087 tineant,
1521 2056 1557 2082 de
1573 2056 1744 2090 episcopatu
1761 2055 1927 2082 Ossoriensi
1945 2064 1974 2082 se
1990 2055 2183 2082 intromittat.
2196 2070 2227 2073 —
2241 2053 2383 2086 (REG.20‚

1374 2106 1394 2131 s.
1416 2105 1449 2131 76
1465 2108 1511 2137 v‘·;
1529 2113 1598 2131 aun.
1621 2105 1690 2137 XV,
1705 2113 1730 2131 c.
1747 2104 1805 2135 52.)

1416 2219 1429 2232 <a
1457 2229 1476 2234 ..
1494 2207 1712 2235 archidiacono
1728 2207 1761 2235 de
1779 2207 1983 2241 Norhanton.‚
2005 2207 2226 2235 Lincolniensis
2246 2206 2382 2235 diocesis.

1374 2260 1440 2289 Sua
1458 2259 1553 2288 nobis
1571 2259 1772 2289 venerabilis
1790 2260 1892 2289 frater
1907 2264 2018 2288 noster
2035 2281 2054 2287 ..
2073 2258 2281 2288 Ossoriensis
2296 2258 2383 2296 epis-

1374 2322 1474 2350 copus
1501 2312 1659 2350 petitione
1687 2312 1885 2342 monstravit
1910 2311 2008 2350 quod,
2033 2320 2106 2340 cum
2131 2311 2209 2341 olim
2231 2311 2301 2349 ipse
2325 2311 2381 2345 M„

1375 2365 1595 2403 presbiterum
1613 2374 1671 2394 sue
1686 2365 1839 2399 diocesis,
1853 2365 2039 2394 monuisset
2054 2369 2089 2393 ut
2105 2364 2262 2394 focariam
2277 2363 2384 2392 dimit-

1375 2422 1468 2451 teret,
1487 2426 1587 2456 quam
1602 2418 1636 2446 in
1652 2418 1761 2447 anime
1782 2426 1840 2447 sue
1858 2416 2042 2455 periculum
2058 2416 2227 2446 detinebat
2246 2426 2251 2444 :
2270 2415 2383 2445 eodem

1375 2470 1558 2508 presbitero
1580 2476 1711 2508 propter
1735 2470 1806 2504 hoc,
1833 2470 1872 2499 ad
1893 2479 1951 2500 sue
1974 2469 2165 2508 iniquitatis
2184 2468 2382 2504 subsidium,

1374 2523 1577 2553 venerabilis
1596 2524 1710 2552 fratris
1730 2523 1834 2553 nostri
1851 2546 1871 2551 ..
1891 2522 2109 2552 Dublinensis
2130 2521 2381 2560 archiepiscopi,

1374 2576 1437 2606 loci
1454 2576 1711 2614 metropolitani,
1729 2576 1934 2606 audientiam
1949 2575 2147 2614 appellante,
2161 2574 2385 2612 archiepisco-

1376 2638 1436 2667 pus
1452 2630 1533 2667 ipse.
1553 2629 1694 2659 eundem
1711 2629 1901 2667 episcopum
1919 2629 1958 2658 ad
1977 2637 2070 2658 suam
2090 2628 2292 2666 presentiam
2309 2636 2386 2657 evo-

1376 2691 1454 2711 cans
1486 2691 1522 2711 ac
1549 2687 1705 2720 reputans
1731 2682 1840 2720 ipsum
1868 2690 1926 2719 pro
1952 2690 2010 2711 sue
2038 2680 2218 2711 voluntatis
2248 2680 2386 2710 arbitrio

1375 2739 1615 2769 contumacem,
1634 2735 1667 2764 in
1685 2744 1759 2764 eum
1777 2734 2008 2773 suspensionis
2023 2734 2224 2763 sententiam
2241 2733 2386 2772 promul-

1376 2787 1474 2825 gavit.
1494 2787 1577 2818 Cum
1594 2793 1702 2817 autem
1721 2788 1808 2818 idem
1825 2788 1999 2826 episcopus
2024 2787 2111 2826 quod
2127 2787 2297 2817 canonicis
2315 2786 2386 2816 suis

1375 2839 1523 2869 obediret
1550 2840 1585 2869 in
1611 2840 1671 2870 hac
1697 2845 1789 2879 parte
1820 2840 1997 2875 mandatis,
2025 2840 2112 2869 dicto
2137 2839 2388 2878 archiepiscopo

1410 2958 1430 2982 1.
1448 2958 1521 2982 Dans
1537 2959 1562 2982 ta
1579 2959 1650 2982 table
1666 2959 1714 2982 des
1730 2960 1855 2988 capitula
1871 2966 1877 2982 :
1895 2949 2072 2982 AccEzacase.
