2553 3526
146 272 184 300 57
992 267 1227 305 TREIZIEME
1249 269 1409 305 ANNEE.
2207 282 2246 311 58

145 337 182 368 Si
198 338 272 377 quis
289 342 399 368 autem
416 342 477 369 etc.
495 339 569 368 Dat.
585 339 751 375 Laterani,
767 341 848 370 VIII
865 340 1051 380 idusjunii,
1069 348 1157 370 anno

144 390 384 422 tertiodecimo.
404 404 417 418 n

214 573 333 604 4823

179 638 290 666 Abbati
306 641 335 666 et
351 639 510 666 conventui
528 639 563 665 de
579 639 789 672 Marmossolo,
807 639 1014 667 Cisterciensis
1029 640 1152 673 ordinis,

143 687 341 715 Velletrensis
356 687 509 719 dioecesis,
526 687 674 721 significat
693 696 723 714 se
741 689 915 715 confirmare
935 688 1152 715 concessionem

143 735 183 763 ab
199 735 272 770 ipsis
293 737 418 768 factam,
442 735 590 763 Ostiensis
613 736 742 771 episcopi
768 737 925 763 accedente
946 745 1099 769 consensu,
1118 737 1154 763 de

143 784 322 819 quibusdam
349 784 581 819 possessionibus
609 785 713 819 positis
733 785 763 811 in
785 785 835 812 via
854 785 997 819 plagaria,
1019 785 1049 812 in
1067 786 1153 812 terri-

144 834 220 862 torio
245 834 434 868 Nimphano,
466 834 732 868 archipresbyteris
762 836 790 861 et
820 834 936 861 clericis
960 835 1151 861 ecclesiarum

146 882 250 910 Sancti
279 882 445 910 Salvator-is
470 885 498 909 et
526 882 628 909 Sancti
660 883 742 910 Petri
770 883 805 909 de
834 882 983 918 Nimpha,
1019 884 1151 917 ejusdem

142 931 302 964 dioecesis,
324 939 375 966 pro
394 931 519 958 decimis
537 930 574 958 ab
591 931 664 965 ipsis
685 931 790 958 abbate
811 935 839 958 et
855 935 1002 958 conventu
1019 932 1054 958 de
1070 932 1152 959 Mar-

145 980 269 1007 mossolo
289 980 401 1007 eisdem
421 979 604 1014 Nimphanis
622 979 780 1007 subtractis
797 981 843 1007 vel
865 981 1015 1007 solvendis
1035 981 1064 1007 in
1087 989 1152 1014 pos-

142 1031 238 1057 terum
260 1029 296 1056 de
311 1028 487 1063 quibusdam
505 1029 738 1063 possessionibus
754 1029 883 1064 ipsorum
901 1029 1017 1057 abbatis
1033 1033 1061 1056 et
1083 1038 1152 1056 con-

142 1080 250 1105 ventus
264 1080 328 1112 post
343 1078 479 1112 generale
492 1078 652 1104 concilium
667 1078 833 1112 acquisitis.
848 1093 882 1096 —
898 1079 984 1110 (Rae.
1002 1078 1046 1109 19,
1064 1079 1084 1104 f.
1102 1078 1153 1105 117

141 1124 217 1161 [111]
233 1129 277 1158 v⁹;
292 1134 363 1153 ann.
378 1126 460 1159 XIII,
478 1134 503 1152 c.
519 1126 577 1157 71.)

756 577 877 609 Latran,
895 578 910 604 4
928 578 986 604 mai
1003 578 1082 604 1239.

183 1239 197 1255 α
219 1250 238 1256 ..
258 1228 358 1256 abbati
373 1232 400 1256 et
415 1228 581 1256 conventui
600 1228 634 1256 de
654 1228 856 1262 Marmossolo,
878 1228 1086 1257 Cisterciensis
1102 1237 1153 1257 07·-

139 1281 234 1315 dinis,
256 1281 444 1310 Velletrensis
458 1281 593 1309 diocesis.
612 1280 658 1309 Ea
674 1289 737 1318 que
755 1279 882 1318 judicio
898 1298 947 1309 —.
966 1281 1038 1310 Dat.
1058 1281 1154 1311 Late-

141 1333 227 1369 rani,
247 1334 314 1364 IIII
331 1342 435 1363 nonas
454 1333 546 1369 maii,
564 1342 651 1363 anno
666 1332 905 1363 tertiodecimo.
926 1346 938 1359 »

214 1518 335 1547 4824

178 1581 338 1608 Willelmo
353 1581 389 1608 de
405 1580 566 1613 Sabaudia,
584 1581 741 1608 Leodiensi
758 1583 861 1613 electo,
879 1582 1025 1609 sinceram
1044 1583 1106 1616 ejus
1126 1586 1154 1610 et

142 1631 208 1665 ejus
228 1630 378 1657 familiae·
396 1629 583 1657 devotionem
605 1638 672 1663 erga
692 1630 788 1664 ipsum
811 1638 917 1664 papam
935 1633 963 1657 et
988 1631 1153 1658 Romanam

141 1679 308 1707 Ecclesiam
325 1678 492 1710 attendens,
509 1678 645 1705 concedit
660 1682 692 1705 ut
707 1679 838 1705 redditus
850 1688 915 1706 suos
927 1680 1153 1713 ecclesiasticos,

141 1736 214 1763 quos
230 1736 297 1755 cum
311 1728 347 1754 ad
362 1727 554 1754 Leodiensem
573 1727 727 1754 ecclesiam
741 1731 910 1762 assumptus
926 1729 992 1759 fuit,
1007 1728 1154 1761 habuerit,

142 1777 242 1804 valeat
258 1776 396 1803 retinere.
411 1791 444 1794 —
460 1776 547 1807 (Rsc.
565 1775 609 1807 19,
625 1776 644 1802 f.
663 1776 713 1802 118
728 1774 801 1810 [112]
816 1779 858 1807 r⁰3
877 1784 946 1802 ann.
963 1777 1044 1809 XIII,
1060 1786 1085 1803 c.
1100 1777 1153 1809 72;

142 1839 176 1844 —
190 1825 216 1853 J.
235 1825 269 1852 P.
287 1824 417 1857 Kmscn,
437 1825 487 1850 Das
503 1824 642 1850 Liitc‘icher
656 1824 782 1850 Schisma
859 1833 885 1859 p.
901 1825 963 1857 198,
982 1828 1010 1851 n⁰
1027 1825 1083 1856 10.)

756 1519 877 1551 Latran,
892 1519 907 1546 8
922 1520 986 1553 juin
1002 1520 1081 1546 1239.

185 1937 199 1953 «
223 1925 384 1965 willelmo
399 1925 433 1954 de
449 1925 630 1962 Sabaudia],
653 1925 807 1953 Leodiensi
828 1926 927 1954 electo.
954 1925 1028 1954 Hiis
1051 1926 1155 1964 Apos-

142 1977 240 2008 tolice
257 1977 352 2008 Sedis
367 1994 417 2006 —.
437 1978 511 2007 Dat.
530 1977 697 2012 Laterani,
714 1978 760 2007 VI
777 1977 852 2007 idus
865 1978 965 2017 junii,
985 1987 1071 2008 anno
1090 1982 1154 2008 ter-

143 2031 331 2062 tiodecimo.
351 2043 364 2057 »

213 2216 334 2244 4825
757 2216 879 2248 Latran,
893 2216 909 2243 9
922 2216 986 2250 juin
1005 2217 1082 2243 1239.

180 2279 359 2314 Episcopum
387 2277 621 2305 Ambianensem
651 2280 732 2312 rogat
755 2281 900 2312 quatenus
922 2278 1062 2312 magistro
1086 2278 1156 2305 Ric-

142 2327 231 2355 cardo
249 2325 296 2362 [de
313 2324 509 2360 Furnivalle],
532 2326 673 2352 canonico
693 2326 902 2358 Ambianensi,
924 2328 1077 2360 capellano
1098 2328 1156 2353 Ro-

144 2376 219 2404 berti
236 2374 283 2410 [de
297 2373 504 2409 Somercotes],
520 2374 623 2401 Sancti
638 2374 793 2402 Eustachii
810 2374 927 2402 diaconi
942 2376 1113 2408 cardinalis,
1129 2378 1157 2402 et

142 2425 238 2460 ipsius
258 2423 388 2458 episcopi
407 2423 502 2455 fratri,
530 2431 585 2457 quo
608 2423 727 2449 facilius
749 2424 842 2450 cultui
865 2432 963 2450 sacrae
985 2425 1110 2458 paginae
1127 2433 1156 2451 sc

144 2473 243 2501 dicare
255 2473 358 2507 possit,
373 2472 403 2498 in
419 2480 476 2499 uno
490 2471 525 2498 de
540 2472 713 2498 melioribus
725 2472 930 2506 personatibus
944 2472 1157 2499 Ambianensis

141 2522 295 2554 ecclesiae,
318 2530 375 2549 non
395 2521 530 2548 obstante
554 2521 629 2555 quod
650 2522 709 2555 jan]
735 2521 893 2548 canonicus
915 2525 976 2548 erat
996 2522 1158 2548 Rothoma-

141 2571 252 2606 gensis,
267 2571 431 2606 provideat.
445 2585 476 2588 —
491 2571 578 2602 (Bm.
591 2570 634 2603 19,
649 2571 668 2597 f.
684 2570 734 2597 118
746 2569 820 2605 [112]
837 2574 874 2603 r⁰;
892 2579 961 2597 ann.
975 2571 1057 2604 XIII,
1071 2580 1094 2597 c.
1108 2571 1156 2603 73:

144 2635 177 2639 —
191 2620 324 2648 Monam
340 2619 419 2652 1192,
438 2620 458 2646 f.
476 2619 551 2650 347.)

185 2732 198 2747 «
222 2743 242 2749 ..
262 2721 396 2758 episcopo
411 2720 620 2749 Ambianensi.
640 2720 677 2749 In
696 2719 761 2748 tuis
777 2719 895 2749 haberi
910 2737 959 2748 —.
975 2721 1021 2750 De
1039 2720 1158 2751 dilecto

141 2773 310 2812 siquidem
333 2772 401 2802 filio
427 2772 587 2810 magistro
612 2771 810 2811 Ricc[ardo],
836 2772 995 2802 canonico
1022 2774 1158 2803 Ambia-

144 2826 254 2861 nensi,
285 2825 455 2864 capellano
482 2825 595 2856 dilecti
623 2824 684 2853 filii
713 2825 818 2854 nostri
843 2824 1017 2864 R[oherti],
1045 2827 1158 2856 Sancti

179 2945 199 2969 1.
215 2945 252 2969 Le
264 2948 338 2969 texte
356 2948 451 2976 porte:
471 2953 482 2967 <i
494 2945 667 2969 Sinceram...
681 2947 754 2968 tuam
768 2947 794 2967 et
806 2947 915 2967 tuorum
928 2944 1156 2969 devotionem...»

1238 340 1408 371 Eustachii
1431 342 1561 373 diaconi
1582 343 1771 379 cardinalis,
1793 346 1863 380 tibi,
1883 355 1941 376 sue
1962 347 2135 384 probitatis
2159 348 2244 377 ohti-

1237 393 1329 422 nenti
1351 394 1515 430 notitiam,
1540 405 1604 425 non
1628 397 1758 435 expedit
1781 398 1897 435 exponi
1922 398 2042 429 litteris
2066 400 2208 438 qualiter
2227 410 2245 430 a

1236 444 1344 483 longis
1368 447 1582 484 temporibus,
1605 448 1710 478 cultui
1734 449 1924 480 desudando
1943 451 2093 488 scientie,
2112 461 2146 481 se
2170 461 2245 489 gra-

1237 497 1358 527 tiosum
1381 499 1545 530 studuerit
1568 501 1734 532 exhihere.
1758 502 1840 533 Cum
1858 503 1968 541 igitur,
1991 508 2022 533 et
2037 509 2169 543 propter
2185 505 2244 535 hoc

1237 553 1268 579 et
1295 550 1374 589 quia
1401 550 1488 581 idem
1516 556 1592 583 tuus
1619 554 1722 584 frater
1745 554 1866 591 existit,
1894 555 1955 585 tibi
1978 561 2147 595 acceptum
2172 566 2244 587 esse

1236 602 1353 633 debeat
1368 608 1404 634 ut
1419 604 1528 642 ipsum
1546 607 1699 644 specialis
1715 608 1799 638 dono
1816 609 1920 646 gratie
1937 610 2159 648 prosequaris,
2177 611 2245 640 fra-

1237 657 1425 687 ternitatem
1454 662 1543 688 tuam
1575 669 1728 698 rogamus
1759 665 1790 691 et
1821 661 1993 692 hortamur
2022 667 2156 698 attente,
2188 673 2245 702 per

1237 709 1416 747 apostolica
1440 711 1498 740 tihi
1520 712 1643 750 scripta
1665 713 1859 744 mandantes
1883 719 2047 753 quatenus
2071 715 2188 751 eidem,
2209 721 2245 746 ut

1236 762 1366 797 asserit,
1385 763 1578 794 thesaurum
1596 774 1687 796 sacre
1708 766 1826 804 pagine
1844 767 1908 796 sibi
1932 767 2061 797 adicere
2083 768 2241 806 cupienti,

1236 824 1333 853 quem
1353 824 1390 845 eo
1405 816 1538 847 facilius
1555 817 1733 856 adepturus
1748 819 1904 851 creditur,
1923 829 1986 858 quo
2003 820 2097 858 plene
2113 821 2148 850 in
2167 821 2243 851 aliis

1235 869 1414 905 profecisse
1439 870 1578 906 videtur,
1605 880 1669 900 non
1688 871 1839 902 obstante
1860 872 1946 911 quod
1969 873 2039 911 ipse
2063 874 2242 904 canonicus

1236 921 1514 960 Rothomagensis
1537 923 1660 959 existit,
1678 924 1712 953 in
1734 933 1799 954 uno
1816 924 1854 954 de
1874 925 2066 955 melioribus
2085 935 2243 964 persona-

1235 974 1324 1004 tibus
1348 975 1585 1005 Ambianensis
1611 977 1760 1011 ecclesie,
1789 977 1817 1007 si
1843 982 1934 1007 vacat
1955 978 1995 1008 ad
2020 988 2167 1017 presens,
2191 980 2242 1010 vel

1235 1036 1333 1065 quam
1350 1027 1415 1057 cito
1431 1037 1465 1058 se
1486 1029 1627 1059 facultas
1646 1029 1837 1069 [obtulerit],
1856 1040 1913 1068 pro
1930 1036 2041 1061 nostra
2058 1036 2088 1061 et
2105 1033 2244 1070 Aposto-

1235 1079 1298 1110 lice
1322 1080 1416 1110 Sedis
1439 1082 1626 1111 reverentia
1646 1082 1818 1120 providere
1836 1092 1991 1121 procures
2015 1095 2068 1119 -3
2095 1084 2243 1124 alioquin

1236 1132 1366 1163 dilectis
1384 1133 1463 1163 filiis
1483 1157 1502 1162 ..
1523 1134 1757 1165 archidiacono
1774 1140 1804 1165 et
1822 1159 1842 1165 ..
1863 1137 2028 1174 preposito
2049 1137 2245 1168 Atrebaten-

1236 1185 1329 1215 sibus
1347 1186 1469 1216 nostris
1490 1186 1606 1216 damus
1628 1187 1750 1217 litteris
1771 1188 1805 1217 in
1825 1189 1991 1219 mandatis
2013 1194 2048 1218 ut
2067 1190 2130 1228 ipsi
2147 1199 2246 1228 super

1236 1237 1296 1267 hoc
1320 1238 1511 1268 mandatum
1536 1239 1752 1278 apostolicum
1777 1246 1993 1279 exequantur.
2017 1242 2247 1272 Contradicto-

1237 1300 1288 1320 res
1306 1296 1366 1320 etc.
1383 1292 1451 1321 Nos
1470 1292 1558 1322 enini
1575 1292 1813 1323 nichilominus
1828 1293 1960 1323 irritum
1976 1298 2006 1324 et
2023 1294 2121 1325 inane
2138 1295 2246 1326 decer-

1237 1344 1358 1380 nimus,
1381 1345 1409 1374 si
1426 1345 1505 1383 quid
1523 1345 1561 1375 de
1578 1345 1769 1384 hujusmodi
1787 1351 1965 1384 personatu
1985 1352 2094 1385 preter
2110 1349 2247 1378 manda-

1237 1401 1306 1426 tum
1324 1402 1472 1427 nostrum
1487 1398 1588 1428 fuerit
1602 1402 1844 1437 attemptatum.
1859 1400 1932 1430 Dat.
1947 1400 2112 1435 Laterani,
2128 1402 2156 1431 V
2171 1401 2246 1431 idus

1233 1450 1334 1489 junii,
1353 1459 1440 1480 anno
1456 1451 1693 1481 tertiodecimo.
1715 1464 1726 1478 ι

1307 1635 1425 1663 4876
1832 1637 1953 1670 Latran,
1969 1638 1999 1664 11
2015 1639 2079 1672 juin
2094 1639 2172 1665 1239.

1274 1697 1432 1731 Magistros
1448 1701 1475 1725 et
1492 1699 1596 1725 fratres
1613 1699 1717 1726 domus
1733 1699 1860 1726 Sanctae
1872 1700 1985 1727 Mariae
1996 1700 2245 1728 Theutonicorum

1238 1747 1429 1781 reprehendit
1446 1747 1521 1781 quod
1545 1748 1714 1774 adversario
1731 1748 1881 1775 Ecclesiae
1907 1750 2036 1775 favorem
2060 1749 2246 1784 impendant,

1238 1796 1338 1830 eisque
1356 1796 1477 1822 mandat
1492 1799 1636 1830 quatenus
1653 1796 1690 1823 ab
1707 1797 1752 1823 his
1767 1806 1796 1823 se
1812 1797 1968 1824 cohibeant
1982 1806 1988 1829 ;
2008 1798 2140 1832 alioquin
2159 1807 2248 1826 nove<

1238 1845 1299 1871 rint
1317 1854 1346 1871 se
1367 1848 1395 1871 et
1419 1845 1549 1879 ipsorum
1567 1845 1687 1872 domum
1712 1846 1880 1879 privilegiis
1907 1849 1934 1873 ct
1960 1847 2155 1880 indulgentiis
2179 1855 2248 1873 con-

1238 1893 1327 1920 cessis
1341 1893 1501 1927 privandos
1515 1902 1588 1920 esse.
1607 1908 1637 1911 —
1655 1894 1742 1925 (Rae.
1758 1894 1801 1926 19,
1820 1895 1839 1920 f.
1856 1894 1906 1921 118
1923 1893 1995 1929 [112]
2013 1898 2055 1927 r⁰;
2077 1904 2146 1921 ann.
2164 1895 2247 1927 XIII,

1238 1950 1262 1968 c.
1278 1942 1328 1973 74;
1344 1956 1375 1959 —
1393 1942 1525 1969 MonsAu
1543 1942 1621 1974 1192,
1638 1943 1657 1968 f.
1676 1942 1741 1973 354;
1760 1957 1790 1960 —
1810 1943 1993 1969 RODENBERG
2010 1943 2084 1973 749.)

1280 2055 1293 2069 α
1324 2043 1478 2071 Universis
1503 2044 1659 2080 magistris
1680 2048 1706 2072 et
1727 2044 1878 2079 fratribus
1900 2044 2006 2072 domus
2027 2044 2133 2073 Sancte
2155 2045 2250 2073 Μανία

1241 2097 1485 2125 Teutonicorum.
1503 2096 1576 2126 Non
1595 2096 1717 2135 injuste
1738 2096 1899 2125 miramur
1918 2114 1965 2125 —.
1985 2097 2055 2126 Dat.
2081 2096 2246 2131 Laterani,

1240 2150 1289 2179 III
1305 2149 1380 2179 idus
1393 2149 1493 2188 junii,
1511 2158 1597 2179 anno
1615 2149 1853 2179 tertiodecimo.
1876 2161 1888 2174 »

1309 2335 1427 2363 4827

1275 2398 1494 2425 Archidiacono
1512 2397 1743 2431 Rothomagensi
1762 2398 1884 2424 mandat
1904 2400 2047 2431 quatenus
2067 2397 2243 2429 Johannem,

1240 2448 1378 2475 comitem
1396 2448 1581 2479 Britanniae,
1598 2456 1647 2481 per
1666 2455 1820 2473 censuram
1838 2446 2068 2473 ecclesiasticam
2087 2447 2245 2480 compellat

1240 2499 1271 2523 ut
1283 2496 1424 2530 quosdam
1438 2496 1550 2523 nobiles
1566 2495 1723 2522 comitatus
1740 2495 1924 2526 Britanniae,
1941 2510 1975 2512 —
1991 2495 2051 2528 qui,
2072 2495 2179 2521 multos
2195 2503 2245 2521 ex-

1834 2335 1954 2367 Latrau,
1971 2334 2005 2361 10
2019 2335 2078 2361 mai
2095 2335 2172 2361 1239.

1241 2553 1337 2571 cessus
1363 2547 1464 2571 contra
1492 2544 1661 2578 episcopum
1688 2547 1715 2570 et
1741 2543 1896 2570 ecclesiam
1925 2542 2141 2569 Maciovienses
2166 2551 2246 2569 eom-

1242 2594 1405 2625 mittentes,
1432 2593 1509 2619 inter
1526 2594 1622 2618 cetera
1645 2592 1786 2623 facinora,
1808 2591 1911 2618 villam
1929 2591 2031 2617 Sancti
2048 2591 2190 2617 Maclovii
2212 2591 2247 2617 de

1242 2642 1361 2670 Bedano
1386 2643 1429 2672 (Σ
1448 2640 1851 2673 Saint-Malo-de-Bciguon),
1873 2639 1909 2666 ad
1931 2639 2055 2665 eundem
2077 2639 2245 2673 episcopum

1241 2693 1435 2725 spectantem,
1451 2690 1633 2721 invaserant,
1651 2704 1682 2707 —
1697 2692 1777 2722 cogat
1795 2691 1826 2715 ut
1841 2688 1951 2714 eisdem
1965 2688 2099 2722 episcopo
2113 2691 2140 2715 et
2157 2689 2248 2714 eccle-

1241 2741 1301 2767 siae
1315 2740 1414 2766 ablata
1428 2739 1586 2765 restituant
1603 2741 1629 2765 et
1646 2738 1681 2764 de
1696 2738 1831 2771 irrogatis
1845 2737 1962 2763 [lamnis
1979 2739 2007 2763 et
2027 2736 2147 2770 injuriis
2161 2736 2248 2762 satis-

1242 2788 1363 2815 faciant.
1392 2803 1422 2805 —
1447 2788 1533 2819 (Rno.
1559 2787 1601 2819 19,
1620 2787 1639 2813 f.
1664 2786 1714 2813 118
1736 2784 1808 2820 [112]
1835 2788 1874 2817 r‘';
1900 2794 1969 2812 ann.
1994 2785 2076 2817 XIII,
2099 2794 2122 2811 c.
2146 2785 2198 2815 75;
2216 2799 2247 2802 Α

1241 2836 1374 2863 MOREAU
1392 2836 1470 2867 1192,
1489 2836 1507 2861 s.
1525 2835 1599 2865 327.)

1284 2950 1297 2963 «
1321 2959 1340 2966 ..
1361 2937 1578 2966 archidiacono
1597 2936 1836 2972 Rothomagyensi.
1856 2933 1977 2963 Haheri
1996 2933 2090 2963 dehet
2109 2932 2248 2962 dilectus
