2553 3526
121 302 180 333 293
930 288 1239 333 QUATORZIEME
1262 289 1420 325 xxxsse.
2158 307 2213 334 -3111

122 369 231 397 dimus
244 366 368 396 nostris
382 365 503 395 litteris
520 365 553 393 in
569 364 752 393 11111111111115ι
771 368 817 398 111,
837 364 875 393 ad
892 363 999 393 locum
1016 370 1128 400 perso-

123 420 243 450 naliter
259 418 462 448 accedentes.
482 417 619 455 prefatis
638 416 814 445 sententiis
831 416 984 454 primitus
1002 414 1129 444 relaxa-

124 474 176 508 tis,
204 477 233 502 et
263 471 452 509 dispensam
475 479 548 499 cum
574 469 730 507 predictis
757 469 927 503 fratribus,
959 468 987 496 si
1017 467 1128 496 forsan

123 525 261 563 prefatis
291 523 386 561 ligati
411 522 587 552 sententiis
610 522 723 551 divina
743 522 850 551 medio
874 526 1017 558 tempore
1045 519 1130 549 cele-

122 579 285 613 brassent,
318 581 348 607 et
376 576 535 606 fratribus
566 576 623 614 qui
652 575 808 605 dicuntur
839 574 945 613 ejecti,
977 573 1128 611 receptis.

123 631 325 668 corrigerent
344 634 373 659 et
391 630 609 659 reformarent
626 628 760 662 ibidem,
781 632 844 656 tam
859 628 893 656 in
910 626 1015 664 capite
1033 635 1130 665 quam

122 684 158 713 in
180 683 350 719 membris,
376 691 438 721 que
465 681 679 712 correctionis
703 685 733 710 et
757 679 1002 709 reformationis
1025 679 1131 708 officio

124 741 298 766 noscerent
313 735 473 773 indigere,
493 739 533 770 et,
553 734 753 767 visitatores,
770 733 946 762 circatores
964 737 994 762 et
1013 732 1133 761 diffini-

125 795 222 824 tores,
241 789 328 818 viros
345 789 460 826 utique
478 788 637 817 discretos
659 792 689 816 ct
710 788 814 816 Deum
840 786 1005 817 timentes,
1024 786 1061 815 de
1079 795 1132 815 or-

123 843 201 873 dine
224 843 295 881 ipso
318 843 407 871 infra
426 842 551 871 dictum
573 840 753 870 triennium
777 840 981 877 deputantes.
1008 839 1131 868 ibidem

124 895 375 929 111611110111111115,
395 895 422 923 si
439 904 503 932 qua
522 894 555 923 in
574 902 686 923 eorum
707 893 821 923 ordine
844 892 1019 922 statuenda
1042 892 1131 922 vide-

123 954 214 985 rent,
243 948 344 978 salvis
374 947 530 985 predictis
556 946 669 984 regula
690 952 721 976 et
746 946 1027 975 institutionibus.
1061 954 1132 975 ces-

123 1006 218 1032 sante
242 1000 473 1039 appellatione,
498 1004 692 1034 statuerent,
720 1000 754 1028 in
781 999 952 1037 premissis
978 999 1132 1028 omnibus

123 1055 162 1085 de
178 1054 276 1093 plano
295 1058 326 1084 et
342 1053 414 1083 sine
432 1053 571 1091 strepitu
584 1053 703 1092 judicii
720 1053 919 1091 processuri.
934 1053 1030 1085 Sane,
1047 1052 1130 1082 sicut

123 1112 352 1147 procuratores
365 1106 498 1146 H[elie],
517 1116 533 1144 (1
541 1103 702 1136 uondam²
718 1106 837 1144 prioris
854 1106 1047 1135 monasterii
1063 1115 1132 1135 me-

123 1161 253 1196 morati,
270 1161 461 1190 mandatum
479 1160 518 1189 ad
536 1160 779 1198 impetrandum
797 1165 827 1189 et
839 1159 1131 1189 contradicendum

122 1214 292 1244 dumtaxat
309 1213 479 1248 habentes,
508 1217 747 1250 proposuerunt
772 1213 805 1241 in
830 1213 996 1250 presentia
1021 1212 1132 1241 dilecti

122 1267 184 1297 filii
199 1267 305 1297 nostri
324 1266 522 1306 S[tepbani],
546 1266 633 1295 tituli
658 1268 777 1295 Sancte
800 1266 903 1295 Marie
928 1265 1132 1303 Transtybe-

123 1321 186 1350 rim
206 1320 382 1358 presbiteri
402 1319 597 1351 cardinalis,
621 1328 719 1357 quem
738 1319 886 1357 partibus
906 1319 1056 1347 dedimus
1074 1328 1132 1347 au-

122 1373 280 1407 ditorem,
310 1367 492 1402 venerabili
519 1373 645 1411 f[ratre]
667 1377 777 1401 nostro
806 1395 824 1400 ..
848 1372 999 1410 episcopo
1024 1372 1132 1401 Pieta-

123 1426 218 1456 vensi
250 1430 280 1456 et
317 1425 452 1463 collegis
484 1426 591 1464 ipsius
629 1425 815 1454 volentibus
845 1425 879 1453 in
912 1425 1132 1463 inquisitione

124 1479 309 1518 procedere,
331 1488 429 1518 quam
449 1478 699 1509 contradictum
721 1477 861 1511 Heliam,
882 1478 921 1506 ad
938 1477 1132 1507 instantiam

123 1533 341 1572 quorumdam
368 1542 403 1561 ex
423 1532 584 1561 fratribus
606 1531 711 1570 ipsius
732 1531 942 1562 monasterii,
968 1535 1042 1561 ante
1060 1540 1133 1569 pre-

123 1585 245 1615 dictam
261 1585 485 1624 provisionem
503 1585 776 1614 commiseramus
793 1584 945 1619 eisdcm³y
969 1593 1025 1622 pro
1042 1589 1132 1622 parte

123 1639 244 1678 prioris
267 1639 415 1677 ejusdem
437 1639 499 1669 suit
524 1639 727 1677 propositum
749 1647 857 1667 coram
879 1638 926 1668 eis
944 1638 1039 1677 quod,
1065 1642 1132 1667 tum

123 1697 256 1731 propter
272 1692 525 1731 appellationem
541 1692 580 1722 ab
597 1692 678 1730 ipsis
696 1701 754 1730 pro
773 1701 810 1722 eo
825 1692 973 1729 legitime
989 1692 1133 1730 interpo-

123 1747 231 1783 sitam,
263 1747 342 1785 quia
366 1746 470 1776 dictos
500 1746 619 1775 fratres
650 1746 990 1775 excommunicatione
1014 1746 1133 1783 ligatos

122 1800 340 1830 admittebant
368 1800 402 1829 in
429 1800 676 1835 testimonium,
709 1804 737 1829 et
769 1800 875 1829 eidem
906 1801 1040 1829 nomina
1070 1805 1134 1830 tes-

121 1854 206 1883 tium
234 1853 466 1891 productorum
504 1857 618 1883 eontra
654 1853 762 1891 ipsum
799 1862 856 1891 per
885 1853 1132 1886 abecedarium,

121 1911 236 1936 contra
258 1906 493 1935 Latet-anensis
514 1910 636 1935 statuta
660 1905 804 1935 concilii,
828 1906 1039 1936 exhibebant,
1066 1911 1134 1936 tum

121 1962 253 1997 propter
284 1959 554 1988 commissionem
581 1959 703 1988 factam
735 1959 927 1996 prescriptis
959 1959 1134 1989 abbatibus

121 2016 153 2042 et
184 2011 362 2050 prioribus,
392 2021 450 2050 per
473 2021 572 2050 quam
599 2016 667 2041 erat
692 2021 805 2041 eorum
826 2012 1016 2050 jurisdictio
1041 2022 1134 2042 revo-

121 2068 206 2098 cata,
228 2065 262 2094 in
286 2064 505 2103 inquisitione
522 2064 593 2102 ipsa
615 2064 789 2102 procedere
812 2074 875 2094 non
894 2070 1044 2103 poterant
1076 2075 1134 2095 nee

122 2118 300 2154 debebant3
329 2123 370 2152 et,
402 2119 430 2147 si
461 2118 556 2148 aliter
587 2118 746 2147 ducerent
778 2119 1047 2156 presumendum,
1078 2128 1135 2157 pro

123 2171 209 2201 dicto
233 2171 343 2209 priore
370 2180 427 2209 per
455 2177 700 2209 procuratorem
725 2172 831 2209 ipsius
861 2172 923 2201 fuit
948 2172 987 2201 aul
1017 2172 1134 2202 Sedem

123 2225 344 2263 Apostolicam
363 2225 575 2262 appellatum.
599 2225 662 2255 Sed
683 2225 758 2262 ipsi.
787 2234 861 2254 eum
885 2234 983 2262 super
999 2224 1059 2254 boc
1077 2235 1136 2254 au-

123 2278 194 2307 dire
218 2282 333 2307 contra
353 2278 519 2316 justitiam
547 2277 759 2315 denegantes,
789 2278 930 2316 priorem
958 2278 1065 2316 ipsum
1097 2279 1135 2308 de

123 2331 220 2367 facto,
246 2339 320 2360 cum
341 2331 379 2360 de
405 2331 479 2369 jure
506 2339 571 2359 non
599 2335 744 2368 possent.
768 2330 808 2359 ab
834 2331 1135 2360 amministratione

124 2383 289 2422 prioratus
307 2384 620 2414 Grandimontensis
638 2393 694 2421 per
708 2384 916 2413 diffinitivam
935 2385 1136 2414 sententiam

124 2441 330 2467 amoverunt.
349 2437 561 2467 Postmodum
581 2446 657 2467 vero
674 2446 733 2465 nos
757 2437 882 2466 eisdem
906 2437 1081 2466 abbatibus
1106 2443 1135 2468 et

123 2490 291 2529 prioribus
310 2499 366 2529 per
384 2490 512 2520 litteras
532 2494 661 2519 nostras
687 2490 934 2529 injuncximus⁴
952 2495 998 2519 ut.
1020 2491 1047 2520 si
1067 2500 1135 2521 rem

121 2542 313 2573 invenirent
341 2543 451 2573 taliter
476 2552 510 2572 se
537 2543 670 2577 habere,
699 2543 863 2572 dictorum
894 2543 1135 2582 inquisitorum

124 2604 325 2634 processum,
352 2600 382 2625 et
405 2596 565 2634 quicquid
590 2604 626 2625 ex
655 2604 692 2625 eo
718 2595 768 2625 vel
794 2595 834 2624 ob
851 2595 959 2634 ipsum
986 2601 1136 2626 secutum

124 2649 290 2686 existeret,
308 2650 440 2680 irritum
458 2650 591 2688 penitus
609 2649 814 2684 nuntiantes,
829 2658 902 2679 curn
914 2659 972 2688 per
985 2650 1137 2680 commis—

158 2755 179 2779 1.
199 2754 241 2779 Cf.
257 2762 354 2786 supra,
372 2760 400 2778 n⁰
417 2755 488 2780 4436.

154 2799 178 2823 2.
199 2799 236 2823 Le
252 2802 309 2823 mot
324 2801 469 2829 quondam
490 2807 505 2823 a
526 2799 570 2823 eto
592 2799 683 2829 ajoute
704 2799 771 2822 dans
793 2799 818 2822 la
839 2799 911 2830 ligne
933 2800 1033 2829 meme,
1055 2799 1136 2823 d'une

125 2850 207 2867 encre
226 2850 264 2866 un
286 2850 337 2874 peu
359 2844 419 2874 plus
440 2844 534 2870 noire:
559 2844 576 2866 il
600 2844 703 2867 semble
724 2844 788 2874 qu'il
809 2851 844 2867 en
863 2844 917 2867 soit
938 2844 971 2867 de
993 2845 1079 2867 meme
1103 2844 1137 2867 de

123 2888 249 2912 l'initiale
265 2890 308 2915 Η..
325 2890 393 2911 mais
409 2889 466 2911 cela
483 2892 525 2912 est
541 2888 630 2912 moins
646 2893 759 2912 certain.

157 2932 180 2956 3.
201 2931 242 2956 Cf.
259 2939 356 2961 supra,
373 2936 401 2955 n·
416 2932 486 2956 3150.
681 2933 683 2935 ’

158 2975 180 3000 4.
200 2975 241 3000 Cf.
258 2982 357 3004 supra,
373 2980 401 2998 n·
415 2976 484 3000 4638,

1213 361 1339 390 sionem
1369 363 1416 391 eis
1445 363 1563 391 factam
1596 363 1830 402 inquisitorum
1859 366 2003 403 ipsorum
2027 369 2214 406 jurisdictio

1213 414 1404 451 expirasset.
1417 415 1449 444 in
1461 416 1651 445 executione
1668 417 1811 445 mandati
1825 419 1940 447 nostri.
1952 421 2062 456 previa
2076 423 2213 452 ratione.

1213 467 1426 503 procederent
1439 468 1530 506 juxta
1548 469 1699 497 traditam
1716 470 1763 499 eis
1775 470 1923 500 formam.
1940 472 2003 501 Sed
2018 473 2092 510 ipsi,
2112 475 2214 511 prius-

1214 528 1311 557 quam
1327 520 1365 548 ad
1383 530 1437 549 eos
1455 521 1644 551 mandatum
1662 522 1852 560 hujusmodi
1870 525 2066 561 perveniret,
2084 527 2117 555 in
2132 536 2216 556 com-

1214 572 1315 601 misso
1332 573 1395 601 sibi
1412 574 1541 611 negotio
1560 584 1728 612 perperam
1747 576 1968 613 procedentes,
1991 583 2061 615 post
2078 580 2216 617 appella-

1215 625 1337 655 tionem
1356 627 1394 655 al·
1413 627 1460 656 eis
1477 637 1513 656 ex
1527 637 1562 657 eo
1582 628 1821 666 interpositam,
1842 639 1881 659 ne
1898 640 2051 668 processu
2071 633 2216 670 priorum

1211 679 1359 716 judicum
1385 685 1568 709 uterentur.
1591 686 1621 710 et
1647 691 1686 711 ne
1715 682 1855 719 priorem
1882 684 1989 721 ipsum
2021 686 2217 724 participare

1215 741 1288 761 cum
1312 734 1603 763 excommunicatis
1628 734 1677 763 vel
1703 735 1776 764 illos
1798 735 1865 773 qui,
1885 736 1989 774 culpis
2011 747 2122 767 eorum
2149 740 2217 768 exi-

1215 785 1380 821 gentibus,
1409 786 1446 815 de
1474 787 1619 823 predicto
1638 789 1838 818 monasterio
1859 790 2040 819 secundum
2065 791 2218 821 instituta

1215 837 1342 866 ordinis
1359 843 1433 867 sunt
1457 839 1569 875 amoti,
1589 840 1734 877 recipere
1757 844 1943 878 cogerentk
1969 843 2037 873 sive
2063 853 2102 873 ne
2128 853 2218 874 amo-

1217 891 1315 920 tionis
1339 892 1537 921 sententiam
1563 892 1602 921 ab
1621 893 1744 922 eisdem
1768 894 2023 932 inquisitoribus
2048 897 2156 928 latam,
2184 898 2215 926 in

1216 945 1357 981 priorem
1381 945 1520 973 eundem
1549 947 1743 975 contii-mare
1773 953 2011 984 presumerent,
2045 949 2094 978 vel
2123 945 2219 979 aliter

1216 997 1389 1034 procedere
1416 1007 1511 1035 quam
1540 998 1586 1027 eis
1613 998 1800 1027 dederimus
1822 1000 1855 1028 111
1882 1001 2046 1030 mandatis
2069 1012 2075 1030 t
2098 1003 2216 1032 dictam

1216 1051 1413 1079 sententiam
1438 1056 1552 1080 contra
1568 1052 1731 1090 justitiam
1756 1054 2004 1088 confirmarunt,
2025 1055 2057 1083 in
2077 1056 2216 1093 priorem

1216 1104 1323 1141 ipsum
1340 1109 1367 1132 ct
1388 1104 1584 1134 adherentes
1600 1105 1705 1134 eidem
1723 1107 2072 1137 excommunicationis
2090 1114 2218 1139 senten·

1216 1157 1294 1185 tiam
1312 1156 1565 1194 promulgandog
1584 1166 1642 1186 nec
1660 1157 1725 1185 lliis
1743 1159 1900 1191 contenti,
1921 1159 2038 1196 ipsum,
2060 1169 2123 1189 non
2141 1170 2218 1190 con-

1215 1210 1339 1238 sessum
1363 1209 1411 1238 vel
1434 1210 1636 1239 convictum.
1664 1210 1703 1239 ab
1727 1211 2026 1242 amministratione
2055 1213 2219 1251 prioratus

1216 1262 1374 1300 ejusdem,
1400 1263 1613 1300 pretermisso
1630 1264 1715 1302 juris
1738 1264 1864 1294 ordine.
1888 1271 2090 1295 amoverunt.
2112 1267 2219 1302 Quare

1215 1316 1322 1345 (lictus
1344 1315 1482 1355 H[elias]
1507 1316 1613 1345 denuo
1633 1321 1778 1346 nostram
1803 1317 2004 1347 audientiam
2031 1319 2218 1356 appellavit.

1215 1369 1277 1397 Sed
1295 1369 1374 1406 ipsi,
1398 1369 1469 1407 ejus
1491 1369 1709 1407 appellatione
1731 1375 1925 1408 contempta.
1948 1371 2133 1402 ,Iohannem
2151 1373 2220 1402 dic-

1217 1426 1283 1451 tum
1305 1422 1342 1451 de
1362 1422 1495 1460 Aquila,
1520 1423 1850 1456 excommunicatum,
1876 1424 2069 1454 absentibus
2090 1430 2120 1455 et
2136 1426 2219 1456 irre-

1215 1475 1350 1514 quisitis
1377 1475 1534 1504 fratribus
1558 1475 1727 1505 domorum
1754 1477 1901 1515 ejusdem
1924 1479 2132 1514 monasterii,
2163 1480 2219 1518 qui

1216 1529 1262 1558 sie
1289 1528 1327 1558 ad
1354 1528 1425 1562 hoc,
1455 1528 1635 1558 secundum
1662 1534 1784 1559 statuta
1807 1530 1944 1565 ordinis,
1974 1537 2160 1567 evocantur,
2185 1537 2221 1562 ut

1216 1582 1278 1611 duo
1296 1591 1332 1611 ex
1352 1582 1435 1620 ipsis
1460 1581 1498 1611 de
1519 1581 1662 1619 singulis
1683 1582 1834 1612 domibus
1851 1583 2024 1613 mittantur
2041 1584 2077 1613 ad
2100 1584 2218 1619 locum,

1216 1640 1306 1665 extra
1322 1635 1454 1664 domum
1474 1635 1819 1670 Grandimontensem,
1837 1636 1871 1665 in
1892 1637 2035 1674 priorem
2052 1638 2220 1668 intrudere

1216 1692 1500 1726 presumpserunt,
1519 1688 1552 1717 111
1569 1688 1676 1726 ipsius
1689 1689 1907 1727 prejudicium
1925 1694 1955 1719 et
1966 1699 2063 1727 grave
2082 1691 2220 1720 11161101·-

1216 1741 1304 1771 dinis
1321 1741 1567 1771 detrimentum.
1579 1741 1665 1777 Quid
1676 1741 1791 1779 plura?
1806 1742 1890 1779 Ipsis
1904 1743 1943 1771 ad
1959 1743 2083 1773 dictum
2094 1753 2219 1773 monas-

1217 1795 1349 1827 terium,
1375 1794 1436 1823 sub
1456 1795 1608 1832 expensis
1627 1799 1848 1824 trecentarum
1864 1805 2050 1825 marcarum
2068 1797 2106 1826 de
2124 1797 2220 1826 bonis

1216 1848 1380 1886 ejusdem,
1406 1847 1708 1877 transmittentibus
1734 1848 1982 1878 multitudinem
2006 1854 2218 1881 armatorum.

1216 1901 1334 1931 111-,11115
1351 1901 1475 1929 dictum
1497 1901 1638 1938 priorem
1656 1905 1685 1930 et
1703 1901 1821 1930 fratres
1834 1901 1980 1931 inclusos
1996 1902 2222 1932 detinentibus

1217 1960 1245 1984 et
1278 1954 1566 1991 confringentibus
1596 1954 1731 1983 claustri
1762 1963 1798 1984 ae
1828 1954 1998 1984 domorum
2028 1957 2221 1985 monasterii

1213 2009 1344 2047 januas.
1362 2007 1447 2036 idem
1462 2007 1551 2045 prior
1567 2012 1597 2037 et
1610 2008 1739 2038 fratres,
1756 2016 1866 2037 corum
1880 2013 1980 2042 metu,
1994 2009 2033 2037 ad
2050 2009 2222 2039 ecclesiam

1217 2062 1452 2098 (amfugeruntz
1480 2061 1574 2098 eujus
1599 2060 1760 2089 fenestras
1783 2060 1862 2089 dicti
1882 2061 1999 2090 armati
2023 2070 2079 2099 per
2098 2062 2224 2092 violen-

1219 2115 1297 2143 tiam
1318 2113 1578 2150 confringentes,
1604 2117 1635 2142 et
1656 2122 1712 2150 per
1733 2113 1822 2150 ipsas
1841 2114 1930 2142 fumo
1950 2114 2133 2151 affligentes
2153 2124 2225 2144 eos-

1217 2167 1302 2197 dem.
1323 2166 1479 2196 thesauro
1496 2165 1646 2199 ecclesie,
1672 2174 1707 2195 ac
1732 2166 1839 2195 blado.
1859 2167 1946 2201 vino,
1967 2167 2168 2197 animalibus
2188 2177 2223 2197 ac

1218 2221 1313 2250 bonis
1337 2220 1411 2249 aliis
1434 2219 1629 2249 monasterii
1651 2220 1839 2257 asportatis,
1864 2220 1897 2248 111
1922 2220 2095 2250 ecclesiam
2117 2221 2223 2258 ipsam

1218 2274 1365 2313 ejusdem
1388 2273 1508 2311 prioris
1526 2272 1732 2302 adversarios
1754 2273 1975 2302 immiserunt.
1996 2275 2149 2303 preterea
2167 2283 2223 2303 su-

1218 2326 1355 2366 pradicti
1376 2325 1509 2355 abbates
1528 2331 1556 2355 et
1575 2326 1711 2363 priores,
1728 2326 1889 2363 prefatum
1908 2325 2062 2364 H[eliam]
2081 2326 2222 2355 enormi·

1219 2384 1267 2409 ter
1284 2379 1503 2413 diffamantes,
1524 2379 1557 2407 in
1575 2378 1681 2416 ipsum
1702 2387 1808 2407 coram
1827 2377 1913 2407 clero
1931 2383 1960 2407 et
1978 2378 2095 2416 populo
2109 2379 2221 2407 adhoc

1219 2431 1407 2470 specialiter
1417 2431 1614 2465 convocatis,
1629 2430 1682 2470 [et]
1701 2431 1734 2459 in
1746 2430 1910 2469 quoslibet
1923 2431 1978 2468 qui
1991 2440 2064 2460 eum
2080 2431 2220 2468 priorem

1219 2485 1438 2523 appellabant.
1462 2483 1626 2522 publicam
1651 2483 2000 2513 excommunicationis
2024 2484 2221 2513 sententiam

1218 2539 1304 2568 ferre
1322 2541 1534 2575 presumunt:
1560 2536 1710 2565 scribunt
1726 2536 1824 2565 etiam
1842 2535 2055 2565 ecclesiarum
2074 2536 2219 2574 prelatis,

1219 2591 1395 2621 comitibus
1410 2594 1438 2619 et
1456 2589 1635 2618 baronibus
1653 2588 1810 2625 regionis.
1824 2588 1906 2626 ipsis
1921 2589 2115 2618 auctoritate
2132 2598 2221 2627 apos-

1220 2644 1317 2673 tolica
1332 2643 1555 2681 injungentes,
1570 2646 1604 2670 ut
1616 2641 1806 2670 obedientes
1823 2640 1908 2670 dicto
1920 2640 2022 2678 priori
2037 2650 2054 2669 a
2070 2641 2221 2671 domibus

1219 2696 1337 2735 prefati
1361 2695 1524 2733 prioratus
1548 2693 1721 2731 expellant,
1743 2697 1773 2722 et
1794 2693 1987 2723 resistentes
2009 2693 2115 2723 eidem
2137 2694 2221 2724 reci-

1220 2751 1309 2788 piant
1326 2749 1360 2777 111
1380 2748 1462 2786 ipsis
1479 2752 1509 2777 et
1527 2748 1639 2776 favore
1662 2745 1814 2775 benivolo
1839 2751 2090 2784 prosequantur,
2109 2746 2220 2776 domos

1220 2801 1369 2839 singulas
1385 2810 1497 2830 eorum
1511 2799 1889 2836 singulisassig11antes3
1905 2799 2221 2829 excommunicatum

1220 2864 1296 2885 vero
1313 2854 1456 2892 aliquem
1473 2853 1645 2882 occasione
1665 2851 1854 2891 hujusmodi
1872 2860 1936 2881 non
1953 2851 2137 2887 absolvunt,
2158 2852 2222 2881 nisi

1254 2971 1274 2994 1.
1293 2972 1341 2993 Ms.
1357 2978 1363 2992 :
1379 2971 1532 2999 cogeretur.
