2553 3526
147 333 205 363 577
933 327 1148 358 REGISTRE
1170 328 1225 357 DE
1248 319 1458 357 PERousn.
2191 333 2247 361 578

145 395 421 437 persuasionibus
436 395 568 429 alienis,
587 404 649 433 que
666 395 759 424 vobis
779 395 909 433 proprie
932 394 1084 432 puritatis
1105 394 1154 423 af-

145 451 253 481 fectus
270 449 396 488 jugiter
413 449 587 486 persuadet
607 458 612 476 :
636 458 676 478 ne
696 453 803 478 tamen
823 449 860 478 de
884 448 1154 485 contingentibus

145 505 273 544 aliquid
289 505 462 533 videanmr
480 504 642 536 omittere,
664 504 915 533 universitatsuu
938 508 1079 532 vestram
1102 511 1155 531 ro-

146 566 274 596 gamus
295 566 468 586 monemus
492 561 521 586 et
544 556 716 586 hortamur
739 561 873 586 attente.
899 565 954 593 per
977 555 1155 593 apostolica

145 611 269 649 scripta
282 610 480 639 mandantes
498 610 668 648 quatinus,
685 610 770 639 sicut
788 608 1000 638 laudabiliter
1016 608 1155 645 incepis-

144 663 200 696 tis,
222 661 464 701 impe1·ter[r]iti
488 662 716 700 persistentes.
739 661 897 691 continua
918 669 974 689 vos
995 660 1156 690 studeatis

145 716 342 746 fortitudine
367 715 533 750 roborare,
561 719 596 744 ut
619 719 767 753 prompta
786 713 1060 751 magnanimitate
1082 722 1156 751 pro-

145 768 272 798 bemini
295 768 334 798 de
358 768 479 798 virtute
496 768 654 806 proficere
670 767 704 796 in
722 767 890 801 virtutem,
912 766 950 795 de
971 766 1067 795 nobis
1086 775 1157 795 om-

145 821 314 851 nimodam
342 824 373 850 et
400 820 622 850 indubitatam
650 820 806 849 fiduciam
831 819 1026 854 obtinendo,
1053 819 1155 857 quod,

144 882 280 904 causam
303 878 446 903 vestram
473 878 629 912 tanquam
654 873 820 911 propriam
845 877 1055 911 reputantes,
1085 881 1157 902 eam

144 931 304 966 tanquam
318 931 466 957 nostram
479 927 693 965 proponimus
708 936 911 965 promovere.
925 927 998 956 Dat.
1012 926 1156 961 Perusii,

143 989 261 1010 mense
278 980 423 1018 augusti,
442 989 529 1010 anno
546 980 702 1011 secundo.
725 992 737 1006 »

179 1213 300 1241 Eisdem
317 1213 466 1247 significat
477 1221 507 1240 se
521 1215 681 1240 tractatum
695 1221 781 1247 quem
797 1221 884 1247 super
895 1212 1047 1239 communi
1062 1213 1158 1247 Apos-

142 1261 251 1291 tolicae
265 1261 351 1289 Sedis
366 1264 395 1288 et
408 1261 503 1296 ipsius
520 1261 677 1288 Societatis
693 1262 824 1295 profectu
836 1264 865 1288 et
882 1262 999 1292 honore,
1014 1269 1081 1287 cum
1097 1262 1158 1288 An-

143 1311 281 1338 tiocheno
303 1310 473 1344 patriarcba
490 1313 519 1337 et
539 1311 629 1337 fratre
649 1311 755 1341 Guala,
774 1310 859 1337 Sedis
875 1310 1063 1343 Apostolicae
1080 1318 1158 1336 nun—

143 1359 206 1392 tiis,
231 1359 409 1391 habuerunt,
432 1362 530 1385 ratum
556 1361 585 1385 et
610 1362 726 1392 gratum
754 1359 870 1385 habere.
903 1373 934 1376 —
964 1359 1051 1390 (Rea.
1080 1359 1155 1385 PER.

143 1408 166 1435 f.
183 1407 200 1435 8
215 1412 251 1440 ν’,
265 1411 298 1434 n⁰
309 1407 367 1438 21.)

767 1151 905 1184 Perouse‚
922 1153 990 1178 aont
1005 1151 1085 1178 1228.

185 1521 198 1536 κ
218 1509 350 1538 Eisdem.
367 1508 618 1546 Beneplacitum
635 1513 685 1539 est
701 1509 842 1538 Domino
859 1509 1067 1539 concordiam
1085 1509 1155 1538 dili-

138 1561 246 1603 genti,
269 1565 305 1590 ut
329 1561 427 1600 quod,
451 1561 628 1591 dilectione
655 1566 811 1599 operante
834 1571 892 1600 per
914 1562 1023 1597 fidem,
1046 1562 1157 1600 plures

141 1613 322 1644 intendunt
346 1613 500 1644 unanimi
527 1613 708 1650 voluntate,
740 1615 849 1644 votivo
875 1614 1078 1652 compleatur
1109 1615 1157 1644 ef-

141 1667 250 1702 fectu3
267 1675 328 1696 nec
345 1670 395 1697 est
410 1666 629 1697 dilationibus
646 1667 894 1702 retardandum,
909 1667 994 1705 quod
1011 1676 1077 1697 non
1091 1677 1157 1697 am-

141 1719 268 1758 bigitur
284 1719 339 1749 llli
351 1728 368 1749 a
385 1728 449 1758 quo
461 1724 539 1749 sunt
555 1719 697 1750 consilia
713 1719 946 1758 complacere¹.
960 1720 1157 1757 Cumigitur

141 1781 181 1804 ex
203 1772 321 1803 devota
343 1772 406 1802 fide
433 1781 469 1802 ac
492 1772 667 1803 devotione
689 1773 779 1803 fideli
803 1771 910 1811 qua[s]
936 1782 1013 1811 erga
1038 1782 1098 1802 nos
1126 1778 1157 1803 et.

141 1827 327 1859 Romanam
344 1825 528 1856 Ecclesiam
548 1826 718 1856 voluntate
736 1835 772 1856 ac
796 1826 924 1856 actione
943 1826 1157 1856 laudabiliter

141 1878 319 1913 exhibetis,
347 1878 385 1908 de
410 1878 504 1908 vobis
530 1878 752 1908 indubitatam
779 1879 935 1908 fiduciam
960 1879 1154 1913 habeamus,

143 1935 319 1962 tractatum
344 1941 443 1970 quem
470 1941 570 1970 super
599 1933 767 1962 communi
796 1932 943 1970 prosectu
974 1937 1005 1962 et
1032 1932 1156 1962 honore

140 1984 330 2023 Apostolice
347 1984 442 2015 Sedis
466 1994 503 2014 ac
522 1990 641 2021 vestro,
664 1994 738 2014 cum
758 1985 941 2015 venerabili
959 1986 1061 2015 fratre
1079 1994 1156 2016 nos-

141 2042 192 2068 tro
221 2060 241 2068 ..
271 2037 480 2067 Antiocheno
508 2037 700 2076 patriarcha
728 2047 764 2068 ac
802 2038 921 2068 dilecto
956 2038 1025 2068 filio
1054 2039 1155 2069 fratre

141 2089 286 2130 Guat[a],
302 2090 431 2120 nuntiis
446 2090 579 2126 nostris,
599 2090 743 2120 invicem
765 2090 944 2125 habuistis,
963 2091 998 2120 in
1022 2091 1155 2129 scriptis

143 2143 278 2182 publica
292 2151 394 2173 manu
412 2143 582 2173 redactum
604 2148 635 2173 et
656 2143 832 2174 Societatis
848 2143 959 2181 sigillo
975 2144 1154 2178 munitum,

143 2195 184 2226 ab
203 2195 252 2226 eis
267 2195 364 2225 nobis
382 2195 575 2225 intimatum
591 2195 734 2225 fideliter
755 2199 786 2226 et
806 2197 1042 2234 perspicaciter
1056 2197 1156 2227 intel-

142 2247 278 2283 lectum,
297 2248 337 2279 de
361 2248 502 2278 consilio
518 2249 659 2278 fratrum
682 2252 891 2278 nostrorum²
906 2254 1015 2279 ratum
1032 2254 1062 2280 et
1082 2260 1155 2288 gra-

143 2304 212 2331 tum
234 2300 408 2336 hahentes,
432 2301 551 2332 effectu
574 2306 794 2340 prosequente
818 2302 975 2340 compleri
998 2308 1028 2333 et
1051 2303 1157 2332 firmi-

143 2358 211 2384 tate
237 2353 390 2384 volumus
416 2353 605 2384 inviolabili
630 2354 811 2385 observari.
843 2356 892 2385 Ne
919 2361 1029 2385 autem
1058 2365 1157 2394 super

142 2405 212 2436 hiis
223 2405 369 2436 dubitari
380 2406 485 2444 possit
497 2406 530 2435 in
543 2411 723 2444 posterum,
735 2411 906 2445 presentes
920 2407 1048 2438 litteras
1063 2409 1156 2438 vobis

143 2458 299 2488 duximus
323 2459 360 2488 in
387 2459 616 2489 testimonium
643 2459 881 2490 concedendas.
907 2461 982 2490 Dat.
1011 2462 1154 2491 Perusii.

143 2520 259 2542 mense
276 2512 420 2550 augusti,
440 2521 528 2542 anno
545 2513 701 2542 secundo.
723 2525 736 2539 η

215 2681 270 2710 (31
278 2683 334 2710 22
766 2684 904 2717 Perouse,
921 2686 990 2712 aout
1004 2684 1084 2712 1228.

180 2743 388 2772 Patriarcham
404 2744 628 2772 Antiochenum
647 2748 675 2772 et
691 2746 812 2773 fratrem
836 2746 975 2780 Gualam,
991 2745 1039 2781 [de
1054 2747 1157 2774 ordine

176 2856 199 2881 1.
215 2857 254 2881 Le
268 2860 344 2881 texte
359 2857 393 2881 de
408 2865 439 2881 ce
458 2865 574 2889 passage
594 2863 635 2883 est
655 2861 756 2883 obscur
773 2863 799 2884 et
815 2861 1101 2884 vraisemblablement
1117 2860 1157 2884 at-

144 2899 214 2925 tere.

175 2944 198 2968 2.
220 2943 257 2968 Ici
279 2951 385 2968 comme
402 2945 470 2968 dans
485 2945 512 2969 la
528 2945 605 2976 piece
622 2946 698 2977 6119,
719 2948 758 2971 les
779 2951 850 2972 mots
865 2955 870 2972 :
890 2956 901 2970 «
919 2947 952 2972 de
967 2948 1084 2972 consilio
1100 2948 1156 2971 fra-

143 2990 218 3012 trum
231 2991 392 3013 nostrorum
407 2998 419 3010 »
437 2992 486 3013 ont
502 2990 546 3014 ete
562 2991 669 3021 ajoutes
685 2998 720 3015 en
735 2999 836 3022 marge-

268 3038 456 3071 GRF'JGOIRE
475 3047 525 3077 lx,
545 3050 563 3073 t.
583 3048 631 3072 111.

1236 393 1502 427 Praedicatot·11111.l
1518 394 1637 420 nuutios
1651 403 1726 420 suos.
1740 397 1820 428 rogat
1832 398 1859 421 et
1872 399 1967 422 monet
1980 399 2123 429 quatenus
2133 397 2248 425 instent

1237 445 1267 469 ut
1282 445 1406 468 rectores
1420 442 1577 469 Societatis
1594 441 1810 477 [Lonibardiae,
1822 443 1974 469 Marchiae
1990 453 2023 470 ac
2042 445 2245 481 Romaniolae]

1238 490 1381 524 promissa
1398 490 1558 517 exhibeant
1579 494 1607 517 et
1632 491 1715 517 mille
1741 491 1852 517 milites
1873 491 1909 517 ad
1935 491 2034 518 minus
2056 493 2245 526 promittant.

1236 541 1305 565 ante
1322 539 1489 572 proximum
1508 539 1585 565 beati
1603 540 1761 566 Michaelis
1783 541 1890 566 festum
1911 540 2124 573 expediendo&
2145 550 2244 568 eorum

1237 588 1463 622 circumspectio
1488 592 1596 615 cuncta
1618 589 1788 623 provideat;
1812 589 1921 615 litteris
1944 590 2114 623 apostolicis
2138 591 2173 617 ad
2200 600 2248 618 eos

1238 636 1337 663 missis
1353 645 1440 671 super
1465 637 1560 664 reditu
1584 637 1677 671 ipsius
1700 638 1798 665 fratris
1822 638 1934 665 Gualae
1957 642 1985 665 et
2007 639 2075 666 aliis
2099 641 2246 673 articulis,

1238 693 1304 711 cum
1319 688 1477 719 antequam
1495 686 1625 719 ipsorum
1643 687 1765 713 nuntius
1782 687 1818 713 ad
1838 688 2029 721 apostolicam
2047 689 2245 722 praesentiam

1238 733 1400 766 accederet,
1411 734 1541 761 bullatae
1551 735 1611 768 jam
1626 738 1733 766 essent,
1747 738 1869 762 utantur
1884 736 2045 763 secundum
2064 737 2140 770 quod
2153 738 2247 771 magis

1239 782 1355 816 negotio
1371 785 1399 809 et
1420 782 1570 809 Ecclesiae
1587 783 1767 817 profectibus
1782 784 1914 811 viderint
1931 785 2080 818 expedire.
2101 799 2135 804 —-
2156 786 2246 817 (Res.

1239 831 1315 858 PER.
1332 832 1352 857 f.
1369 831 1384 858 8
1399 835 1433 863 1¹³,
1449 836 1479 857 n⁰
1495 832 1552 862 22.)

1281 939 1292 951 (ι
1316 925 1363 963 [..]
1382 925 1581 964 palr[1'(11·che]
1604 925 1813 964 Anffiocheuo]
1832 932 1856 954 et
1879 928 1972 961 fratri
1993 928 2121 964 Gzcal[‹’].
2146 927 2248 957 Liue-

1241 986 1351 1006 rarum
1383 982 1566 1006 vt‘fstrarum
1599 977 1696 1006 serie.
1732 986 1813 1015 quas
1846 982 2014 1015 gratanter
2046 980 2246 1016 accepimus.

1241 1030 1475 1067 perspicaciter
1495 1029 1674 1063 intellecta,
1698 1030 1958 1060 sollicitudinem
1980 1040 2015 1060 ac
2039 1031 2247 1069 diligentiam

1240 1087 1383 1111 vestram
1400 1082 1510 1119 (lignis
1524 1082 1558 1110 in
1576 1082 1716 1111 Domino
1732 1082 1886 1112 laudibus
1904 1084 2182 1114 commendamus.
2204 1084 2249 1113 vi-

1240 1135 1355 1164 dentes
1380 1134 1466 1172 quod
1492 1134 1609 1164 merito
1634 1134 1710 1164 fidei
1739 1140 1845 1164 vestre
1871 1144 1990 1173 magna
2018 1136 2173 1173 dignatus
2200 1142 2250 1166 est

1240 1188 1402 1218 Dominus
1421 1189 1561 1225 operari,
1584 1193 1614 1217 et
1633 1188 1757 1226 majora
1779 1189 1981 1226 operabitur,
2004 1194 2039 1218 ut
2062 1199 2246 1227 speramus.

1240 1241 1406 1275 Ceterum,
1430 1240 1507 1270 licet
1529 1250 1627 1279 super
1647 1240 1715 1270 hiis
1736 1250 1799 1279 que
1819 1241 1896 1271 fidei
1919 1247 2026 1271 vestre
2049 1242 2249 1272 fiducialiter

1241 1298 1317 1323 sunt
1340 1294 1528 1327 commissa,
1554 1293 1758 1331 superfluum
1776 1293 1817 1323 sit
1842 1294 1967 1323 monita
1990 1294 2183 1329 instaurari,
2207 1304 2249 1325 ne

1241 1351 1350 1376 tamen
1367 1347 1545 1385 quicquam
1558 1346 1596 1376 de
1613 1347 1883 1384 contingentibus
1900 1347 2051 1377 omittere
2064 1348 2245 1383 videamur,

1240 1400 1475 1429 discretionem
1492 1404 1635 1429 vestram
1652 1408 1817 1437 rogamus.
1835 1409 2009 1429 monemus
2029 1405 2059 1430 et
2077 1400 2250 1430 hortamur

1240 1457 1375 1483 attente.
1393 1462 1449 1491 per
1468 1453 1647 1490 apostolica
1670 1453 1762 1481 vobis
1786 1453 1907 1490 scripta
1926 1453 2121 1483 mandantes
2139 1454 2249 1492 quati-

1241 1514 1314 1537 nus,
1334 1505 1414 1534 visis
1439 1505 1560 1534 litteris
1588 1515 1669 1544 quas
1696 1505 1870 1536 Societatis
1894 1506 2077 1535 rectoribus
2102 1506 2250 1535 destina-

1240 1567 1313 1587 mus
1340 1563 1369 1587 et
1395 1568 1507 1587 earum
1533 1563 1645 1587 tenore
1669 1558 1847 1587 intellecto.
1871 1558 1966 1596 plene
1989 1568 2025 1587 ac
2050 1559 2146 1596 plane
2171 1569 2250 1596 pru-

1240 1611 1355 1640 denter
1375 1611 1519 1640 instetis.
1542 1615 1578 1639 ut
1598 1610 1761 1648 promissa
1783 1610 1959 1640 exhibeant
1981 1616 2009 1641 et
2031 1611 2181 1641 exhiberi
2200 1613 2250 1640 fa-

1240 1664 1327 1694 ciant
1346 1664 1547 1702 jurameuta,
1566 1668 1595 1693 et
1619 1667 1746 1692 certum
1768 1672 1944 1693 numerum
1965 1663 2005 1693 ad
2028 1664 2139 1693 minus
2158 1664 2249 1694 mille

1240 1716 1385 1745 militum
1398 1716 1583 1754 exprimant
1595 1720 1625 1746 et
1639 1716 1842 1754 promittant,
1852 1720 1883 1746 et
1895 1716 2056 1754 prefigant
2070 1717 2249 1746 terminum

1240 1769 1356 1799 saltem
1375 1769 1496 1798 festum
1516 1768 1603 1798 beati
1629 1768 1815 1799 Michaelis,
1843 1778 1907 1807 quo
1926 1778 1981 1799 eos
1999 1769 2141 1799 mittant.
2164 1770 2252 1799 sicut

1239 1822 1329 1851 decet
1348 1827 1377 1851 et
1397 1822 1536 1859 expedit.
1556 1821 1595 1850 ad
1614 1826 1740 1850 tantum
1760 1822 1929 1859 negotium
1946 1827 2147 1860 preparatos.
2165 1822 2252 1858 Quia

1240 1884 1315 1904 vero
1335 1874 1449 1905 multa,
1473 1874 1564 1904 vohis
1588 1874 1812 1912 presentibus,
1828 1878 1965 1912 possunt
1987 1884 2170 1909 occurrere,
2186 1884 2250 1914 que

1239 1927 1393 1957 absentes
1408 1936 1473 1956 non
1487 1935 1662 1965 possumus
1679 1927 1859 1964 presagire,
1870 1927 2122 1964 circumspectio
2142 1932 2252 1956 vestra

1239 1980 1380 2010 sollicite
1397 1984 1515 2009 cuncta
1529 1980 1709 2017 provideat.
1728 1984 1763 2009 ut
1783 1980 1829 2009 ita
1844 1979 1906 2009 rite
1922 1980 2034 2009 omnia
2049 1985 2251 2017 peragantur

1240 2042 1276 2063 ac
1287 2032 1630 2071 irreprehensibiliter
1641 2033 1848 2068 ordinentur,
1861 2033 1948 2071 quod
1963 2033 2129 2062 industria
2141 2037 2252 2062 vestra

1240 2087 1358 2117 merito
1376 2086 1462 2124 apud
1478 2087 1583 2116 Deum
1598 2091 1628 2116 et
1645 2086 1797 2116 homines
1814 2086 2072 2121 commendetur,
2095 2086 2196 2115 inimo
2220 2091 2253 2115 et

1239 2139 1372 2169 faciatis
1388 2148 1459 2173 nos,
1473 2139 1531 2178 qui
1545 2138 1657 2168 adhoc
1672 2148 1727 2168 vos
1742 2138 1913 2175 elegimus,
1933 2138 2168 2168 commendari.
2190 2139 2252 2168 Lit-

1241 2194 1325 2223 tere¹
1350 2201 1426 2222 vero
1447 2201 1528 2231 quas
1551 2201 1609 2230 per
1631 2191 1832 2222 familiarem
1855 2196 2007 2221 nostrum
2031 2188 2133 2221 ΑΓᾱ.2
2158 2192 2252 2221 vobis

1240 2255 1327 2276 nunc
1358 2246 1512 2275 duximus
1542 2245 1756 2275 destinandas
1788 2254 1887 2283 super
1915 2245 2024 2275 reditu
2053 2249 2117 2280 tuo,
2149 2246 2254 2275 frater

1240 2299 1382 2338 Gual[a],
1400 2305 1431 2329 et
1448 2299 1523 2328 aliis
1541 2298 1702 2333 articulis,
1722 2303 1898 2337 antequam
1917 2299 2055 2328 nuntius
2073 2303 2180 2328 vester
2197 2309 2252 2327 ac-

1240 2352 1369 2382 cederet
1391 2352 1429 2381 ad
1453 2352 1654 2389 presentiam
1679 2356 1837 2385 nostram,
1859 2351 1983 2380 bullate
2006 2356 2111 2386 erant,
2138 2352 2250 2379 statim

1240 2405 1333 2435 vobis
1345 2414 1401 2443 per
1415 2405 1556 2434 eundem
1569 2405 1723 2434 nuntium
1740 2403 2145 2440 transmittende‚Vei-um,
2157 2413 2251 2441 prop-

1241 2461 1288 2487 ter
1304 2456 1573 2486 circumstantias
1593 2456 1717 2493 negotii
1732 2464 1813 2493 quas
1832 2455 1951 2484 melius
1969 2455 2178 2485 considerare
2198 2464 2251 2493 po-

1240 2509 1345 2545 testis,
1365 2509 1413 2539 eis
1429 2509 1571 2538 utamini
1588 2508 1770 2537 secundum
1784 2507 1871 2546 quod
1887 2507 2042 2537 discretio
2060 2512 2167 2537 vestra
2184 2517 2250 2536 ma-

1240 2562 1290 2600 gis
1316 2562 1447 2599 negotio
1475 2567 1505 2591 et
1536 2561 1682 2590 Ecclesie
1710 2560 1913 2598 profectibus
1937 2560 2057 2589 viderit
2083 2560 2249 2598 expedire.

1239 2616 1313 2645 Dat.
1331 2614 1473 2649 Perusii,
1495 2622 1608 2643 mense
1629 2613 1774 2651 augusti,
1793 2622 1879 2642 anno
1896 2613 2054 2643 secundo.
2074 2625 2087 2639 n

1272 2726 1292 2750 1.
1311 2728 1360 2749 Ms.
1379 2735 1386 2748 :
1401 2726 1516 2748 litteras.

1269 2770 1292 2794 Q.
1311 2769 1474 2793 Arduinus?
1490 2770 1649 2799 Ardingus?
1662 2783 1691 2787 —
1708 2770 1847 2793 Peut-etre
1863 2769 1977 2799 s’agit-it
1994 2769 2029 2792 ici
2049 2768 2082 2792 de
2097 2771 2250 2798 Ardenyus

1240 2821 1275 2837 ou
1295 2815 1442 2843 Ardinyus
1465 2814 1498 2837 de
1521 2813 1615 2843 pavie,
1638 2814 1743 2844 eveque
1765 2814 1799 2836 de
1817 2813 1952 2836 Florence
1972 2820 2006 2836 en
2031 2813 2099 2842 1231,
2121 2814 2177 2836 l'uu
2199 2813 2249 2836 des

1239 2858 1433 2881 destinataires
1449 2858 1482 2881 de
1504 2858 1530 2881 la
1552 2858 1632 2881 lettre
1651 2858 1694 2881 140
1710 2858 1743 2881 de
1766 2858 1791 2881 la
1815 2857 1943 2888 presente
1960 2857 2144 2888 publicati0n;
2169 2857 2187 2880 il
2206 2861 2248 2880 est

1240 2902 1255 2925 a
1272 2905 1351 2925 noter
1369 2902 1502 2925 toutefois
1522 2908 1575 2932 quc
1595 2902 1766 2931 l'Ardenyus
1788 2901 1822 2924 de
1841 2904 1913 2924 cette
1931 2901 2011 2924 lettre
2036 2901 2088 2929 140,
2109 2900 2188 2924 datee
2210 2901 2247 2923 du

1239 2946 1265 2969 ‘21
1281 2946 1369 2975 juillet
1387 2945 1456 2974 1227,
1471 2948 1513 2969 est
1532 2945 1640 2975 qualifie
1659 2945 1692 2968 de
1712 2946 1856 2975 maqisler,
1873 2945 1964 2968 taudis
1981 2952 2034 2975 que
2051 2945 2076 2968 le
2093 2946 2249 2974 familiaris

1242 2993 1337 3013 noster
1351 2991 1420 3013 Arci.
1437 2989 1471 3013 de
1487 2990 1513 3012 la
1529 2989 1656 3020 presente
1675 2989 1752 3020 pic-ce
1769 2995 1802 3012 ne
1818 2989 1879 3012 l'est
1895 2996 1954 3019 pas.

2098 3045 2126 3069 37
