2553 3526
302 284 355 313 139
1026 281 1263 312 REGISTRES
1287 280 1341 309 DE
1365 272 1586 311 GREGOIRE
1613 282 1669 311 IX.
2344 288 2400 317 140

298 351 359 376 suis
376 350 429 377 sub
447 350 524 377 beati
542 350 622 377 Petri
645 353 673 377 et
693 358 745 376 sua
761 350 942 384 protectione
958 349 1092 383 suscipit.
1111 363 1142 366 —
1158 348 1245 379 (Rae.
1261 346 1305 379 19,

301 401 319 425 f.
340 399 388 425 137
406 397 479 434 [131]
499 402 546 430 v⁰;
568 408 637 425 ann.
659 399 741 431 XIII,
762 398 880 431 0164.)

341 513 353 525 α
372 501 470 528 Nobili
489 501 613 528 mulieri
631 500 774 531 limetine,
790 500 911 527 domim*
924 499 1103 531 Cttzenaltii,
1118 498 1218 526 vidue.
1235 497 1307 525 Lin-

297 555 438 590 youensis
461 554 594 581 (liversis.
618 552 772 581 Debitum
798 551 896 581 ossif-ii
919 551 1022 580 nostri
1045 568 1092 578 —.
1116 551 1188 579 Dat.
1212 550 1308 579 Late-

299 607 382 637 rani.
401 606 511 634 idibus
528 605 723 639 decembris,
744 613 830 633 anno
851 603 1088 633 tertiodecimo.
1112 616 1124 628 n

369 797 489 824 4980
796 796 917 826 Latran,
934 795 969 821 1Η
984 794 1138 821 decembre
1154 793 1233 819 1239.

334 860 476 894 Episcopo
486 858 690 892 Magahnnensi
706 858 854 891 signifieat
863 866 902 889 se,
916 872 947 875 -
960 865 1025 883 cum
1040 855 1219 886 Bernardus,
1232 855 1306 889 epis-

298 917 385 942 copus
402 907 633 941 Magalonensis,
653 907 746 940 ipsius
764 906 893 940 episcopi
913 905 1126 939 praedecessor,
1148 904 1184 930 ab
1206 904 1307 930 Hono-

298 958 339 984 rio
357 957 395 983 III
412 966 488 991 papa
504 957 656 983 licentiam
680 957 869 990 impetrasset
883 955 1041 981 revocandi
1057 954 1093 981 ad
1110 962 1179 980 usus
1193 953 1306 987 episco-

298 1006 373 1040 palis
390 1015 508 1032 mensae
524 1005 679 1031 ecelesiam
697 1005 732 1031 de
747 1005 892 1038 Agantico
909 1006 954 1035 (z
973 1004 1111 1036 Ganges),
1128 1011 1214 1036 quam
1230 1010 1306 1028 unus

297 1064 331 1082 ex
349 1055 442 1089 ipsius
463 1055 590 1089 episcopi
614 1053 884 1088 praedecessoribus
900 1054 947 1085 R„
966 1052 1064 1086 nepoti
1085 1060 1146 1083 suo,
1166 1051 1307 1077 canonico

297 1104 513 1138 Magalonensi,
536 1103 667 1130 indebite
693 1104 885 1133 concesserat,
911 1117 945 1119 —
967 1101 1051 1127 illam
1076 1100 1305 1132 revocationem,

297 1162 397 1187 quam,
421 1153 521 1179 eadem
544 1153 668 1179 ecclesia
689 1154 824 1183 vacante,
849 1151 911 1185 ipse
932 1150 1085 1184 episcopus
1109 1149 1145 1176 ad
1168 1149 1305 1175 effectum

297 1202 471 1231 adduxerat,
487 1202 669 1227 emisirmare.
687 1215 717 1218 —
733 1201 819 1232 (nm.
836 1200 878 1231 19,
895 1200 914 1225 f.
930 1199 981 1225 137
995 1197 1068 1233 [131]
1082 1201 1124 1230 v‘¹;
1139 1207 1208 1224 ann.
1224 1197 1306 1228 XIII,

297 1261 321 1278 c.
340 1251 405 1282 165:
424 1266 454 1269 --
472 1250 699 1282 31012132201192,
718 1251 737 1276 f.
753 1249 827 1281 401.)

339 1366 351 1379 κ
378 1376 397 1382 ..
422 1354 555 1390 episcopo
579 1352 798 1389 Mayalonensi.
823 1351 904 1381 Cum
929 1360 947 1379 a
970 1350 1065 1379 nobis
1089 1349 1212 1387 petitur
1231 1353 1304 1382 eto,

297 1416 401 1445 usque
420 1416 426 1434 :
445 1407 612 1436 effectum.
642 1405 685 1434 Ex
704 1409 794 1442 parte
813 1404 978 1442 siquidem
997 1408 1052 1432 tua
1074 1403 1137 1431 fuit
1159 1401 1307 1440 proposi-

298 1465 366 1489 tum
383 1469 492 1489 coram
512 1459 607 1488 nobis
629 1459 726 1497 quod,
749 1467 823 1487 cum
841 1457 981 1487 ecclesia
999 1457 1037 1486 de
1061 1456 1231 1494 Agantico,
1254 1459 1307 1484 tue

295 1514 448 1549 diocesis,
469 1522 486 1542 a
502 1512 610 1550 longis
628 1516 713 1541 retro
729 1511 932 1550 temporibus
949 1520 1005 1549 per
1019 1509 1178 1548 quosdam
1196 1509 1306 1547 prede-

297 1576 444 1597 cessores
462 1571 534 1596 tuos
549 1564 746 1603 episcopalis
763 1573 875 1594 mense
892 1563 1010 1593 usibus
1025 1563 1180 1601 deputata
1200 1567 1230 1591 et
1251 1571 1307 1600 per

297 1621 380 1650 bone
400 1619 557 1649 1110010110
576 1618 712 1648 Lucium
730 1626 846 1656 papam
870 1617 1063 1646 confirmata
1080 1615 1210 1649 fuisset,
1229 1615 1307 1653 quia

297 1673 504 1712 postmodum
527 1672 659 1710 quidam
680 1671 891 1709 predecessor
917 1675 1004 1703 tuus,
1029 1668 1235 1698 carnalitatis
1259 1677 1306 1697 se-

296 1736 402 1766 quens
419 1727 582 1760 affectum,
603 1725 707 1762 ipsam
730 1725 781 1758 R,
802 1723 911 1761 nepoti
928 1733 998 1757 suo,
1022 1722 1181 1752 canonico
1198 1722 1306 1758 Maga-

296 1780 436 1811 lonensi,
456 1778 630 1808 concessit.
650 1777 732 1806 bone
750 1774 1144 1813 memorieB[ernardus].
1165 1773 1305 1811 Magalo-

298 1833 411 1863 nensis
427 1832 610 1870 episcopus,
625 1830 681 1869 qui
698 1835 726 1859 te
740 1829 930 1859 immediate
943 1828 1114 1867 precessit,
1130 1827 1304 1857 revocandi

296 1896 366 1917 cam
384 1886 424 1915 ad
444 1895 525 1915 usus
546 1884 710 1922 predictos
727 1893 745 1912 a
766 1882 872 1912 felicis
897 1881 1135 1912 recordationis
1159 1880 1305 1910 Honorio

295 1949 386 1978 papa,
408 1939 639 1977 predecessore
656 1941 779 1966 nostro.
798 1935 967 1965 licentiam
986 1934 1195 1972 impetravit,
1219 1933 1305 1972 quod

296 1992 513 2031 postmodum,
534 2001 572 2021 ea
589 1994 736 2023 vacante,
756 1994 812 2018 tua
830 1985 1020 2018 fraternitas
1031 1987 1159 2017 curavit
1172 1987 1304 2017 effectui

295 2046 495 2083 mancipare.
523 2045 590 2074 Nos
615 2044 727 2080 igitur,
751 2042 816 2071 tuis
844 2041 997 2079 precibus
1026 2040 1190 2072 inclinati,
1218 2039 1304 2078 quod

296 2099 472 2136 5111101110(-
491 2107 508 2126 a
528 2102 555 2126 11·
575 2096 707 2134 provide
731 2096 852 2124 sactum
870 2099 929 2129 est,
949 2099 1055 2123 ratum
1080 2094 1252 2125 babemus,
1274 2097 1304 2122 et

294 2152 488 2182 auctoritate
505 2149 684 2188 apffitolica
702 2149 948 2181 confirmamus,
963 2152 993 2177 et
1009 2147 1172 2185 presentis
1190 2146 1304 2184 scripti

294 2205 477 2244 patrocinio
502 2203 745 2233 t·‹;›1n111uui11ms
771 2219 819 2230 —.
852 2202 924 2231 Dat.
955 2200 1121 2235 Laterani,
1152 2199 1303 2230 kalendis

296 2258 492 2292 decembris,
515 2266 601 2286 anno
622 2255 858 2286 tertiodecimo.
879 2266 891 2280 n

363 2453 475 2479 4981
796 2449 917 2481 Latran,
932 2449 967 2475 1pr
980 2448 1135 2474 decembre
1151 2447 1230 2474 1239.

330 2516 433 2542 Eidem
451 2514 599 2548 signifieat
613 2522 641 2539 se
658 2512 794 2539 inhibere
813 2520 848 2538 ne
869 2511 934 2545 quis
957 2509 1196 2537 molestatoribus
1210 2509 1303 2536 comi-

293 2567 371 2591 tatus
385 2563 521 2596 Melgorii
534 2566 561 2588 et
578 2561 691 2588 Montis
708 2560 861 2592 Ferrandi,
873 2575 905 2578 -—
920 2568 1005 2593 quem
1024 2559 1101 2585 idem
1120 2559 1273 2592 episcopus
1287 2567 1303 2584 a

294 2614 369 2640 Sede
384 2612 555 2646 Apsffltolica
571 2611 624 2637 sub
644 2618 741 2637 annuo
760 2618 848 2636 censu
870 2608 999 2640 tenebat,
1024 2623 1055 2626 —
1080 2607 1117 2634 ab
1139 2607 1202 2641 ipso
1225 2607 1303 2641 epis-

292 2671 362 2696 copo
381 2659 661 2691 excommuni‹·atis‚
689 2660 872 2692 praesumat,
896 2657 960 2683 sine
985 2657 1078 2691 ipsius
1104 2655 1233 2690 episcopi
1255 2656 1302 2681 vel

292 2710 451 2744 apostolico
469 2709 617 2739 mandato,
635 2710 662 2734 et
678 2707 779 2734 debita
794 2706 997 2733 satisfactione
1013 2714 1069 2731 non
1085 2704 1236 2739 praestita,
1253 2703 1302 2730 ab-

292 2759 466 2785 solutionem
484 2757 642 2791 impertiri.
661 2771 692 2774 —
709 2756 795 2787 (Hm.
814 2755 857 2787 19,
876 2756 895 2781 f.
913 2754 964 2781 138
983 2752 1057 2789 [132]
1074 2757 1113 2785 r⁰;
1131 2761 1200 2780 ann.
1218 2753 1301 2785 XIII,

292 2817 315 2834 c.
334 2807 404 2839 1663
422 2822 453 2824 —
470 2806 601 2832 Moufflu
619 2805 697 2837 1192,
714 2806 733 2830 f.
749 2804 814 2835 402,
833 2818 863 2821 —
879 2804 916 2829 ci.
931 2811 1027 2835 supra,
1048 2811 1076 2829 n.
1094 2801 1174 2834 4001,
1191 2801 1260 2828 4002
1274 2804 1302 2828 et

290 2857 382 2887 4004.)

332 2971 343 2983 «
363 2958 476 2986 Eidem.
494 2957 535 2985 Ex
554 2960 644 2994 parte
664 2953 894 2984 universitatis
911 2953 1086 2983 comitatus
1103 2951 1255 2989 Melgorii
1268 2955 1299 2981 et

1390 346 1508 376 Montis
1534 348 1693 377 Ferrandi
1719 349 1782 378 suit
1807 350 2010 388 propositum
2038 360 2149 381 coram
2176 352 2271 382 nobis
2299 354 2395 392 quod,

1389 409 1462 428 cum
1481 400 1550 436 tibi,
1572 401 1629 440 qui
1645 402 1836 431 comitatum
1853 403 1959 440 ipsum
1979 404 2018 433 ab
2035 405 2223 442 Apostolica
2241 406 2323 436 Sede
2338 406 2400 436 sub

1390 461 1500 482 annuo
1517 462 1617 483 censu
1636 458 1739 489 tenes,
1756 455 1948 485 duxerimus
1966 457 2210 486 concedendum
2228 463 2263 487 ut
2278 458 2400 488 moles-

1390 510 1511 536 tatores
1528 508 1704 538 comitatus
1726 508 1831 546 ipsius
1853 513 1884 538 et
1905 509 2052 547 ejusdem
2069 510 2196 549 Jurium
2214 511 2401 541 subtracto—

1392 567 1453 594 res,
1474 563 1538 588 tani
1559 565 1611 590 tue
1635 570 1732 599 quam
1758 561 1943 590 vicinarum
1967 562 2139 591 civitatum
2163 567 2194 593 et
2217 563 2399 599 diocesum,

1390 612 1487 650 quod,
1512 613 1652 643 sublatis
1676 618 1789 643 contra
1801 614 1968 652 justitiam
1990 615 2167 649 restitutis,
2196 616 2235 645 ab
2259 626 2400 655 usurpa-

1391 664 1478 694 tione
1498 665 1624 703 jurium
1652 667 1842 696 eorumdem
1869 671 1900 696 et
1924 666 2097 696 hominum
2120 668 2199 697 dicti
2223 669 2400 699 comitatus

1391 717 1620 748 molestatione
1648 718 1822 754 desistant,
1855 728 1911 757 per
1938 729 2113 750 censuram
2141 721 2401 751 ecclesiasticam

1392 770 1500 799 valeas
1514 770 1698 807 cohercere,
1719 771 1903 802 venerabili
1920 781 2050 811 quoque
2068 773 2162 803 fratri
2179 779 2291 804 nostro
2309 798 2328 804 ..
2347 784 2400 804 ar-

1390 822 1599 861 chiepiscopo
1613 823 1824 854 Narbonensi
1839 829 1869 854 et
1884 825 2105 862 suffraganeis
2118 826 2188 855 suis
2204 836 2260 864 per
2272 827 2400 857 litteras

1390 880 1520 904 nostras
1543 875 1733 906 dederimus
1755 877 1790 905 in
1814 877 1990 912 mandatis,
2008 882 2043 907 ut
2058 879 2242 908 sententias
2260 889 2342 918 quas
2365 885 2400 910 tu

1391 928 1494 958 ferres
1512 928 1544 957 in
1559 928 1651 961 tales,
1666 929 1791 967 singuli
1805 939 1861 968 per
1876 930 2025 960 dioceses
2039 940 2116 960 suas
2133 941 2238 970 usque
2250 933 2290 962 ad
2306 933 2400 963 satis·

1390 982 1567 1011 factionem
1587 982 1783 1020 condignam
1801 983 1926 1013 faciant
1945 984 2185 1014 inviolabiliter
2204 985 2372 1015 observari
2392 996 2400 1015 t

1391 1035 1493 1074 aliqui
1518 1044 1554 1065 ex
1576 1036 1658 1074 ipsis
1681 1040 1711 1066 et
1733 1036 1867 1075 quidam
1892 1036 1949 1066 alii
1975 1037 2189 1067 ecclesiarum
2216 1039 2400 1068 vicinarum

1391 1089 1507 1126 prelati
1535 1089 1719 1119 sententias
1743 1094 1816 1119 tuas
1840 1100 1858 1119 a
1885 1095 1913 1120 te
1938 1090 2081 1128 prolatas
2100 1091 2133 1120 in
2158 1091 2400 1127 molestatores,

1391 1147 1604 1180 usurpatores
1622 1148 1652 1172 et
1668 1143 1892 1173 subtractores
1911 1144 2054 1174 eosdem.
2071 1154 2106 1174 ac
2125 1154 2237 1175 eorum
2254 1150 2402 1184 recepta—

1392 1200 1489 1229 tores,
1508 1196 1714 1234 ‹·oacljutores
1739 1202 1769 1226 et
1792 1197 1950 1232 fautores,
1971 1206 2034 1226 non
2060 1197 2165 1227 solum
2190 1208 2254 1228 non
2273 1200 2402 1229 faciunt

1391 1249 1572 1284 observari,
1592 1259 1609 1278 a
1636 1254 1665 1279 te
1689 1249 1862 1280 humiliter
1884 1251 2049 1289 requisiti,
2071 1251 2128 1281 sed
2150 1252 2249 1281 etiam
2271 1261 2401 1282 excom-

1391 1303 1569 1332 municatis
1586 1303 1668 1341 ipsis
1686 1304 1932 1333 communicant
1949 1309 1980 1333 et
1997 1313 2052 1334 eos
2067 1305 2262 1335 auctoritate
2277 1305 2327 1336 vel
2343 1315 2400 1345 po-

1390 1356 1456 1385 tius
1475 1357 1659 1386 temeritate
1676 1357 1818 1395 propria,
1840 1357 1878 1387 de
1894 1357 1990 1392 facto,
2009 1366 2081 1387 curn
2100 1358 2138 1387 de
2151 1358 2226 1397 jure
2244 1368 2306 1388 non
2324 1368 2401 1398 pos-

1391 1409 1468 1443 sint,
1502 1409 1689 1445 absolvunt,
1726 1410 1955 1440 satisfactione
1989 1410 2101 1449 aliqua
2134 1420 2198 1440 non
2236 1412 2397 1450 impensa.

1390 1463 1497 1498 Quare
1515 1463 1602 1492 dicta
1618 1463 1820 1493 universitas
1839 1463 1934 1493 nobis
1953 1463 2126 1494 humiliter
2147 1465 2345 1503 supplicavit
2365 1470 2401 1495 ut

1390 1525 1488 1554 super
1509 1516 1570 1545 hoc
1594 1517 1766 1554 providere
1792 1522 1927 1555 paterna
1949 1516 2175 1548 sollicitudine
2192 1527 2398 1548 curaremus.

1388 1569 1546 1599 Volentes
1569 1569 1672 1607 igitur
1696 1574 1730 1599 ut
1753 1579 1791 1599 ea
1812 1579 1875 1608 que
1900 1570 1938 1600 de
1963 1570 2118 1600 mandato
2138 1576 2249 1601 nostro
2267 1571 2401 1610 provide

1391 1623 1484 1657 fiunt,
1518 1623 1617 1652 robur
1646 1623 1819 1653 obtineant
1849 1623 1958 1653 debite
1990 1624 2168 1659 firmitatis,
2204 1625 2401 1655 auctoritate

1391 1676 1595 1713 presentium
1626 1676 1776 1706 districte
1813 1676 2006 1706 inhibemus
2041 1681 2077 1706 ut
2107 1678 2402 1708 excommunicatis

1391 1729 1580 1768 hujusmodi
1594 1729 1717 1763 nullus,
1732 1730 1804 1759 sine
1822 1734 1876 1759 tuo
1889 1729 1938 1759 vel
1952 1734 2064 1760 nostro
2079 1730 2232 1760 mandato
2249 1735 2279 1760 et
2291 1731 2403 1760 debita

1390 1781 1618 1811 satisfactione
1631 1783 1779 1820 prestita,
1792 1787 1960 1820 presumat
1973 1782 2192 1812 absolutionis
2202 1783 2400 1813 beneficium

1389 1834 1564 1872 impertiri,
1589 1835 1816 1869 decernentes,
1838 1835 1866 1864 si
1884 1844 1978 1865 secus
2002 1840 2111 1865 actum
2135 1836 2247 1871 fuerit,
2266 1845 2330 1866 non
2348 1846 2401 1866 va-

1389 1887 1455 1917 lere
1472 1905 1520 1916 —.
1540 1889 1611 1918 Dat.
1631 1893 1792 1927 utsupra.
1813 1901 1825 1914 ι)

1458 2068 1574 2095 4992

1423 2131 1566 2165 Episcopo
1584 2130 1788 2163 Praenestino,
1805 2131 1966 2165 apostolico
1980 2132 2085 2165 legato,
2104 2132 2225 2159 mandat
2241 2136 2398 2166 quatenuS,

1386 2180 1421 2206 (10
1437 2180 1552 2214 juribus
1568 2179 1726 2206 comitatus
1749 2179 1886 2213 Melgorii
1904 2183 1932 2206 et
1948 2180 2061 2207 Montis
2081 2181 2239 2213 Ferrandi,
2257 2196 2288 2199 —
2310 2190 2395 2216 quem

1387 2229 1540 2263 episcopus
1562 2228 1783 2262 Magalonensis
1799 2237 1816 2255 a
1837 2228 1912 2255 Sede
1932 2229 2104 2262 Apostoliea
2119 2229 2172 2256 sub
2188 2238 2285 2257 annuo
2308 2239 2397 2258 censu

1387 2278 1516 2309 tenebat,
1530 2292 1561 2295 —
1575 2276 1739 2310 inquirens,
1752 2285 1785 2303 ea
1796 2285 1869 2310 quae
1883 2277 1918 2303 (10
1931 2277 2014 2304 bonis
2028 2278 2090 2311 ejus
2104 2278 2254 2305 invenerit
2267 2279 2400 2307 alienata

1387 2327 1434 2353 vel
1457 2326 1618 2357 subtracta,
1645 2325 1680 2351 ad
1697 2325 1743 2358 jus
1770 2328 1798 2351 et
1824 2325 2033 2359 proprietatem
2061 2326 2191 2359 ejusdem
2216 2330 2341 2355 revocet.
2365 2343 2398 2346 —

1387 2376 1473 2407 (REO.
1491 2375 1534 2407 19,
1550 2376 1570 2401 f.
1589 2374 1639 2401 138
1656 2372 1729 2409 [132]
1744 2377 1785 2406 r⁰;
1802 2383 1871 2401 ann.
1889 2375 1972 2406 XIII,
1988 2383 2012 2401 c.
2031 2374 2100 2407 167;
2122 2390 2153 2393 —
2170 2375 2303 2404 MonssAu
2318 2376 2399 2410 1192,

1387 2426 1406 2450 f.
1422 2424 1496 2454 409.)

1908 2068 2028 2100 Latran,
2045 2069 2061 2094 7
2076 2069 2231 2095 decembre
2247 2069 2325 2096 1239.

1429 2538 1440 2551 «
1464 2548 1483 2554 ..
1501 2526 1634 2562 episcopo
1650 2525 1834 2559 Peneszrino,
1850 2525 2013 2562 Apostolice
2029 2525 2113 2554 Sedis
2129 2527 2235 2563 [efflato.
2250 2527 2399 2556 Venera-

1386 2579 1463 2608 bilis
1492 2579 1593 2607 fratcr
1624 2582 1735 2607 noster
1765 2601 1784 2606 ..
1817 2578 1991 2616 episcopus
2021 2578 2268 2616 Magalonensis
2302 2581 2399 2610 nobis

1386 2631 1559 2661 humiliter
1584 2630 1784 2669 supplicavit
1812 2636 1858 2665 ut,
1888 2640 1959 2661 cum
1986 2632 2162 2661 comitatus
2188 2632 2340 2670 Melgorii
2366 2638 2399 2664 et

1386 2684 1505 2713 Montis
1523 2683 1693 2718 Feri-andi,
1712 2692 1810 2722 quem
1832 2683 1871 2713 ab
1891 2683 2081 2722 Apostolica
2103 2685 2185 2715 Sede
2207 2685 2268 2715 sub
2286 2695 2399 2716 annuo

1385 2746 1487 2767 censu
1504 2741 1602 2771 tenet,
1623 2737 1665 2766 sit
1678 2746 1736 2775 per
1749 2736 1913 2766 incuriam
1928 2736 2061 2766 illorum
2078 2737 2134 2776 qui
2150 2746 2223 2767 eum
2241 2738 2398 2776 primitus

1386 2794 1575 2824 tenuerunt,
1594 2789 1775 2820 enormiter
1797 2789 1994 2825 diminutus,
2013 2790 2164 2828 pluribus
2185 2791 2315 2826 castris,
2334 2791 2396 2821 vil-

1383 2844 1434 2873 lis.
1463 2843 1600 2876 mansis,
1628 2842 1812 2872 redditibus
1839 2847 1869 2872 et
1894 2843 2163 2881 possessionibus
2191 2844 2297 2874 eidem
2322 2845 2398 2876 sine

1384 2906 1522 2926 assensu
1552 2895 1739 2934 Apostolice
1766 2895 1860 2925 Sedis
1887 2895 2042 2926 alienatis
2066 2896 2183 2926 illicite
2211 2906 2248 2926 ac
2270 2898 2395 2937 injuste

1384 2949 1574 2983 subtractis,
1599 2953 1630 2978 et
1656 2948 1790 2987 quidam
1817 2948 1942 2977 domini
1968 2953 2162 2984 castrorum,
2190 2959 2395 2987 mansorum,
