2553 3526
153 287 210 317 513
991 277 1235 322 QUINZIEME
1257 278 1416 315 ANNEE.
2198 296 2252 324 514

152 353 294 383 letanter
307 352 496 387 veniebant,
510 352 814 382 SanctitatiVestre
832 352 978 382 salutare
994 356 1024 381 et
1037 351 1166 390 justum

150 405 330 435 consilium
352 405 535 443 prestituri.
559 404 609 434 Ad
632 404 860 435 ulciscendum
879 405 1012 443 quidem
1038 408 1165 434 tantum

154 458 285 488 facinus
305 462 336 487 et
355 462 421 487 tam
443 461 545 493 atrox,
565 462 595 487 et
616 456 861 488 defendendum
882 458 978 487 fidem
1002 462 1032 486 et
1053 457 1166 486 Eccle-

153 511 239 540 siam
257 514 405 540 sanctam
424 510 483 540 Dei
502 515 532 540 et
548 519 680 540 omnem
694 511 849 549 populum
862 511 926 540 sibi
938 511 1164 541 adherentem,

155 563 223 593 zelo
248 562 325 592 fidei
343 567 374 592 et
400 563 522 592 amoris
546 572 582 592 ac
607 563 793 593 devotionis
819 564 955 593 caritate
981 563 1122 598 accensi,
1148 572 1165 592 a

156 616 274 655 majori
291 625 397 654 usque
415 616 455 646 ad
472 617 635 646 minorem
657 616 912 646 immutabiliter
934 617 1166 654 proposuimus

156 665 315 707 personas
334 673 365 698 et
383 678 436 699 res
459 673 590 699 nostras
615 669 851 699 universaliter
875 669 1017 707 operari,
1041 669 1165 698 nullam

157 721 307 760 requiem
331 727 551 756 assumentes,
577 721 629 751 die
650 726 705 751 aut
729 726 834 755 nocte,
857 722 971 756 donec,
992 721 1166 751 rebellium

157 773 351 803 conculcata
371 773 532 812 nequitia,
554 773 769 804 innocentum
788 773 937 808 vulnera,
955 774 1050 804 cedes
1067 779 1098 804 et
1114 774 1167 803 in-

153 826 262 866 jurias
291 826 503 862 ulciscamur,
533 827 573 855 ad
602 826 760 856 honorem
794 831 825 856 et
857 826 996 864 gloriam
1021 828 1166 857 nominis

156 879 262 910 Jhesu
279 879 405 910 Christi
425 884 455 908 et
472 879 683 909 sanctissime
699 888 838 917 persone
855 884 963 909 vestre
975 889 1012 909 ac
1027 881 1166 910 fratrum

156 936 342 963 vestrorum
361 936 393 961 et
417 931 563 962 Ecclesie
586 932 788 962 universalis
813 937 911 970 atque
936 933 1036 962 totius
1058 932 1167 962 fidelis

156 984 269 1023 populi
285 984 483 1015 Christiani.
504 985 564 1014 Pro
583 994 723 1023 quorum
748 985 867 1015 effectu
885 985 1013 1015 noverit
1032 985 1167 1014 indubi-

136 1048 139 1049 ’
157 1042 266 1067 tanter
282 1037 449 1068 Sanctitas
466 1038 586 1067 Vestra
604 1037 691 1076 quod
709 1038 798 1067 cives
817 1038 1043 1077 Januen[ses],
1064 1039 1167 1077 majo-

156 1100 210 1121 res
229 1095 260 1121 et
276 1091 434 1126 minores,
453 1091 634 1129 dampnum
651 1091 698 1120 eis
713 1091 746 1120 in
760 1091 906 1129 predicto
922 1091 1076 1121 conflictu
1092 1091 1167 1121 illa-

158 1148 227 1173 tum
246 1153 305 1182 pro
322 1143 413 1173 nullo
436 1144 506 1173 sive
522 1143 650 1173 modico
669 1148 874 1182 reputantes,
891 1144 1026 1173 omissis
1042 1145 1164 1174 causis.

156 1195 246 1225 curis
263 1199 294 1226 et
310 1196 453 1233 negotiis
477 1196 657 1230 universis,
683 1196 924 1226 constructioni
940 1201 971 1226 et
987 1197 1166 1226 munitioni

156 1246 291 1276 navium
307 1251 339 1277 et
357 1246 527 1284 galearum
545 1247 753 1276 incessanter
777 1247 918 1285 vigilant
936 1252 967 1277 et
990 1248 1168 1278 efficaciter

155 1299 317 1335 laborant,
339 1299 386 1329 ita
403 1299 488 1338 quod
510 1299 558 1329 eis
582 1304 740 1338 tanquam
758 1300 940 1329 victoribus
959 1300 1168 1330 subicientur

156 1361 247 1382 more
262 1351 359 1382 solito
371 1352 518 1387 inimici;
537 1352 624 1391 quod
640 1352 674 1381 in
691 1352 783 1381 brevi
798 1352 948 1382 futurum
965 1362 1037 1382 esse
1054 1362 1167 1391 spera-

156 1413 242 1440 mus,
259 1405 401 1434 Domino
420 1405 632 1439 concedente,
652 1410 682 1435 et
698 1405 784 1444 quod
802 1405 950 1435 Ecclesia
967 1407 1027 1436 Dei
1041 1407 1075 1436 in
1093 1416 1167 1445 per-

155 1457 294 1487 ditionis
310 1457 428 1493 filium,
449 1457 557 1487 virum
574 1458 787 1495 flagitiosum.
809 1463 989 1496 apostatam
1009 1459 1168 1499 F[rideri-

155 1511 255 1548 cumJ,
268 1510 391 1540 dictum
404 1510 650 1549 imperatorem,
666 1516 697 1541 et
711 1511 818 1549 ipsius
830 1511 1018 1550 complices,
1033 1513 1167 1543 virtutis

156 1572 216 1593 sue
239 1563 360 1601 poterit
384 1563 669 1601 magnificentiam
691 1564 833 1602 operari,
858 1564 943 1594 sicut
967 1569 1094 1603 oportet
1117 1583 1166 1594 —.

156 1615 389 1655 Supplicamus
414 1617 518 1654 igitur
544 1617 721 1647 Sanctitati
746 1618 863 1648 Vestre
892 1617 985 1647 flexis
1013 1618 1165 1656 genibus,

156 1677 214 1707 per
229 1669 456 1708 aspersionem
473 1670 648 1707 sanguinis
668 1670 773 1701 Jhesu
793 1670 929 1707 Christi,
949 1671 1043 1710 cujus
1062 1671 1166 1702 vicem

155 1722 272 1760 geritis
290 1722 325 1752 in
343 1723 452 1758 terris,
478 1722 651 1753 humiliter
667 1724 843 1758 exorando,
864 1728 1040 1762 quatenus,
1062 1724 1168 1754 infor-

155 1773 287 1803 tunium
324 1774 540 1809 antedictum,
576 1779 612 1804 ut
647 1775 740 1804 decet
755 1777 775 1809 ¹,
816 1784 882 1805 non
920 1780 1084 1813 curanteS,
1128 1777 1167 1806 ab

154 1826 285 1865 incepto
301 1827 469 1865 proposito
486 1831 551 1857 tam
577 1827 668 1857 felici
691 1828 852 1859 desistere
870 1838 934 1858 non
952 1829 1073 1865 velitis,
1097 1830 1165 1864 sed,

153 1879 274 1910 fortius
300 1879 440 1910 animati
463 1880 503 1910 ad
529 1881 682 1910 effectum
704 1882 793 1920 ejus,
819 1882 1000 1920 potentiam
1024 1887 1167 1912 vestram

154 1941 309 1971 magnam
339 1933 516 1964 extendere
542 1943 607 1964 non
640 1934 789 1969 tardetis,
816 1940 852 1965 ut
883 1936 973 1965 Petri
1001 1936 1165 1971 navicula,

153 1995 254 2025 quam
272 1986 425 2025 piissime
443 1987 649 2025 gubernatis,
674 1987 832 2018 fluctuum
856 1989 980 2026 agitata
1000 1989 1165 2028 procellis,

153 2042 185 2069 et
200 2038 399 2070 adherentes
417 2039 523 2070 eidem
542 2049 606 2069 non
625 2041 658 2069 in
677 2050 798 2079 equore
814 2046 946 2079 propter
962 2042 1124 2072 tumultus
1137 2048 1167 2072 et

153 2097 366 2131 tempestates
390 2093 509 2131 perire.
537 2093 595 2123 sed
620 2094 659 2123 ad
684 2099 813 2132 portum
839 2094 970 2124 valeant
993 2095 1166 2133 pervenire

154 2145 267 2182 gaudii
286 2149 317 2175 et
338 2145 469 2179 salutis,
492 2146 698 2183 gubernante
719 2146 811 2176 illam
836 2156 966 2176 summa
991 2148 1167 2185 prudentia

153 2200 272 2232 vestra,
296 2197 392 2236 cujus
418 2197 592 2235 splendore
614 2198 850 2228 illuminantur
873 2208 987 2229 omnes
1011 2200 1166 2229 catholici

153 2249 185 2279 et
209 2249 323 2280 fideles
352 2250 551 2281 Christiani.
585 2251 709 2280 Venire
737 2256 846 2281 autem
877 2252 1108 2290 personaliter,
1139 2253 1167 2282 si

153 2307 262 2333 vestre
278 2302 384 2341 placet
400 2302 585 2339 clementie,
604 2308 660 2333 aut
679 2303 823 2342 aliquem
843 2304 988 2342 legatum
1006 2310 1163 2341 vestrum,

153 2355 263 2385 virum
283 2356 399 2395 utique
423 2356 597 2394 providum
618 2362 649 2386 et
672 2357 863 2392 discretum,
893 2358 1024 2388 mittere
1049 2358 1166 2395 digne-

154 2408 239 2437 mini
255 2408 296 2438 ad
312 2408 483 2438 civitatem
501 2414 531 2438 ct
548 2408 701 2439 homines
720 2414 847 2440 vestros
863 2411 1088 2449 Januen[ses],
1109 2412 1166 2450 qui

153 2469 228 2490 cum
243 2461 396 2500 personis
413 2466 443 2492 et
460 2462 559 2491 rebus
573 2462 728 2492 omnibus
739 2464 857 2493 Vestre
877 2464 1073 2494 Paternitati
1091 2465 1165 2493 sub-

149 2514 230 2553 Jecti
246 2519 323 2545 sunt
337 2519 368 2545 et
384 2524 457 2545 esse
470 2515 504 2544 iu
519 2520 715 2554 perpetuum
733 2516 857 2553 volunt,
873 2517 992 2547 vestris
1009 2518 1164 2547 omnibus

152 2566 370 2605 beneplacitis
387 2572 418 2597 et
436 2568 602 2598 mandatis
620 2568 753 2598 obedire
773 2569 915 2599 fideliter
931 2574 961 2599 et
978 2570 1092 2600 devote
1109 2579 1165 2600 vo-

150 2619 290 2649 luntarii
315 2624 346 2650 et
371 2621 489 2658 parati,
516 2625 770 2658 procuraturum
793 2626 824 2652 et
849 2622 1013 2652 facturum
1040 2622 1165 2653 ibidem

150 2681 359 2711 quecumque
376 2674 444 2703 Deo
461 2677 491 2703 et
508 2673 655 2704 Ecclesie
673 2679 703 2704 et
720 2675 809 2704 omni
831 2675 951 2713 populo
972 2675 1164 2706 Christiano

150 2729 244 2762 grata
262 2725 389 2755 fuerint
408 2730 439 2756 et
458 2730 608 2765 accepta;
631 2727 775 2757 scientes
800 2737 858 2766 pro
875 2732 963 2758 certo
980 2729 1067 2767 quod
1085 2729 1162 2758 uni-

151 2777 291 2808 versitas
307 2778 516 2817 Januen[sis]
534 2779 617 2809 bene
638 2779 672 2808 in
690 2780 753 2810 fide
775 2785 806 2810 et
826 2780 999 2811 devotione
1016 2781 1163 2812 Ecclesie

148 2830 320 2861 unanimis
343 2836 392 2861 est
415 2836 445 2861 et
468 2837 638 2869 constans,
665 2834 838 2872 magisque
862 2834 1045 2864 ferventior
1063 2844 1162 2873 quam

181 2941 202 2966 1.
221 2943 271 2965 Ms.
288 2950 295 2965 .·
310 2945 340 2966 ut
356 2950 412 2966 non
428 2943 533 2967 deceat.
550 2958 578 2962 -
598 2945 632 2969 Le
649 2950 705 2970 mot
723 2954 778 2970 non
796 2950 837 2971 est
854 2948 1020 2978 exponetue.

275 2993 462 3025 Gassooms
481 3002 528 3031 ix,
552 3005 571 3026 t.
594 3003 642 3027 ιιι.

1248 349 1349 380 fuerit
1366 360 1530 389 unquaniz,
1551 353 1637 391 quod
1658 363 1770 383 verum
1790 364 1861 384 esse
1880 357 2046 392 presentia
2070 368 2168 396 opera
2189 364 2256 390 tes-

1249 403 1418 433 tificantur
1434 409 1464 433 ct
1481 404 1603 435 clarius
1624 406 1902 435 testificabuntur.
1924 420 1935 432 »ι

1319 560 1436 588 (3032

1285 622 1465 649 Potestateu]
1483 626 1511 650 et
1527 632 1683 650 couimune
1700 624 1794 652 Castri
1816 626 1944 658 Ficardi,
1962 627 2022 661 qui,
2043 628 2072 654 in
2088 629 2143 655 fide
2157 638 2190 656 ac
2205 630 2257 657 de-

1249 671 1367 697 votione
1385 672 1470 698 Sedis
1484 672 1671 706 Apostolicae
1689 673 1888 707 persistentes,
1906 675 2038 703 diversas
2058 685 2108 711 pro
2123 676 2257 706 Ecclesia

1250 720 1311 746 illis
1340 720 1443 748 dicbus
1468 722 1620 755 angustias
1645 725 1673 749 et
1702 723 1831 755 jacturas
1856 724 2069 757 sustinuerant,
2095 726 2148 753 sub
2177 727 2256 754 beati

1250 767 1331 794 Petri
1349 771 1376 794 et
1393 777 1445 795 sua
1461 769 1642 803 protectione
1657 770 1792 804 suscipit,
1806 770 1905 804 eisque
1921 772 2069 805 significat
2085 782 2114 799 se
2128 777 2257 802 statuere

1249 818 1281 842 ut
1301 825 1387 850 super
1404 817 1533 851 ipsorum
1548 817 1674 851 juribus,
1690 818 1878 846 libertatibus
1899 823 1927 846 et
1944 821 2171 849 rationabilibus
2187 832 2257 849 con-

1250 865 1459 891 suetudinibus
1488 866 1587 892 nullus
1614 875 1661 892 eos
1694 868 1839 894 molestet.
1865 882 1895 885 —
1926 869 2012 900 (Bm.
2040 870 2085 902 20,
2112 872 2131 897 f.
2162 871 2196 898 79
2214 877 2257 904 r⁰;

1249 922 1319 939 ann.
1341 913 1410 946 XV,
1427 922 1452 940 c.
1469 914 1527 945 57.)

1843 564 1964 595 Latran,
1981 565 2014 592 24
2032 566 2090 593 mai
2105 567 2183 594 1241.

1292 1026 1303 1039 α
1325 1037 1344 1043 ..
1362 1016 1500 1051 potestati
1515 1020 1540 1043 el
1558 1017 1824 1045 communiCuslri
1839 1017 1968 1048 Ficartli.
1982 1018 2120 1053 fidelibus
2134 1021 2257 1048 nostris.

1250 1067 1467 1096 Sacrosancta
1487 1068 1638 1096 Romana
1654 1068 1801 1098 Ecclesia
1817 1086 1864 1097 —.
1882 1070 1955 1098 Dat.
1977 1070 2141 1106 Laterani,
2159 1072 2256 1102 VllII

1249 1118 1408 1149 kalendas
1426 1119 1526 1158 junii,
1542 1129 1629 1149 anno
1645 1121 1904 1159 quintodecimo.
1925 1134 1937 1147 »

1322 1277 1444 1306 (3033

1286 1340 1430 1375 Episcopo
1443 1342 1577 1371 Arctino,
1594 1343 1743 1369 marchiae
1756 1343 1963 1370 Anconitanae
1977 1344 2093 1376 rectori,
2111 1353 2161 1378 per
2174 1346 2258 1379 cujus

1250 1389 1365 1416 litteras
1392 1390 1454 1424 ipse
1477 1399 1552 1424 papa
1578 1391 1768 1418 intellexerat
1790 1400 1938 1425 pressuras
1962 1395 1990 1419 et
2012 1393 2163 1426 angustias
2186 1402 2257 1427 quas

1250 1438 1350 1464 fideles
1366 1439 1411 1465 sui
1424 1438 1520 1465 Castri
1536 1439 1654 1466 Ficardi
1667 1448 1717 1473 pro
1731 1440 1786 1466 fide
1800 1448 1833 1466 ac
1844 1440 2001 1466 devotione
2018 1440 2167 1468 Ecclesiae
2179 1442 2256 1475 passi

1250 1490 1357 1518 essent,
1382 1487 1504 1514 mandat
1524 1492 1669 1521 quatenus
1690 1488 1768 1520 illos,
1789 1489 1825 1515 ad
1847 1489 2066 1522 importabilem
2091 1490 2257 1523 penuriam,

1250 1535 1327 1561 sicut
1343 1535 1404 1569 ipse
1422 1544 1497 1569 papa
1510 1539 1673 1570 acceperat,
1690 1537 1749 1570 jam
1765 1537 1907 1569 redactam,
1926 1546 1982 1564 non
2001 1538 2155 1572 permittat
2168 1547 2259 1573 usque

1250 1584 1286 1610 ad
1302 1585 1496 1618 apostolicum
1514 1584 1733 1619 beneplacitum
1751 1586 1867 1619 gravari
1885 1594 1898 1611 (ι
1913 1595 2000 1620 super
2016 1588 2259 1622 prestandis‘pro-

1251 1641 1264 1657 ))
1286 1633 1489 1660 curationibus
1503 1633 1634 1660 Ecclesie
1649 1635 1781 1661 Romane
1792 1634 1916 1667 nuntiis,
1931 1644 1964 1661 ac
1976 1644 2062 1669 super
2075 1636 2260 1663 exhibitione

1251 1689 1264 1706 ι)
1286 1681 1387 1708 salarii
1400 1681 1430 1708 in
1445 1682 1696 1716 appellationibus
1710 1691 1808 1709 eorum
1825 1691 1879 1716 que
1891 1683 1950 1709 ad»
1963 1683 2056 1717 ipsius
2071 1684 2199 1718 episcopi
2211 1686 2258 1711 vel

1250 1730 1312 1763 ejus
1328 1730 1500 1756 officialium
1518 1730 1702 1757 audientiam
1720 1731 1910 1763 deferantur;
1932 1731 2053 1766 iusuper
2070 1741 2187 1766 operam
2210 1733 2259 1759 det

1250 1780 1281 1805 ut
1305 1778 1424 1804 illorum
1451 1778 1644 1805 rationabiles
1667 1782 1695 1806 et
1722 1779 1862 1813 antiquae
1886 1780 2113 1807 consuetudines
2137 1789 2153 1807 a
2176 1782 2259 1807 nullo

1842 1281 1962 1311 Latrau,
1980 1282 2013 1308 24
2032 1282 2090 1308 mai
2107 1282 2186 1309 1241.

1250 1827 1463 1861 infringantur,
1489 1828 1538 1854 sed
1565 1828 1700 1854 illibatae
1727 1828 1756 1854 in
1787 1837 1838 1854 suo
1866 1828 1966 1855 robore
1997 1833 2196 1863 perseverent.
2226 1845 2256 1848 —

1250 1875 1617 1908 (REG.20‚f.791-⁰;ann.
1632 1876 1701 1909 XV,
1716 1885 1741 1903 c.
1758 1876 1816 1908 58.)

1291 1990 1304 2004 «
1326 2001 1344 2006 ..
1367 1979 1499 2015 episcopo
1514 1979 1647 2012 Arelino,
1669 1978 1806 2006 marchie
1821 1979 2009 2008 Anconitane
2026 1980 2145 2008 rectori.
2165 1980 2260 2009 Pres-

1250 2031 1337 2060 suris
1355 2036 1385 2061 et
1406 2031 1571 2068 angustiis
1587 2048 1635 2060 —-.
1652 2032 1725 2060 Dat.
1744 2035 1779 2060 ut
1796 2040 1906 2069 supra.
1927 2044 1939 2057 »

1320 2188 1440 2216 (3034

1284 2251 1381 2278 Priori
1403 2252 1505 2278 Sancti
1524 2251 1619 2278 Marci
1637 2251 1880 2285 Nigripontensis
1896 2252 2044 2285 significat
2060 2253 2187 2279 electum
2203 2252 2260 2280 Co—

1248 2309 1352 2327 ranum
1376 2300 1443 2332 (Ξὶ)
1457 2301 1668 2331 Coronensem)
1686 2309 1699 2325 (t
1718 2309 1811 2335 nuper
1827 2304 1929 2328 contra
1950 2302 2030 2327 cives
2050 2299 2259 2335 Castellanjos]

1249 2357 1262 2374 »
1284 2352 1311 2375 et
1328 2348 1533 2383 Coron[enses]
1546 2357 1570 2381 ι),
1587 2358 1620 2376 ac
1636 2352 1739 2376 contra
1750 2350 1879 2376 Venetos
1896 2350 1926 2376 in
1942 2350 2100 2376 eorundem
2116 2350 2259 2377 Castella-

1248 2406 1351 2424 norum
1369 2400 1397 2424 et
1414 2396 1652 2433 C0r0n[ensium]
1667 2397 1842 2425 civitatibus
1860 2401 2086 2429 commorantes,
2096 2406 2182 2432 super
2196 2406 2259 2432 pos-

1247 2446 1427 2473 sessionibus
1440 2449 1468 2472 et
1484 2446 1570 2473 rebus
1581 2446 1649 2473 aliis
1663 2446 1700 2473 ab
1716 2446 1778 2480 ipso
1794 2454 1869 2479 papa
1884 2446 1919 2472 ad
1934 2446 2066 2472 diversos
2083 2445 2197 2479 judices
2211 2446 2259 2472 lit-

1248 2498 1324 2521 teras
1344 2494 1535 2528 impetrasse,
1556 2496 1606 2522 sed
1627 2504 1656 2522 se
1676 2495 1774 2529 ipsum
1801 2496 1879 2521 nolle
1901 2495 2016 2521 eosdem
2040 2495 2184 2526 Venetos,
2205 2495 2259 2520 hoc

1248 2546 1379 2577 tempore
1399 2543 1477 2569 circa
1496 2543 1647 2570 Ecclesiae
1663 2543 1781 2576 negotia
1802 2546 1969 2576 occupatos,
1988 2542 2094 2576 litigiis
2115 2542 2257 2573 distrahi;

1247 2591 1325 2617 unde
1340 2590 1366 2617 ei
1384 2591 1507 2617 mandat
1528 2594 1672 2625 quatenus
1688 2591 1798 2617 eisdem
1817 2590 1979 2624 judicibus,
2002 2592 2030 2616 et
2045 2590 2114 2616 aliis
2134 2590 2171 2616 ad
2187 2598 2258 2623 quos

1246 2639 1324 2666 idem
1348 2640 1458 2665 electus
1479 2642 1582 2666 contra
1600 2639 1765 2673 praedictos
1786 2639 1901 2666 litteras
1919 2638 2095 2672 apostolicas
2115 2638 2258 2672 impetra-

1246 2688 1334 2720 verit,
1352 2688 1490 2721 injungat
1506 2690 1537 2714 ut
1551 2688 1677 2722 negotiis
1693 2696 1743 2722 per
1759 2688 1875 2714 easdem
1891 2687 2006 2714 litteras
2020 2687 2076 2714 sibi
2091 2686 2258 2713 commissis

1246 2745 1338 2770 usque
1348 2737 1384 2763 ad
1394 2736 1589 2770 apostolicum
1602 2736 1821 2771 beneplacitum
1835 2735 2054 2770 supersedeant.
2066 2750 2098 2753 —-
2108 2736 2195 2766 (Rae.
2210 2735 2255 2768 20,

1247 2786 1267 2811 f.
1291 2785 1324 2811 79
1344 2788 1382 2817 r⁰;
1399 2793 1469 2811 ann.
1484 2785 1553 2818 XV,
1568 2793 1592 2812 c.
1608 2785 1666 2816 59.)

1843 2190 1963 2221 Latran,
1979 2190 2015 2216 1‘r
2028 2190 2092 2223 juin
2110 2190 2188 2216 1241.

1287 2897 1300 2911 κ
1322 2907 1341 2914 ..
1359 2886 1460 2922 priori
1476 2885 1583 2914 Sancti
1603 2885 1702 2914 Marci
1723 2886 1979 2922 Niyrt'poncensis.
1995 2884 2139 2921 Dignum
2157 2888 2205 2913 est
2222 2888 2258 2912 ut

1245 2955 1294 2968 —.
1312 2939 1386 2967 Dat.
1402 2938 1567 2973 Laterani,
1584 2938 1736 2968 kalendis
1750 2938 1851 2977 junii,
1866 2946 1952 2967 anno
1969 2936 2254 2976 quintodecimo.»

2105 3001 2135 3026 33
