2553 3526
260 285 318 315 383
989 273 1226 307 REGISTRES
1249 271 1304 302 DE
1327 264 1548 301 GREGomE
1572 272 1628 302 lx.
2301 272 2361 303 334

263 351 368 380 solum
390 359 452 379 non
470 348 649 378 restituunt
668 347 714 376 sic
732 346 851 377 ablata.
871 354 929 375 nec
946 344 984 373 dc
999 341 1151 380 dampnis
1171 344 1198 369 et
1218 339 1271 367 in-

260 404 359 443 juriis
384 402 645 432 satisfactionem
668 400 875 437 impendunt,
898 406 1011 427 verum
1037 395 1136 425 eliam
1160 393 1273 421 divina

264 456 369 486 officia
397 454 573 487 celebrare,
606 453 706 481 immo
734 451 856 486 verius,
891 453 1050 488 quantum
1077 447 1110 476 in
1139 446 1187 475 eis
1211 448 1270 478 est,

264 508 482 546 prophanare,
508 516 543 535 ac
567 505 605 534 ad
629 503 901 542 prophanandum
926 501 1008 531 alios
1034 500 1190 529 inducere
1208 505 1272 526 non

265 566 431 591 verentur.
458 560 490 588 in
517 559 703 587 animarum
730 565 864 586 suarum
890 554 1087 593 periculum,
1113 551 1273 590 plurimo-

266 624 337 643 rum
354 612 543 642 scandalum
563 616 590 640 cl
610 609 833 639 ecclesiastice
848 607 1024 645 discipline
1037 609 1272 642 contemptum.

265 667 348 702 Quia
367 674 442 695 vcro
460 664 595 701 dignum
611 667 657 691 cst
674 667 708 692 ut
723 671 804 700 quos
817 661 950 690 divinus
966 659 1062 688 timor
1077 667 1093 687 a
1110 656 1194 686 malo
1209 665 1272 685 non

266 723 406 749 revocat.
436 715 624 754 temporalis
649 714 765 744 sallem
790 713 962 743 coherceat
979 710 1164 749 disciplina,
1185 717 1275 739 sere-

267 772 403 801 nitatem
428 769 551 807 regiam
574 767 752 805 rogandam
776 767 929 795 duximus
950 763 1134 804 amentius]
1151 767 1182 792 et
1198 762 1275 791 hor-

268 825 411 855 tandam.
431 826 595 861 quatenus
625 820 815 859 hujusmodi
842 818 1031 855 sacrilegos,
1059 815 1217 855 quamdiu
1240 815 1274 844 in

268 887 326 908 sua
348 876 529 915 pertinacia
556 873 792 912 perdurabunt,
819 879 1028 910 nequaquam
1049 869 1202 907 recipias,
1227 868 1276 897 fo-

268 939 343 959 veas
362 928 411 958 vel
429 927 597 957 defendas.
615 927 694 964 quin
709 925 829 964 potius,
848 925 887 954 ol]
904 923 1124 954 reverentiam
1142 923 1276 959 Aposto-

267 982 328 1012 lice
347 981 441 1012 Sedis
459 984 487 1010 el
507 984 665 1013 nostram,
691 979 730 1008 ad
748 987 860 1008 eorum
883 977 1043 1006 malitiam
1061 974 1277 1005 edomandam

269 1035 445 1065 efficaciter
462 1033 600 1062 assistas
625 1032 789 1070 episcopo,
812 1030 977 1069 preposito
1000 1033 1030 1059 et
1050 1027 1193 1067 capitulo
1209 1036 1278 1057 me-

268 1088 418 1117 moratis.
437 1096 509 1116 cum
532 1086 571 1115 al]
590 1085 637 1115 eis
654 1085 759 1114 fueris
777 1083 971 1122 requisitus.
991 1083 1063 1112 Dat.
1082 1086 1244 1119 utsupra.
1264 1092 1277 1106 s>

307 1198 418 1220 5⁴13.
444 1208 475 1210 —
501 1193 531 1219 In
559 1191 684 1218 cundem
711 1190 830 1216 modum
854 1189 941 1214 nobili
965 1189 1024 1213 viro
1051 1207 1069 1213 ..
1093 1188 1185 1213 comiti
1210 1187 1280 1212 Pro-

270 1244 368 1269 vincis.

309 1295 354 1317 5⁴
366 1295 378 1316 Ι
389 1295 420 1316 4.
440 1304 470 1308 —
489 1290 520 1316 In
536 1288 661 1315 eunden]
681 1287 799 1314 modum
814 1287 948 1312 nobilibus
965 1286 1032 1311 viris
1043 1285 1195 1310 semesi-allis
1212 1284 1280 1310 Car-

270 1340 421 1371 casamenti,
441 1338 600 1367 Biterrensi,
615 1336 774 1362 Beleia-adm
793 1338 815 1360 ει
832 1335 1022 1366 Nenmasensi,
1038 1341 1068 1359 ac
1079 1334 1171 1358 ceteris
1182 1333 1280 1358 balivis

267 1395 319 1421 pro
337 1388 481 1413 karissimo
502 1387 531 1411 ιἰι
558 1385 665 1411 Christo
683 1385 741 1416 filio
762 1386 854 1409 nostro

271 1436 328 1462 illis
343 1435 469 1468 partibus
484 1435 650 1460 constitutis.

309 1488 420 1510 5⁴¹5.
434 1499 466 1501 —
483 1482 515 1509 In
530 1482 655 1509 eunden]
674 1481 793 1508 modun]
812 1479 948 1505 nobilibus
963 1480 1032 1504 viris
1045 1481 1068 1504 cl
1085 1479 1149 1504 aliis
1165 1480 1280 1504 univer-

270 1535 308 1558 sis
323 1540 371 1565 petr
388 1534 548 1558 vomitalum
567 1531 690 1563 Allclyorii
703 1534 725 1555 el
738 1529 955 1562 Mayalonensem
970 1528 1097 1553 diocesim
1113 1529 1278 1553 constitutis.

880 1404 898 1410 ..
925 1383 1031 1408 illustri
1047 1390 1106 1415 repe
1120 1383 1233 1408 Francz'e
1251 1383 1280 1407 in

343 1685 460 1713 54¹6

311 1756 324 1773 (ι
341 1749 374 1775 In
391 1748 516 1774 eundem
534 1746 653 1773 modum
673 1766 691 1773 ..

848 1683 969 1715 Latran,
987 1683 1017 1709 11
1037 1691 1113 1709 mars
1130 1682 1208 1709 1241.

709 1745 801 1771 abbati
824 1745 920 1771 Sancti
940 1745 1093 1772 Salvator-is
1114 1745 1281 1777 Lodorensis,

275 1817 291 1822 ..
304 1797 395 1829 priori
412 1795 509 1821 Sancte
520 1795 607 1820 Mario
620 1794 651 1819 de
666 1794 772 1826 Buryo²
787 1796 810 1818 ct
827 1794 903 1819 Petro
914 1793 1042 1824 Giraudz',
1060 1794 1172 1818 sacriste
1187 1792 1284 1819 Sancti

273 1844 558 1875 Pauliivarboazensis,
572 1850 680 1876 usque:
697 1842 874 1868 mandamus
889 1844 1032 1876 quatenus
1042 1841 1169 1868 nobilem
1182 1841 1279 1867 virum

274 1890 502 1928 R[aimundum]
516 1890 700 1924 Gaucelini3,
710 1891 876 1923 dominum,
891 1891 1002 1917 milites
1016 1894 1043 1917 et
1054 1890 1282 1917 universitatem

307 1993 327 2016 1.
344 1995 393 2016 Ms.
412 2002 418 2016 :
437 1991 592 2015 Bcllicardi.

306 2038 328 2061 Q.
347 2038 431 2061 Solon
443 2040 520 2060 toute
537 2036 765 2064 vraisemblance,
783 2036 800 2059 il
818 2036 873 2059 saut
891 2036 1024 2059 entendro
1041 2042 1046 2059 :
1065 2044 1074 2057 a
1086 2038 1186 2059 Sancte
1198 2036 1284 2058 Marie

275 2085 308 2106 de
326 2085 416 2111 Burflo
434 2084 621 2104 Carcasonen.
638 2090 648 2102 υ

306 2127 328 2149 3.
348 2126 472 2150 Souvent
489 2126 541 2148 cite
559 2125 625 2147 dans
643 2125 700 2148 let.
718 2124 781 2147 VIII
800 2124 832 2147 ‹Ie
848 2125 872 2147 la
887 2124 1013 2147 nouvelle
1030 2123 1134 2147 edition
1152 2123 1185 2146 de
1202 2123 1283 2146 l'His—

277 2172 345 2193 loir-e
367 2172 399 2193 <le
420 2171 588 2198 Lanyueaoc
605 2169 637 2191 de
659 2168 727 2192 Dom
745 2168 892 2192 Vmssmss.
909 2168 950 2192 On
973 2172 1070 2192 trouve
1086 2169 1125 2191 les
1141 2167 1213 2191 deux
1231 2168 1284 2191 sor-

275 2221 332 2237 mes
350 2216 530 2237 Raimnnrlus
547 2214 694 2236 Gaucelini
711 2216 737 2236 et
753 2214 935 2236 Raimumlus
957 2214 1110 2240 Gaucelmi,
1128 2212 1194 2235 mais
1213 2215 1285 2235 cette

275 2258 401 2282 derniere
418 2262 458 2281 est
476 2265 564 2281 monis
580 2258 732 2287 frequente.

1352 338 1387 364 de
1404 339 1539 365 Lunello.
1561 338 1686 371 balivos,
1704 339 1838 366 consules
1854 341 1882 365 et
1898 347 2055 365 commune
2075 339 2148 365 ville
2168 339 2281 366 Montis
2302 339 2363 366 Pe-

1354 386 1450 413 sulani
1472 389 1504 413 ut
1525 387 1695 420 hujusmodi
1717 387 1883 421 sacrilegos,
1907 387 2050 421 quamdiu
2070 387 2100 414 in
2122 396 2174 414 sua
2196 387 2366 421 pertinaciav

1354 435 1566 469 perdurabunt,
1584 444 1640 461 non
1658 435 1815 469 recipiant,
1835 437 1954 462 foveant
1970 436 2017 462 vel
2034 436 2206 468 defendant,
2222 436 2292 469 quin
2309 444 2363 470 po-

1355 485 1424 516 tius,
1439 484 1474 511 ob
1490 484 1686 511 reverentiam
1704 484 1873 518 Apostolice
1893 484 1979 511 Sedis
2004 486 2032 510 et
2052 482 2217 518 n[ostram],
2241 484 2277 511 ad
2302 492 2362 511 cor-

1355 533 1514 559 rectionem
1536 541 1634 559 eorum
1658 532 1799 559 assistant
1819 532 1977 559 efficaciter
1997 532 2143 566 episcopo,
2166 532 2312 567 preposito
2334 535 2366 559 et⁴

1356 581 1486 615 capitulo
1503 581 1684 613 memoratis,
1705 589 1770 607 cum
1794 580 1831 607 ab
1854 581 1895 607 eis
1918 580 2053 614 requisiti
2075 580 2196 612 fuerint.
2217 581 2367 608 moneatis

1355 632 1468 657 attente
1482 632 1511 656 et
1530 629 1670 656 inducere
1686 629 1840 662 studeatis,
1864 629 1894 655 in
1917 631 2111 663 receptatores
2127 637 2225 655 eorum
2243 637 2364 655 excom-

1357 678 1569 705 municationis
1589 678 1768 705 sententiam
1791 679 1981 712 proferentes.
2004 677 2126 704 Proviso
2146 686 2182 703 ne
2203 677 2233 703 in
2254 680 2365 704 terram

1357 726 1429 753 dicti
1447 726 1555 753 nobilis
1575 729 1630 752 etc.
1646 726 1730 757 Quod
1747 726 1770 752 si
1791 734 1847 753 non
1866 734 1967 752 omnes
1983 728 2037 752 etc.
2055 726 2123 752 Dat.
2140 728 2172 752 ut
2188 734 2285 760 supra.
2303 733 2317 751 ))
2331 740 2365 744 —

1358 775 1444 807 (ΗΕΘ.
1461 775 1505 808 20,
1523 776 1543 802 f.
1558 775 1591 801 44
1605 778 1642 808 1¹⁰3
1659 790 1691 793 —
1705 775 1838 802 Momm,
1857 774 1936 808 1193,
1953 775 1973 801 f.
1991 774 2042 801 194
2057 775 2112 805 v0.)

1430 974 1511 1001 54¹
1521 973 1545 1001 ’ἵ
1940 974 2061 1007 Latran,
2076 973 2109 1000 12
2126 982 2203 1001 mars
2217 974 2296 1001 1241.

1397 1044 1409 1061 «
1431 1037 1462 1062 In
1480 1036 1605 1062 eundem
1631 1036 1749 1062 niodum
1770 1057 1788 1062 ..
1806 1036 2006 1070 archiepiscopo
2022 1037 2175 1062 Arelatensi
2190 1038 2213 1061 et
2231 1036 2372 1068 suffraya-

1361 1085 1418 1109 nois
1439 1085 1507 1116 sais,
1532 1093 1622 1118 usque
1647 1093 1652 1111 :
1674 1084 1834 1118 discipline
1854 1087 2070 1119 contemptum.
2093 1085 2132 1112 Ut
2154 1087 2253 1112 autem
2274 1084 2373 1111 acrior

1362 1141 1437 1167 pena
1464 1136 1574 1167 pungat
1599 1141 1669 1167 quos
1700 1134 1783 1159 nulla
1809 1133 1927 1167 penitus
1956 1133 2098 1160 hactenus
2124 1133 2265 1167 penitudo
2289 1141 2371 1159 com-

1362 1182 1480 1216 punxit,
1508 1182 1685 1208 mandamus
1706 1184 1861 1215 quatenus,
1882 1190 1938 1208 non
1959 1181 2094 1208 obstante
2111 1181 2185 1215 quod
2202 1181 2326 1208 sacrista
2341 1183 2376 1208 et-

1362 1230 1415 1257 alii
1429 1230 1564 1257 canonici
1581 1230 1745 1264 supradicti
1761 1238 1778 1256 a
1792 1230 1897 1262 Zoeno,
1913 1229 2159 1264 archipresbitero
2176 1229 2370 1261 Bononiensi,

1362 1279 1442 1305 vices
1464 1278 1643 1305 venerabilis
1661 1278 1760 1305 fratris
1778 1278 1869 1305 nostri
1890 1299 1907 1304 ..
1927 1277 2057 1312 episcopi
2076 1277 2258 1310 Penestrini,
2274 1277 2373 1311 Apos-

1363 1327 1450 1354 tolice
1468 1327 1553 1354 Sedis
1570 1327 1670 1360 legati,
1687 1329 1719 1353 ut
1732 1326 1853 1359 dicitur,
1871 1327 1900 1353 in
1913 1326 2047 1361 partibus
2062 1326 2125 1353 illis
2141 1328 2270 1360 gerente,
2287 1325 2375 1352 nulla,

1363 1375 1566 1402 satisfactione
1581 1375 1714 1410 prestita,
1731 1378 1795 1409 post
1811 1375 2040 1410 appellationem
2059 1375 2094 1401 ad
2110 1383 2161 1401 nos
2178 1374 2311 1408 legitime
2327 1374 2373 1400 in-

1364 1425 1547 1459 terpositam,
1562 1433 1591 1450 se
1608 1425 1741 1451 fecerunt
1756 1424 1881 1456 absolvi,
1900 1423 2011 1457 singuli
2034 1426 2177 1454 vestrum„
2200 1422 2371 1456 hujusmodi

1364 1472 1682 1499 excommunicationis
1702 1473 1894 1504 sententiam,
1911 1472 1987 1499 sicut
2011 1471 2229 1499 rationabiliter
2246 1474 2289 1498 est
2305 1479 2374 1505 pro-

1365 1522 1435 1553 lata,
1462 1521 1605 1548 facientes
1627 1522 1803 1548 auctoritate
1831 1524 1931 1548 nostra
1956 1529 2047 1555 usque
2076 1521 2111 1547 ad
2137 1520 2370 1547 satisfactionem

1365 1570 1541 1603 condignam
1566 1570 1783 1596 inviolabiliter
1800 1569 1960 1602 observari,
1980 1578 2044 1596 eam
2061 1569 2187 1603 singulis
2206 1568 2310 1595 diebus
2325 1568 2376 1595 do-

1366 1619 1486 1645 minicis
1506 1621 1534 1645 et
1557 1619 1684 1649 festivis,
1711 1619 1837 1652 pulsatis
1859 1618 2013 1652 campanis
2031 1621 2058 1645 et
2078 1617 2210 1644 candelis
2230 1617 2375 1650 accensis,

1365 1676 1415 1702 per
1438 1671 1550 1694 vestras
1573 1667 1711 1694 civitates
1733 1670 1760 1693 et
1782 1667 1911 1693 dioceses
1932 1666 2138 1700 sollempniter
2154 1665 2324 1700 publicetis,
2341 1673 2378 1692 ae

1365 1717 1428 1743 loca
1456 1716 1492 1742 ad
1522 1724 1577 1749 que
1604 1715 1698 1742 dictos
1733 1715 2006 1742 excommunicatos
2035 1713 2175 1740 devenire
2205 1713 2372 1747 contigerit,

1366 1765 1507 1799 quamdiu
1525 1764 1566 1791 ibi
1583 1764 1695 1790 fuerint
1710 1764 1758 1790 vel
1778 1763 1963 1790 detinuerint
1985 1766 2127 1797 occupata
2151 1763 2253 1789 taliter
2272 1765 2301 1789 et
2320 1761 2377 1789 ab·

1366 1815 1436 1845 lata,
1454 1813 1627 1847 supponatis
1644 1812 1844 1839 ecclesiastico
1864 1812 2034 1838 interdicto.
2055 1812 2123 1838 Dat.
2145 1811 2296 1843 Laterani,
2317 1810 2372 1837 1111

1366 1863 1432 1888 idus
1451 1862 1562 1893 martii,
1584 1870 1660 1888 anno
1682 1861 1912 1895 quartodecimo.
1936 1868 1949 1886 ›)
1970 1876 2004 1878 —
2024 1861 2111 1892 (ΗΕΘ.
2128 1859 2172 1892 20,
2193 1861 2212 1886 f.
2230 1860 2263 1886 44
2279 1861 2320 1891 1¹⁰;
2342 1873 2376 1877 —

1366 1911 1499 1938 Mommu
1516 1911 1595 1941 1193,
1613 1911 1633 1936 f.
1651 1910 1725 1941 195.)

1404 2082 1449 2104 5⁴
1461 2081 1515 2103 18.
1532 2092 1563 2094 -
1577 2078 1609 2103 In
1632 2076 1757 2103 eundem
1781 2076 1900 2102 modum
1919 2096 1937 2103 ..
1955 2076 2154 2108 archiepiscopo
2180 2075 2379 2100 Terraconensc'

1367 2136 1389 2159 el
1406 2134 1588 2165 snsl'rayaneis
1603 2134 1670 2157 suis.

1405 2199 1451 2221 5⁴
1462 2199 1516 2221 19.
1536 2209 1566 2212 -
1584 2195 1616 2221 In
1630 2194 1755 2220 eunden]
1774 2193 1893 2220 modum
1909 2213 1927 2220 ..
1944 2193 2143 2226 archiepiscopo
2162 2193 2336 2219 Narbonensi
2350 2195 2379 2218 et

1367 2251 1549 2283 suffrayoneis
1566 2251 1634 2277 δαῖε.

1046 2547 1096 2567 rm
1120 2547 1158 2566 DE
1183 2547 1220 2566 LA
1244 2539 1467 2572 QUATonmizME
1490 2540 1605 2567 ANNeE.
