<?xml version="1.0" encoding="UTF-8"?>
<!DOCTYPE html PUBLIC "-//W3C//DTD XHTML 1.0 Transitional//EN"
    "http://www.w3.org/TR/xhtml1/DTD/xhtml1-transitional.dtd">
<html xmlns="http://www.w3.org/1999/xhtml" xml:lang="en" lang="en">
 <head>
  <title>
</title>
<meta http-equiv="Content-Type" content="text/html;charset=utf-8" />
  <meta name='ocr-system' content='tesseract 3.04.00' />
  <meta name='ocr-capabilities' content='ocr_page ocr_carea ocr_par ocr_line ocrx_word'/>
</head>
<body>
  <div class='ocr_page' id='page_1' title='image "./lesregistresdegr03cathuoft_0054.png"; bbox 0 0 2553 3526; ppageno 0'>
   <div class='ocr_carea' id='block_1_1' title="bbox 296 286 2399 327">
    <p class='ocr_par' dir='ltr' id='par_1_1' title="bbox 296 286 2399 327">
     <span class='ocr_line' id='line_1_1' title="bbox 296 286 2399 327; baseline -0.002 0"><span class='ocrx_word' id='word_1_1' title='bbox 296 298 332 327; x_wconf 79' lang='lat'>87</span> <span class='ocrx_word' id='word_1_2' title='bbox 1026 294 1263 324; x_wconf 74' lang='lat' dir='ltr'>REGtSTREs</span> <span class='ocrx_word' id='word_1_3' title='bbox 1287 293 1341 322; x_wconf 89' lang='lat' dir='ltr'>DE</span> <span class='ocrx_word' id='word_1_4' title='bbox 1364 286 1586 322; x_wconf 73' lang='lat' dir='ltr'>GREGOIRE</span> <span class='ocrx_word' id='word_1_5' title='bbox 1612 294 1667 323; x_wconf 85' lang='lat' dir='ltr'>IX.</span> <span class='ocrx_word' id='word_1_6' title='bbox 2360 293 2399 323; x_wconf 85' lang='lat'>88</span> 
     </span>
    </p>
   </div>
   <div class='ocr_carea' id='block_1_2' title="bbox 292 359 1309 2996">
    <p class='ocr_par' dir='ltr' id='par_1_2' title="bbox 292 359 1309 2996">
     <span class='ocr_line' id='line_1_2' title="bbox 294 359 1302 401; baseline -0.008 -6"><span class='ocrx_word' id='word_1_7' title='bbox 294 370 342 395; x_wconf 87' lang='lat' dir='ltr'>tes</span> <span class='ocrx_word' id='word_1_8' title='bbox 371 364 468 394; x_wconf 89' lang='lat' dir='ltr'>etiam</span> <span class='ocrx_word' id='word_1_9' title='bbox 491 363 577 401; x_wconf 83' lang='lat' dir='ltr'>quod</span> <span class='ocrx_word' id='word_1_10' title='bbox 598 362 741 392; x_wconf 81' lang='lat' dir='ltr'>decanus</span> <span class='ocrx_word' id='word_1_11' title='bbox 768 367 798 391; x_wconf 89' lang='lat' dir='ltr'>et</span> <span class='ocrx_word' id='word_1_12' title='bbox 821 371 938 397; x_wconf 75' lang='lat' dir='ltr'>magua</span> <span class='ocrx_word' id='word_1_13' title='bbox 960 371 1034 399; x_wconf 81' lang='lat' dir='ltr'>pars</span> <span class='ocrx_word' id='word_1_14' title='bbox 1057 359 1302 389; x_wconf 84' lang='lat' dir='ltr'>nominantium</span> 
     </span>
     <span class='ocr_line' id='line_1_3' title="bbox 293 411 1303 452; baseline -0.007 -5"><span class='ocrx_word' id='word_1_15' title='bbox 293 427 367 447; x_wconf 89' lang='lat' dir='ltr'>eum</span> <span class='ocrx_word' id='word_1_16' title='bbox 391 416 613 446; x_wconf 82' lang='lat' dir='ltr'>celebrassent</span> <span class='ocrx_word' id='word_1_17' title='bbox 639 414 768 452; x_wconf 85' lang='lat' dir='ltr'>publice</span> <span class='ocrx_word' id='word_1_18' title='bbox 793 424 828 443; x_wconf 84' lang='lat' dir='ltr'>ac</span> <span class='ocrx_word' id='word_1_19' title='bbox 850 413 1077 451; x_wconf 83' lang='lat' dir='ltr'>sollempniter</span> <span class='ocrx_word' id='word_1_20' title='bbox 1103 413 1135 441; x_wconf 92' lang='lat' dir='ltr'>in</span> <span class='ocrx_word' id='word_1_21' title='bbox 1163 411 1303 441; x_wconf 87' lang='lat' dir='ltr'>ecclesia</span> 
     </span>
     <span class='ocr_line' id='line_1_4' title="bbox 294 463 1302 503; baseline -0.007 -4"><span class='ocrx_word' id='word_1_22' title='bbox 294 468 500 502; x_wconf 62' lang='lat' dir='ltr'>sselvacensi,</span> <span class='ocrx_word' id='word_1_23' title='bbox 520 477 536 497; x_wconf 90' lang='lat' dir='ltr'>a</span> <span class='ocrx_word' id='word_1_24' title='bbox 553 468 636 496; x_wconf 82' lang='lat' dir='ltr'>bone</span> <span class='ocrx_word' id='word_1_25' title='bbox 658 467 813 496; x_wconf 84' lang='lat' dir='ltr'>memorie</span> <span class='ocrx_word' id='word_1_26' title='bbox 833 490 852 495; x_wconf 91' lang='lat'>..</span> <span class='ocrx_word' id='word_1_27' title='bbox 872 465 1066 495; x_wconf 77' lang='lat' dir='ltr'>Belvacensi</span> <span class='ocrx_word' id='word_1_28' title='bbox 1083 465 1236 503; x_wconf 80' lang='lat' dir='ltr'>episcopo</span> <span class='ocrx_word' id='word_1_29' title='bbox 1250 463 1302 492; x_wconf 90' lang='lat' dir='ltr'>in-</span> 
     </span>
     <span class='ocr_line' id='line_1_5' title="bbox 294 517 1303 559; baseline -0.006 -7"><span class='ocrx_word' id='word_1_30' title='bbox 294 523 448 552; x_wconf 85' lang='lat' dir='ltr'>terdicta:</span> <span class='ocrx_word' id='word_1_31' title='bbox 467 521 592 559; x_wconf 86' lang='lat' dir='ltr'>adjecto</span> <span class='ocrx_word' id='word_1_32' title='bbox 616 520 701 558; x_wconf 75' lang='lat' dir='ltr'>quod</span> <span class='ocrx_word' id='word_1_33' title='bbox 726 519 810 548; x_wconf 79' lang='lat' dir='ltr'>idem</span> <span class='ocrx_word' id='word_1_34' title='bbox 830 519 985 552; x_wconf 70' lang='lat' dir='ltr'>decanus,</span> <span class='ocrx_word' id='word_1_35' title='bbox 1010 523 1080 556; x_wconf 79' lang='lat' dir='ltr'>post</span> <span class='ocrx_word' id='word_1_36' title='bbox 1107 517 1303 547; x_wconf 69' lang='lat' dir='ltr'>electionem</span> 
     </span>
     <span class='ocr_line' id='line_1_6' title="bbox 293 570 1301 613; baseline -0.005 -8"><span class='ocrx_word' id='word_1_37' title='bbox 293 576 332 605; x_wconf 86' lang='lat' dir='ltr'>de</span> <span class='ocrx_word' id='word_1_38' title='bbox 347 576 417 613; x_wconf 75' lang='lat' dir='ltr'>ipso</span> <span class='ocrx_word' id='word_1_39' title='bbox 430 575 559 603; x_wconf 80' lang='lat' dir='ltr'>factam.</span> <span class='ocrx_word' id='word_1_40' title='bbox 580 572 791 601; x_wconf 76' lang='lat' dir='ltr'>interdictum</span> <span class='ocrx_word' id='word_1_41' title='bbox 811 572 930 609; x_wconf 76' lang='lat' dir='ltr'>ipsum,</span> <span class='ocrx_word' id='word_1_42' title='bbox 945 571 1140 600; x_wconf 86' lang='lat' dir='ltr'>auctoritate</span> <span class='ocrx_word' id='word_1_43' title='bbox 1158 570 1301 608; x_wconf 82' lang='lat' dir='ltr'>propria.</span> 
     </span>
     <span class='ocr_line' id='line_1_7' title="bbox 293 623 1303 665; baseline -0.007 -7"><span class='ocrx_word' id='word_1_44' title='bbox 293 638 366 658; x_wconf 87' lang='lat' dir='ltr'>cum</span> <span class='ocrx_word' id='word_1_45' title='bbox 393 626 591 665; x_wconf 78' lang='lat' dir='ltr'>quibusdam</span> <span class='ocrx_word' id='word_1_46' title='bbox 618 625 656 654; x_wconf 88' lang='lat' dir='ltr'>de</span> <span class='ocrx_word' id='word_1_47' title='bbox 687 624 924 659; x_wconf 80' lang='lat' dir='ltr'>residentibus,</span> <span class='ocrx_word' id='word_1_48' title='bbox 953 623 1043 652; x_wconf 87' lang='lat' dir='ltr'>nulla</span> <span class='ocrx_word' id='word_1_49' title='bbox 1073 623 1303 652; x_wconf 64' lang='lat' dir='ltr'>satisfactione</span> 
     </span>
     <span class='ocr_line' id='line_1_8' title="bbox 294 676 1305 720; baseline -0.006 -10"><span class='ocrx_word' id='word_1_50' title='bbox 294 682 441 720; x_wconf 82' lang='lat' dir='ltr'>prestita.</span> <span class='ocrx_word' id='word_1_51' title='bbox 461 679 651 711; x_wconf 79' lang='lat' dir='ltr'>relaxasset,</span> <span class='ocrx_word' id='word_1_52' title='bbox 673 687 707 707; x_wconf 89' lang='lat' dir='ltr'>ac</span> <span class='ocrx_word' id='word_1_53' title='bbox 727 682 835 706; x_wconf 88' lang='lat' dir='ltr'>notam</span> <span class='ocrx_word' id='word_1_54' title='bbox 858 677 1115 714; x_wconf 68' lang='lat' dir='ltr'>irregularitatis</span> <span class='ocrx_word' id='word_1_55' title='bbox 1141 676 1305 705; x_wconf 72' lang='lat' dir='ltr'>incurris-</span> 
     </span>
     <span class='ocr_line' id='line_1_9' title="bbox 295 729 1305 771; baseline -0.005 -8"><span class='ocrx_word' id='word_1_56' title='bbox 295 740 352 764; x_wconf 77' lang='lat' dir='ltr'>setv</span> <span class='ocrx_word' id='word_1_57' title='bbox 374 744 409 763; x_wconf 81' lang='lat' dir='ltr'>ex</span> <span class='ocrx_word' id='word_1_58' title='bbox 427 742 464 763; x_wconf 84' lang='lat' dir='ltr'>eo</span> <span class='ocrx_word' id='word_1_59' title='bbox 481 732 566 771; x_wconf 78' lang='lat' dir='ltr'>quod</span> <span class='ocrx_word' id='word_1_60' title='bbox 586 731 831 761; x_wconf 71' lang='lat' dir='ltr'>malefactorem</span> <span class='ocrx_word' id='word_1_61' title='bbox 850 731 1014 769; x_wconf 78' lang='lat' dir='ltr'>quendam</span> <span class='ocrx_word' id='word_1_62' title='bbox 1029 731 1062 759; x_wconf 92' lang='lat' dir='ltr'>iu</span> <span class='ocrx_word' id='word_1_63' title='bbox 1081 730 1214 759; x_wconf 82' lang='lat' dir='ltr'>civitate</span> <span class='ocrx_word' id='word_1_64' title='bbox 1231 729 1305 759; x_wconf 88' lang='lat' dir='ltr'>Bel-</span> 
     </span>
     <span class='ocr_line' id='line_1_10' title="bbox 294 782 1303 823; baseline -0.007 -6"><span class='ocrx_word' id='word_1_65' title='bbox 294 787 426 817; x_wconf 74' lang='lat' dir='ltr'>vacensi</span> <span class='ocrx_word' id='word_1_66' title='bbox 448 790 577 823; x_wconf 90' lang='lat' dir='ltr'>captum</span> <span class='ocrx_word' id='word_1_67' title='bbox 600 794 617 813; x_wconf 92' lang='lat' dir='ltr'>a</span> <span class='ocrx_word' id='word_1_68' title='bbox 640 783 864 813; x_wconf 82' lang='lat' dir='ltr'>servientibus</span> <span class='ocrx_word' id='word_1_69' title='bbox 890 783 971 816; x_wconf 84' lang='lat' dir='ltr'>suis,</span> <span class='ocrx_word' id='word_1_70' title='bbox 1013 783 1204 812; x_wconf 70' lang='lat' dir='ltr'>tradidisset</span> <span class='ocrx_word' id='word_1_71' title='bbox 1227 782 1303 820; x_wconf 81' lang='lat' dir='ltr'>qui-</span> 
     </span>
     <span class='ocr_line' id='line_1_11' title="bbox 293 834 1305 874; baseline -0.006 -5"><span class='ocrx_word' id='word_1_72' title='bbox 293 840 431 869; x_wconf 73' lang='lat' dir='ltr'>busdam</span> <span class='ocrx_word' id='word_1_73' title='bbox 448 838 554 871; x_wconf 86' lang='lat' dir='ltr'>laicis,</span> <span class='ocrx_word' id='word_1_74' title='bbox 576 836 700 866; x_wconf 88' lang='lat' dir='ltr'>nullam</span> <span class='ocrx_word' id='word_1_75' title='bbox 718 836 751 865; x_wconf 86' lang='lat' dir='ltr'>in</span> <span class='ocrx_word' id='word_1_76' title='bbox 770 836 864 865; x_wconf 91' lang='lat' dir='ltr'>illum</span> <span class='ocrx_word' id='word_1_77' title='bbox 882 835 1151 874; x_wconf 85' lang='lat' dir='ltr'>jurisdictionem</span> <span class='ocrx_word' id='word_1_78' title='bbox 1178 834 1305 863; x_wconf 86' lang='lat' dir='ltr'>haben-</span> 
     </span>
     <span class='ocr_line' id='line_1_12' title="bbox 294 887 1302 931; baseline -0.007 -9"><span class='ocrx_word' id='word_1_79' title='bbox 294 894 394 925; x_wconf 76' lang='lat' dir='ltr'>tibus,</span> <span class='ocrx_word' id='word_1_80' title='bbox 409 890 637 931; x_wconf 80' lang='lat' dir='ltr'>judicandum,</span> <span class='ocrx_word' id='word_1_81' title='bbox 656 890 816 927; x_wconf 80' lang='lat' dir='ltr'>denegato</span> <span class='ocrx_word' id='word_1_82' title='bbox 835 889 927 927; x_wconf 86' lang='lat' dir='ltr'>prius</span> <span class='ocrx_word' id='word_1_83' title='bbox 947 898 983 919; x_wconf 84' lang='lat' dir='ltr'>eo</span> <span class='ocrx_word' id='word_1_84' title='bbox 1001 889 1120 918; x_wconf 75' lang='lat' dir='ltr'>balivis</span> <span class='ocrx_word' id='word_1_85' title='bbox 1146 887 1302 926; x_wconf 74' lang='lat' dir='ltr'>episcopi,</span> 
     </span>
     <span class='ocr_line' id='line_1_13' title="bbox 293 940 1304 984; baseline -0.007 -8"><span class='ocrx_word' id='word_1_86' title='bbox 293 947 333 976; x_wconf 84' lang='lat' dir='ltr'>ad</span> <span class='ocrx_word' id='word_1_87' title='bbox 354 955 436 984; x_wconf 75' lang='lat' dir='ltr'>quos</span> <span class='ocrx_word' id='word_1_88' title='bbox 465 943 633 982; x_wconf 80' lang='lat' dir='ltr'>spectabat</span> <span class='ocrx_word' id='word_1_89' title='bbox 651 943 853 982; x_wconf 73' lang='lat' dir='ltr'>jurisdictio,</span> <span class='ocrx_word' id='word_1_90' title='bbox 883 947 915 971; x_wconf 92' lang='lat' dir='ltr'>ut</span> <span class='ocrx_word' id='word_1_91' title='bbox 938 942 1102 976; x_wconf 75' lang='lat' dir='ltr'>dicebant,</span> <span class='ocrx_word' id='word_1_92' title='bbox 1127 950 1236 980; x_wconf 80' lang='lat' dir='ltr'>quem,</span> <span class='ocrx_word' id='word_1_93' title='bbox 1265 940 1304 969; x_wconf 87' lang='lat' dir='ltr'>ab</span> 
     </span>
     <span class='ocr_line' id='line_1_14' title="bbox 293 995 1305 1034; baseline -0.005 -6"><span class='ocrx_word' id='word_1_94' title='bbox 293 999 417 1029; x_wconf 86' lang='lat' dir='ltr'>eisdem</span> <span class='ocrx_word' id='word_1_95' title='bbox 436 997 532 1027; x_wconf 90' lang='lat' dir='ltr'>laicis</span> <span class='ocrx_word' id='word_1_96' title='bbox 546 996 822 1034; x_wconf 67' lang='lat' dir='ltr'>condempnatum</span> <span class='ocrx_word' id='word_1_97' title='bbox 838 996 876 1024; x_wconf 86' lang='lat' dir='ltr'>ad</span> <span class='ocrx_word' id='word_1_98' title='bbox 895 1000 1044 1025; x_wconf 88' lang='lat' dir='ltr'>mortem.</span> <span class='ocrx_word' id='word_1_99' title='bbox 1065 995 1305 1024; x_wconf 80' lang='lat' dir='ltr'>interfecerunt</span> 
     </span>
     <span class='ocr_line' id='line_1_15' title="bbox 294 1047 1306 1089; baseline -0.006 -8"><span class='ocrx_word' id='word_1_100' title='bbox 294 1052 346 1081; x_wconf 85' lang='lat' dir='ltr'>sui</span> <span class='ocrx_word' id='word_1_101' title='bbox 366 1050 572 1089; x_wconf 84' lang='lat' dir='ltr'>postmodum</span> <span class='ocrx_word' id='word_1_102' title='bbox 592 1049 788 1083; x_wconf 84' lang='lat' dir='ltr'>servientes,</span> <span class='ocrx_word' id='word_1_103' title='bbox 807 1058 880 1077; x_wconf 92' lang='lat' dir='ltr'>cum</span> <span class='ocrx_word' id='word_1_104' title='bbox 900 1053 1007 1077; x_wconf 89' lang='lat' dir='ltr'>tamen</span> <span class='ocrx_word' id='word_1_105' title='bbox 1035 1048 1144 1086; x_wconf 86' lang='lat' dir='ltr'>ipsum</span> <span class='ocrx_word' id='word_1_106' title='bbox 1163 1047 1306 1086; x_wconf 87' lang='lat' dir='ltr'>potuerit</span> 
     </span>
     <span class='ocr_line' id='line_1_16' title="bbox 292 1099 1306 1141; baseline -0.006 -7"><span class='ocrx_word' id='word_1_107' title='bbox 292 1105 434 1134; x_wconf 83' lang='lat' dir='ltr'>liberare</span> <span class='ocrx_word' id='word_1_108' title='bbox 453 1113 459 1131; x_wconf 88' lang='grc'>;</span> <span class='ocrx_word' id='word_1_109' title='bbox 478 1102 556 1141; x_wconf 83' lang='lat' dir='ltr'>quia</span> <span class='ocrx_word' id='word_1_110' title='bbox 577 1101 651 1131; x_wconf 87' lang='lat' dir='ltr'>talis</span> <span class='ocrx_word' id='word_1_111' title='bbox 669 1101 747 1138; x_wconf 80' lang='lat' dir='ltr'>eligi</span> <span class='ocrx_word' id='word_1_112' title='bbox 778 1110 842 1130; x_wconf 89' lang='lat' dir='ltr'>non</span> <span class='ocrx_word' id='word_1_113' title='bbox 870 1100 1020 1135; x_wconf 85' lang='lat' dir='ltr'>debebat,</span> <span class='ocrx_word' id='word_1_114' title='bbox 1048 1110 1086 1130; x_wconf 89' lang='lat' dir='ltr'>ne</span> <span class='ocrx_word' id='word_1_115' title='bbox 1114 1100 1154 1130; x_wconf 87' lang='lat' dir='ltr'>ad</span> <span class='ocrx_word' id='word_1_116' title='bbox 1172 1099 1306 1130; x_wconf 81' lang='lat' dir='ltr'>electio-</span> 
     </span>
     <span class='ocr_line' id='line_1_17' title="bbox 296 1154 1305 1195; baseline -0.005 -8"><span class='ocrx_word' id='word_1_117' title='bbox 296 1167 369 1188; x_wconf 90' lang='lat' dir='ltr'>nem</span> <span class='ocrx_word' id='word_1_118' title='bbox 393 1157 499 1195; x_wconf 77' lang='lat' dir='ltr'>ipsius</span> <span class='ocrx_word' id='word_1_119' title='bbox 525 1155 750 1193; x_wconf 86' lang='lat' dir='ltr'>procederent,</span> <span class='ocrx_word' id='word_1_120' title='bbox 779 1158 967 1187; x_wconf 76' lang='lat' dir='ltr'>vetuerunt,</span> <span class='ocrx_word' id='word_1_121' title='bbox 995 1154 1112 1184; x_wconf 86' lang='lat' dir='ltr'>Sedem</span> <span class='ocrx_word' id='word_1_122' title='bbox 1139 1154 1305 1192; x_wconf 85' lang='lat' dir='ltr'>Apostoli-</span> 
     </span>
     <span class='ocr_line' id='line_1_18' title="bbox 294 1207 1306 1248; baseline -0.005 -8"><span class='ocrx_word' id='word_1_123' title='bbox 294 1220 365 1240; x_wconf 85' lang='lat' dir='ltr'>cam</span> <span class='ocrx_word' id='word_1_124' title='bbox 397 1208 610 1248; x_wconf 68' lang='lat' dir='ltr'>appellantes,</span> <span class='ocrx_word' id='word_1_125' title='bbox 645 1216 678 1237; x_wconf 87' lang='lat' dir='ltr'>se</span> <span class='ocrx_word' id='word_1_126' title='bbox 710 1216 744 1237; x_wconf 92' lang='lat' dir='ltr'>ac</span> <span class='ocrx_word' id='word_1_127' title='bbox 771 1207 825 1245; x_wconf 84' lang='lat' dir='ltr'>jus</span> <span class='ocrx_word' id='word_1_128' title='bbox 856 1216 952 1236; x_wconf 88' lang='lat' dir='ltr'>suum</span> <span class='ocrx_word' id='word_1_129' title='bbox 984 1207 1194 1245; x_wconf 61' lang='lat' dir='ltr'>protectioni&gt;</span> <span class='ocrx_word' id='word_1_130' title='bbox 1211 1207 1306 1237; x_wconf 78' lang='lat' dir='ltr'>Sedis</span> 
     </span>
     <span class='ocr_line' id='line_1_19' title="bbox 294 1260 1307 1302; baseline -0.005 -8"><span class='ocrx_word' id='word_1_131' title='bbox 294 1262 481 1302; x_wconf 84' lang='lat' dir='ltr'>Apostolice</span> <span class='ocrx_word' id='word_1_132' title='bbox 502 1261 728 1299; x_wconf 85' lang='lat' dir='ltr'>supponendo.</span> <span class='ocrx_word' id='word_1_133' title='bbox 759 1261 822 1291; x_wconf 80' lang='lat' dir='ltr'>Sed</span> <span class='ocrx_word' id='word_1_134' title='bbox 843 1261 919 1298; x_wconf 88' lang='lat' dir='ltr'>ipsi,</span> <span class='ocrx_word' id='word_1_135' title='bbox 945 1260 1137 1300; x_wconf 83' lang='lat' dir='ltr'>hujusmodi</span> <span class='ocrx_word' id='word_1_136' title='bbox 1160 1260 1307 1298; x_wconf 90' lang='lat' dir='ltr'>appella-</span> 
     </span>
     <span class='ocr_line' id='line_1_20' title="bbox 296 1313 1305 1353; baseline -0.004 -7"><span class='ocrx_word' id='word_1_137' title='bbox 296 1318 383 1346; x_wconf 80' lang='lat' dir='ltr'>tiouc.</span> <span class='ocrx_word' id='word_1_138' title='bbox 403 1320 433 1345; x_wconf 87' lang='lat' dir='ltr'>et</span> <span class='ocrx_word' id='word_1_139' title='bbox 451 1314 674 1353; x_wconf 69' lang='lat' dir='ltr'>prohibitione</span> <span class='ocrx_word' id='word_1_140' title='bbox 692 1314 899 1352; x_wconf 86' lang='lat' dir='ltr'>contemptis,</span> <span class='ocrx_word' id='word_1_141' title='bbox 925 1314 1085 1343; x_wconf 86' lang='lat' dir='ltr'>decanum</span> <span class='ocrx_word' id='word_1_142' title='bbox 1113 1313 1254 1343; x_wconf 85' lang='lat' dir='ltr'>eundem</span> <span class='ocrx_word' id='word_1_143' title='bbox 1271 1313 1305 1342; x_wconf 91' lang='lat' dir='ltr'>in</span> 
     </span>
     <span class='ocr_line' id='line_1_21' title="bbox 295 1367 1305 1408; baseline -0.005 -8"><span class='ocrx_word' id='word_1_144' title='bbox 295 1370 485 1408; x_wconf 75' lang='lat' dir='ltr'>episcopum</span> <span class='ocrx_word' id='word_1_145' title='bbox 499 1367 746 1399; x_wconf 79' lang='lat' dir='ltr'>Belvacensem,</span> <span class='ocrx_word' id='word_1_146' title='bbox 761 1367 793 1396; x_wconf 91' lang='lat' dir='ltr'>in</span> <span class='ocrx_word' id='word_1_147' title='bbox 813 1376 925 1396; x_wconf 83' lang='lat' dir='ltr'>eorum</span> <span class='ocrx_word' id='word_1_148' title='bbox 944 1367 1176 1405; x_wconf 83' lang='lat' dir='ltr'>prejudicium,</span> <span class='ocrx_word' id='word_1_149' title='bbox 1194 1367 1305 1396; x_wconf 90' lang='lat' dir='ltr'>minus</span> 
     </span>
     <span class='ocr_line' id='line_1_22' title="bbox 294 1419 1306 1458; baseline -0.004 -7"><span class='ocrx_word' id='word_1_150' title='bbox 294 1422 452 1452; x_wconf 80' lang='lat' dir='ltr'>canonice</span> <span class='ocrx_word' id='word_1_151' title='bbox 474 1420 597 1457; x_wconf 77' lang='lat' dir='ltr'>eligere</span> <span class='ocrx_word' id='word_1_152' title='bbox 622 1424 908 1458; x_wconf 82' lang='lat' dir='ltr'>presimipserunt.</span> <span class='ocrx_word' id='word_1_153' title='bbox 934 1419 1028 1449; x_wconf 79' lang='lat' dir='ltr'>Unde</span> <span class='ocrx_word' id='word_1_154' title='bbox 1049 1419 1168 1457; x_wconf 87' lang='lat' dir='ltr'>prefati</span> <span class='ocrx_word' id='word_1_155' title='bbox 1196 1419 1306 1448; x_wconf 85' lang='lat' dir='ltr'>archi-</span> 
     </span>
     <span class='ocr_line' id='line_1_23' title="bbox 295 1472 1306 1510; baseline -0.003 -6"><span class='ocrx_word' id='word_1_156' title='bbox 295 1476 454 1504; x_wconf 84' lang='lat' dir='ltr'>diaconus</span> <span class='ocrx_word' id='word_1_157' title='bbox 478 1479 508 1503; x_wconf 90' lang='lat' dir='ltr'>et</span> <span class='ocrx_word' id='word_1_158' title='bbox 532 1473 690 1510; x_wconf 83' lang='lat' dir='ltr'>magister</span> <span class='ocrx_word' id='word_1_159' title='bbox 712 1473 862 1502; x_wconf 77' lang='lat' dir='ltr'>Andreas</span> <span class='ocrx_word' id='word_1_160' title='bbox 884 1472 1115 1510; x_wconf 79' lang='lat' dir='ltr'>supplicabant</span> <span class='ocrx_word' id='word_1_161' title='bbox 1141 1472 1306 1501; x_wconf 88' lang='lat' dir='ltr'>instanter</span> 
     </span>
     <span class='ocr_line' id='line_1_24' title="bbox 295 1526 1306 1567; baseline -0.004 -9"><span class='ocrx_word' id='word_1_162' title='bbox 295 1534 330 1558; x_wconf 92' lang='lat' dir='ltr'>ut</span> <span class='ocrx_word' id='word_1_163' title='bbox 347 1527 505 1567; x_wconf 82' lang='lat' dir='ltr'>quicquid</span> <span class='ocrx_word' id='word_1_164' title='bbox 522 1526 644 1556; x_wconf 85' lang='lat' dir='ltr'>factum</span> <span class='ocrx_word' id='word_1_165' title='bbox 662 1530 731 1555; x_wconf 90' lang='lat' dir='ltr'>erat</span> <span class='ocrx_word' id='word_1_166' title='bbox 750 1526 788 1555; x_wconf 89' lang='lat' dir='ltr'>de</span> <span class='ocrx_word' id='word_1_167' title='bbox 810 1526 880 1564; x_wconf 89' lang='lat' dir='ltr'>ipso</span> <span class='ocrx_word' id='word_1_168' title='bbox 897 1526 1032 1560; x_wconf 87' lang='lat' dir='ltr'>decano,</span> <span class='ocrx_word' id='word_1_169' title='bbox 1051 1526 1306 1555; x_wconf 73' lang='lat' dir='ltr'>decerneremus</span> 
     </span>
     <span class='ocr_line' id='line_1_25' title="bbox 295 1578 1307 1617; baseline -0.003 -7"><span class='ocrx_word' id='word_1_170' title='bbox 295 1582 427 1611; x_wconf 89' lang='lat' dir='ltr'>irritum</span> <span class='ocrx_word' id='word_1_171' title='bbox 459 1584 489 1610; x_wconf 87' lang='lat' dir='ltr'>et</span> <span class='ocrx_word' id='word_1_172' title='bbox 514 1580 625 1614; x_wconf 88' lang='lat' dir='ltr'>inane,</span> <span class='ocrx_word' id='word_1_173' title='bbox 655 1588 690 1608; x_wconf 90' lang='lat' dir='ltr'>ac</span> <span class='ocrx_word' id='word_1_174' title='bbox 718 1579 801 1617; x_wconf 87' lang='lat' dir='ltr'>parti</span> <span class='ocrx_word' id='word_1_175' title='bbox 831 1588 888 1609; x_wconf 85' lang='lat' dir='ltr'>sue</span> <span class='ocrx_word' id='word_1_176' title='bbox 916 1579 1129 1608; x_wconf 84' lang='lat' dir='ltr'>redderemus</span> <span class='ocrx_word' id='word_1_177' title='bbox 1161 1578 1307 1616; x_wconf 81' lang='lat' dir='ltr'>eligendi</span> 
     </span>
     <span class='ocr_line' id='line_1_26' title="bbox 292 1632 1306 1670; baseline -0.003 -7"><span class='ocrx_word' id='word_1_178' title='bbox 292 1635 432 1663; x_wconf 78' lang='lat' dir='ltr'>liberam</span> <span class='ocrx_word' id='word_1_179' title='bbox 467 1637 673 1670; x_wconf 85' lang='lat' dir='ltr'>potestatem.</span> <span class='ocrx_word' id='word_1_180' title='bbox 706 1632 792 1668; x_wconf 80' lang='lat' dir='ltr'>Quia</span> <span class='ocrx_word' id='word_1_181' title='bbox 831 1641 907 1662; x_wconf 84' lang='lat' dir='ltr'>vero</span> <span class='ocrx_word' id='word_1_182' title='bbox 936 1632 974 1661; x_wconf 88' lang='lat' dir='ltr'>de</span> <span class='ocrx_word' id='word_1_183' title='bbox 1016 1632 1083 1661; x_wconf 82' lang='lat' dir='ltr'>biis</span> <span class='ocrx_word' id='word_1_184' title='bbox 1115 1632 1210 1661; x_wconf 84' lang='lat' dir='ltr'>nobis</span> <span class='ocrx_word' id='word_1_185' title='bbox 1242 1640 1306 1661; x_wconf 88' lang='lat' dir='ltr'>non</span> 
     </span>
     <span class='ocr_line' id='line_1_27' title="bbox 292 1684 1307 1723; baseline -0.004 -6"><span class='ocrx_word' id='word_1_186' title='bbox 292 1686 472 1721; x_wconf 75' lang='lat' dir='ltr'>constabat,</span> <span class='ocrx_word' id='word_1_187' title='bbox 503 1684 685 1715; x_wconf 81' lang='lat' dir='ltr'>venerabili</span> <span class='ocrx_word' id='word_1_188' title='bbox 712 1685 807 1714; x_wconf 85' lang='lat' dir='ltr'>fratri</span> <span class='ocrx_word' id='word_1_189' title='bbox 835 1689 946 1714; x_wconf 85' lang='lat' dir='ltr'>nostro</span> <span class='ocrx_word' id='word_1_190' title='bbox 971 1708 990 1713; x_wconf 91' lang='lat'>..</span> <span class='ocrx_word' id='word_1_191' title='bbox 1015 1685 1167 1723; x_wconf 86' lang='lat' dir='ltr'>episcopo</span> <span class='ocrx_word' id='word_1_192' title='bbox 1199 1684 1307 1714; x_wconf 74' lang='lat' dir='ltr'>Silva-</span> 
     </span>
     <span class='ocr_line' id='line_1_28' title="bbox 295 1737 1303 1776; baseline -0.003 -6"><span class='ocrx_word' id='word_1_193' title='bbox 295 1739 444 1770; x_wconf 85' lang='lat' dir='ltr'>nectensi</span> <span class='ocrx_word' id='word_1_194' title='bbox 471 1743 500 1768; x_wconf 90' lang='lat' dir='ltr'>et</span> <span class='ocrx_word' id='word_1_195' title='bbox 529 1737 664 1775; x_wconf 81' lang='lat' dir='ltr'>collegis</span> <span class='ocrx_word' id='word_1_196' title='bbox 692 1738 797 1776; x_wconf 83' lang='lat' dir='ltr'>ipsius</span> <span class='ocrx_word' id='word_1_197' title='bbox 827 1737 979 1767; x_wconf 80' lang='lat' dir='ltr'>dedimus</span> <span class='ocrx_word' id='word_1_198' title='bbox 1007 1738 1041 1766; x_wconf 93' lang='lat' dir='ltr'>in</span> <span class='ocrx_word' id='word_1_199' title='bbox 1071 1737 1235 1767; x_wconf 85' lang='lat' dir='ltr'>mandatis</span> <span class='ocrx_word' id='word_1_200' title='bbox 1260 1742 1303 1773; x_wconf 87' lang='lat' dir='ltr'>ut,</span> 
     </span>
     <span class='ocr_line' id='line_1_29' title="bbox 293 1791 1308 1830; baseline -0.001 -8"><span class='ocrx_word' id='word_1_201' title='bbox 293 1793 416 1823; x_wconf 82' lang='lat' dir='ltr'>vocatis</span> <span class='ocrx_word' id='word_1_202' title='bbox 434 1792 490 1830; x_wconf 82' lang='lat' dir='ltr'>qui</span> <span class='ocrx_word' id='word_1_203' title='bbox 516 1792 624 1821; x_wconf 87' lang='lat' dir='ltr'>forent</span> <span class='ocrx_word' id='word_1_204' title='bbox 647 1791 816 1824; x_wconf 80' lang='lat' dir='ltr'>evocandi,</span> <span class='ocrx_word' id='word_1_205' title='bbox 837 1795 867 1820; x_wconf 87' lang='lat' dir='ltr'>et</span> <span class='ocrx_word' id='word_1_206' title='bbox 893 1791 1017 1820; x_wconf 85' lang='lat' dir='ltr'>auditis</span> <span class='ocrx_word' id='word_1_207' title='bbox 1035 1800 1097 1830; x_wconf 82' lang='lat' dir='ltr'>quc</span> <span class='ocrx_word' id='word_1_208' title='bbox 1119 1800 1217 1829; x_wconf 82' lang='lat' dir='ltr'>super</span> <span class='ocrx_word' id='word_1_209' title='bbox 1234 1800 1308 1829; x_wconf 85' lang='lat' dir='ltr'>pre-</span> 
     </span>
     <span class='ocr_line' id='line_1_30' title="bbox 293 1844 1308 1882; baseline -0.002 -7"><span class='ocrx_word' id='word_1_210' title='bbox 293 1846 406 1876; x_wconf 88' lang='lat' dir='ltr'>missis</span> <span class='ocrx_word' id='word_1_211' title='bbox 423 1850 453 1875; x_wconf 89' lang='lat' dir='ltr'>et</span> <span class='ocrx_word' id='word_1_212' title='bbox 471 1854 508 1874; x_wconf 86' lang='lat' dir='ltr'>ea</span> <span class='ocrx_word' id='word_1_213' title='bbox 524 1844 807 1881; x_wconf 82' lang='lat' dir='ltr'>contingentibus,</span> <span class='ocrx_word' id='word_1_214' title='bbox 830 1848 963 1882; x_wconf 88' lang='lat' dir='ltr'>excepta</span> <span class='ocrx_word' id='word_1_215' title='bbox 986 1844 1184 1876; x_wconf 69' lang='lat' dir='ltr'>litteratura,</span> <span class='ocrx_word' id='word_1_216' title='bbox 1209 1854 1308 1882; x_wconf 89' lang='lat' dir='ltr'>super</span> 
     </span>
     <span class='ocr_line' id='line_1_31' title="bbox 293 1897 1307 1938; baseline -0.003 -9"><span class='ocrx_word' id='word_1_217' title='bbox 293 1909 358 1938; x_wconf 78' lang='lat' dir='ltr'>qua</span> <span class='ocrx_word' id='word_1_218' title='bbox 385 1908 440 1936; x_wconf 90' lang='lat' dir='ltr'>per</span> <span class='ocrx_word' id='word_1_219' title='bbox 466 1897 623 1927; x_wconf 84' lang='lat' dir='ltr'>dilectum</span> <span class='ocrx_word' id='word_1_220' title='bbox 648 1897 755 1926; x_wconf 85' lang='lat' dir='ltr'>filium</span> <span class='ocrx_word' id='word_1_221' title='bbox 794 1902 943 1927; x_wconf 87' lang='lat' dir='ltr'>nostrum</span> <span class='ocrx_word' id='word_1_222' title='bbox 973 1897 1163 1937; x_wconf 87' lang='lat' dir='ltr'>O[ttonem],</span> <span class='ocrx_word' id='word_1_223' title='bbox 1195 1897 1307 1927; x_wconf 82' lang='lat' dir='ltr'>Sancti</span> 
     </span>
     <span class='ocr_line' id='line_1_32' title="bbox 294 1950 1305 1985; baseline -0.004 -3"><span class='ocrx_word' id='word_1_224' title='bbox 294 1952 425 1982; x_wconf 78' lang='lat' dir='ltr'>Nicolai</span> <span class='ocrx_word' id='word_1_225' title='bbox 462 1951 496 1979; x_wconf 92' lang='lat' dir='ltr'>in</span> <span class='ocrx_word' id='word_1_226' title='bbox 531 1950 670 1981; x_wconf 85' lang='lat' dir='ltr'>Carcere</span> <span class='ocrx_word' id='word_1_227' title='bbox 701 1950 855 1979; x_wconf 84' lang='lat' dir='ltr'>Tulliano</span> <span class='ocrx_word' id='word_1_228' title='bbox 883 1950 1059 1979; x_wconf 85' lang='lat' dir='ltr'>diaconum</span> <span class='ocrx_word' id='word_1_229' title='bbox 1091 1950 1305 1985; x_wconf 77' lang='lat' dir='ltr'>cardinalem,</span> 
     </span>
     <span class='ocr_line' id='line_1_33' title="bbox 294 2003 1307 2043; baseline -0.003 -8"><span class='ocrx_word' id='word_1_230' title='bbox 294 2005 481 2043; x_wconf 84' lang='lat' dir='ltr'>Apostolice</span> <span class='ocrx_word' id='word_1_231' title='bbox 502 2004 596 2033; x_wconf 78' lang='lat' dir='ltr'>Sedis</span> <span class='ocrx_word' id='word_1_232' title='bbox 616 2003 772 2040; x_wconf 76' lang='lat' dir='ltr'>legatum,</span> <span class='ocrx_word' id='word_1_233' title='bbox 799 2004 985 2033; x_wconf 74' lang='lat' dir='ltr'>feceramus</span> <span class='ocrx_word' id='word_1_234' title='bbox 1011 2003 1190 2041; x_wconf 75' lang='lat' dir='ltr'>diligenter</span> <span class='ocrx_word' id='word_1_235' title='bbox 1211 2003 1307 2033; x_wconf 87' lang='lat' dir='ltr'>deca-</span> 
     </span>
     <span class='ocr_line' id='line_1_34' title="bbox 295 2056 1304 2094; baseline -0.002 -7"><span class='ocrx_word' id='word_1_236' title='bbox 295 2067 373 2087; x_wconf 90' lang='lat' dir='ltr'>num</span> <span class='ocrx_word' id='word_1_237' title='bbox 391 2057 574 2087; x_wconf 86' lang='lat' dir='ltr'>examinari</span> <span class='ocrx_word' id='word_1_238' title='bbox 592 2056 788 2094; x_wconf 84' lang='lat' dir='ltr'>predictum,</span> <span class='ocrx_word' id='word_1_239' title='bbox 810 2060 921 2085; x_wconf 80' lang='lat' dir='ltr'>essent</span> <span class='ocrx_word' id='word_1_240' title='bbox 938 2056 1105 2094; x_wconf 86' lang='lat' dir='ltr'>proposita</span> <span class='ocrx_word' id='word_1_241' title='bbox 1118 2065 1227 2085; x_wconf 86' lang='lat' dir='ltr'>coram</span> <span class='ocrx_word' id='word_1_242' title='bbox 1245 2057 1304 2090; x_wconf 69' lang='lat' dir='ltr'>eis,</span> 
     </span>
     <span class='ocr_line' id='line_1_35' title="bbox 297 2109 1308 2149; baseline -0.002 -8"><span class='ocrx_word' id='word_1_243' title='bbox 297 2112 465 2149; x_wconf 80' lang='lat' dir='ltr'>negotium</span> <span class='ocrx_word' id='word_1_244' title='bbox 494 2110 533 2139; x_wconf 91' lang='lat' dir='ltr'>ad</span> <span class='ocrx_word' id='word_1_245' title='bbox 560 2119 696 2139; x_wconf 83' lang='lat' dir='ltr'>examen</span> <span class='ocrx_word' id='word_1_246' title='bbox 728 2109 945 2147; x_wconf 88' lang='lat' dir='ltr'>apostolicum</span> <span class='ocrx_word' id='word_1_247' title='bbox 981 2110 1187 2139; x_wconf 80' lang='lat' dir='ltr'>remitterent</span> <span class='ocrx_word' id='word_1_248' title='bbox 1219 2110 1308 2139; x_wconf 87' lang='lat' dir='ltr'>suffi-</span> 
     </span>
     <span class='ocr_line' id='line_1_36' title="bbox 295 2162 1306 2202; baseline -0.003 -8"><span class='ocrx_word' id='word_1_249' title='bbox 295 2165 422 2195; x_wconf 88' lang='lat' dir='ltr'>cienter</span> <span class='ocrx_word' id='word_1_250' title='bbox 442 2164 653 2198; x_wconf 76' lang='lat' dir='ltr'>instructum,</span> <span class='ocrx_word' id='word_1_251' title='bbox 677 2163 891 2202; x_wconf 82' lang='lat' dir='ltr'>prefi[geudo]</span> <span class='ocrx_word' id='word_1_252' title='bbox 910 2162 1083 2201; x_wconf 90' lang='lat' dir='ltr'>part[ibus]</span> <span class='ocrx_word' id='word_1_253' title='bbox 1103 2163 1306 2202; x_wconf 82' lang='lat' dir='ltr'>teruii[num]</span> 
     </span>
     <span class='ocr_line' id='line_1_37' title="bbox 297 2215 1307 2256; baseline -0.002 -9"><span class='ocrx_word' id='word_1_254' title='bbox 297 2215 580 2256; x_wconf 85' lang='lat' dir='ltr'>perempto[rium]</span> <span class='ocrx_word' id='word_1_255' title='bbox 601 2215 876 2255; x_wconf 84' lang='lat' dir='ltr'>compe[tentem].</span> <span class='ocrx_word' id='word_1_256' title='bbox 904 2225 968 2254; x_wconf 83' lang='lat' dir='ltr'>quo</span> <span class='ocrx_word' id='word_1_257' title='bbox 988 2225 1096 2245; x_wconf 85' lang='lat' dir='ltr'>coram</span> <span class='ocrx_word' id='word_1_258' title='bbox 1116 2216 1210 2245; x_wconf 90' lang='lat' dir='ltr'>nobis</span> <span class='ocrx_word' id='word_1_259' title='bbox 1233 2225 1307 2245; x_wconf 91' lang='lat' dir='ltr'>cum</span> 
     </span>
     <span class='ocr_line' id='line_1_38' title="bbox 295 2268 1308 2309; baseline -0.002 -9"><span class='ocrx_word' id='word_1_260' title='bbox 295 2274 506 2309; x_wconf 80' lang='lat' dir='ltr'>procuratore</span> <span class='ocrx_word' id='word_1_261' title='bbox 522 2269 638 2299; x_wconf 87' lang='lat' dir='ltr'>decani</span> <span class='ocrx_word' id='word_1_262' title='bbox 658 2268 805 2307; x_wconf 84' lang='lat' dir='ltr'>ejusdem</span> <span class='ocrx_word' id='word_1_263' title='bbox 819 2278 876 2307; x_wconf 83' lang='lat' dir='ltr'>per</span> <span class='ocrx_word' id='word_1_264' title='bbox 893 2273 1122 2307; x_wconf 81' lang='lat' dir='ltr'>procuratores</span> <span class='ocrx_word' id='word_1_265' title='bbox 1140 2269 1308 2299; x_wconf 81' lang='lat' dir='ltr'>sufficien-</span> 
     </span>
     <span class='ocr_line' id='line_1_39' title="bbox 298 2322 1305 2360; baseline -0.002 -7"><span class='ocrx_word' id='word_1_266' title='bbox 298 2329 344 2353; x_wconf 86' lang='lat' dir='ltr'>tes</span> <span class='ocrx_word' id='word_1_267' title='bbox 370 2329 400 2353; x_wconf 84' lang='lat' dir='ltr'>et</span> <span class='ocrx_word' id='word_1_268' title='bbox 430 2323 565 2352; x_wconf 89' lang='lat' dir='ltr'>idoneos</span> <span class='ocrx_word' id='word_1_269' title='bbox 588 2326 828 2360; x_wconf 81' lang='lat' dir='ltr'>comparerent,</span> <span class='ocrx_word' id='word_1_270' title='bbox 850 2322 988 2360; x_wconf 78' lang='lat' dir='ltr'>justam.</span> <span class='ocrx_word' id='word_1_271' title='bbox 1019 2326 1128 2352; x_wconf 83' lang='lat' dir='ltr'>actore</span> <span class='ocrx_word' id='word_1_272' title='bbox 1153 2323 1305 2356; x_wconf 85' lang='lat' dir='ltr'>Domino,</span> 
     </span>
     <span class='ocr_line' id='line_1_40' title="bbox 296 2375 1307 2413; baseline -0.001 -8"><span class='ocrx_word' id='word_1_273' title='bbox 296 2376 496 2407; x_wconf 76' lang='lat' dir='ltr'>sententiam</span> <span class='ocrx_word' id='word_1_274' title='bbox 515 2380 684 2413; x_wconf 84' lang='lat' dir='ltr'>recepture</span> <span class='ocrx_word' id='word_1_275' title='bbox 700 2385 705 2409; x_wconf 84' lang='grc'>;</span> <span class='ocrx_word' id='word_1_276' title='bbox 727 2379 825 2404; x_wconf 74' lang='lat' dir='ltr'>testes</span> <span class='ocrx_word' id='word_1_277' title='bbox 844 2380 953 2404; x_wconf 87' lang='lat' dir='ltr'>autem</span> <span class='ocrx_word' id='word_1_278' title='bbox 971 2375 1027 2413; x_wconf 81' lang='lat' dir='ltr'>qui</span> <span class='ocrx_word' id='word_1_279' title='bbox 1052 2384 1150 2413; x_wconf 88' lang='lat' dir='ltr'>super</span> <span class='ocrx_word' id='word_1_280' title='bbox 1167 2376 1307 2413; x_wconf 76' lang='lat' dir='ltr'>premis-</span> 
     </span>
     <span class='ocr_line' id='line_1_41' title="bbox 297 2427 1307 2466; baseline -0.002 -7"><span class='ocrx_word' id='word_1_281' title='bbox 297 2430 354 2464; x_wconf 77' lang='lat' dir='ltr'>sis,</span> <span class='ocrx_word' id='word_1_282' title='bbox 385 2428 528 2466; x_wconf 84' lang='lat' dir='ltr'>exceptis</span> <span class='ocrx_word' id='word_1_283' title='bbox 559 2427 709 2457; x_wconf 76' lang='lat' dir='ltr'>articulis</span> <span class='ocrx_word' id='word_1_284' title='bbox 731 2437 813 2466; x_wconf 81' lang='lat' dir='ltr'>quos</span> <span class='ocrx_word' id='word_1_285' title='bbox 843 2428 903 2463; x_wconf 86' lang='lat' dir='ltr'>eis,</span> <span class='ocrx_word' id='word_1_286' title='bbox 935 2437 1009 2457; x_wconf 85' lang='lat' dir='ltr'>cum</span> <span class='ocrx_word' id='word_1_287' title='bbox 1039 2428 1307 2458; x_wconf 78' lang='lat' dir='ltr'>confessionibus</span> 
     </span>
     <span class='ocr_line' id='line_1_42' title="bbox 298 2481 1308 2521; baseline -0.001 -9"><span class='ocrx_word' id='word_1_288' title='bbox 298 2486 546 2521; x_wconf 83' lang='lat' dir='ltr'>procuratorum</span> <span class='ocrx_word' id='word_1_289' title='bbox 571 2481 766 2518; x_wconf 72' lang='lat' dir='ltr'>eligentium</span> <span class='ocrx_word' id='word_1_290' title='bbox 788 2481 984 2519; x_wconf 86' lang='lat' dir='ltr'>jamdictum</span> <span class='ocrx_word' id='word_1_291' title='bbox 1012 2481 1183 2511; x_wconf 82' lang='lat' dir='ltr'>decanum.</span> <span class='ocrx_word' id='word_1_292' title='bbox 1214 2481 1308 2511; x_wconf 86' lang='lat' dir='ltr'>misi·</span> 
     </span>
     <span class='ocr_line' id='line_1_43' title="bbox 296 2534 1306 2572; baseline -0.002 -8"><span class='ocrx_word' id='word_1_293' title='bbox 296 2545 368 2564; x_wconf 79' lang='lat' dir='ltr'>mus</span> <span class='ocrx_word' id='word_1_294' title='bbox 390 2534 599 2569; x_wconf 85' lang='lat' dir='ltr'>interclusos,</span> <span class='ocrx_word' id='word_1_295' title='bbox 628 2539 658 2563; x_wconf 91' lang='lat' dir='ltr'>et</span> <span class='ocrx_word' id='word_1_296' title='bbox 679 2534 950 2571; x_wconf 79' lang='lat' dir='ltr'>contingentibus</span> <span class='ocrx_word' id='word_1_297' title='bbox 980 2534 1081 2572; x_wconf 80' lang='lat' dir='ltr'>ipsos.</span> <span class='ocrx_word' id='word_1_298' title='bbox 1108 2539 1217 2563; x_wconf 77' lang='lat' dir='ltr'>essent</span> <span class='ocrx_word' id='word_1_299' title='bbox 1248 2543 1306 2563; x_wconf 88' lang='lat' dir='ltr'>no-</span> 
     </span>
     <span class='ocr_line' id='line_1_44' title="bbox 299 2586 1309 2624; baseline -0.002 -7"><span class='ocrx_word' id='word_1_300' title='bbox 299 2588 472 2619; x_wconf 81' lang='lat' dir='ltr'>1uiuati,si</span> <span class='ocrx_word' id='word_1_301' title='bbox 490 2596 523 2617; x_wconf 81' lang='lat' dir='ltr'>se</span> <span class='ocrx_word' id='word_1_302' title='bbox 543 2587 660 2624; x_wconf 76' lang='lat' dir='ltr'>gratia,</span> <span class='ocrx_word' id='word_1_303' title='bbox 679 2587 752 2615; x_wconf 89' lang='lat' dir='ltr'>odio</span> <span class='ocrx_word' id='word_1_304' title='bbox 773 2586 822 2616; x_wconf 92' lang='lat' dir='ltr'>vel</span> <span class='ocrx_word' id='word_1_305' title='bbox 844 2587 959 2616; x_wconf 85' lang='lat' dir='ltr'>timore</span> <span class='ocrx_word' id='word_1_306' title='bbox 987 2586 1231 2622; x_wconf 66' lang='lat' dir='ltr'>subtraherent,</span> <span class='ocrx_word' id='word_1_307' title='bbox 1251 2596 1309 2624; x_wconf 88' lang='lat' dir='ltr'>per</span> 
     </span>
     <span class='ocr_line' id='line_1_45' title="bbox 299 2639 1308 2678; baseline -0.001 -8"><span class='ocrx_word' id='word_1_308' title='bbox 299 2650 473 2671; x_wconf 71' lang='lat' dir='ltr'>censuram</span> <span class='ocrx_word' id='word_1_309' title='bbox 491 2640 763 2674; x_wconf 61' lang='lat' dir='ltr'>ecclesiasticam,</span> <span class='ocrx_word' id='word_1_310' title='bbox 786 2644 936 2669; x_wconf 82' lang='lat' dir='ltr'>cessante</span> <span class='ocrx_word' id='word_1_311' title='bbox 958 2639 1189 2678; x_wconf 69' lang='lat' dir='ltr'>appellatione,</span> <span class='ocrx_word' id='word_1_312' title='bbox 1213 2649 1308 2677; x_wconf 75' lang='lat' dir='ltr'>coge-</span> 
     </span>
     <span class='ocr_line' id='line_1_46' title="bbox 300 2692 1309 2730; baseline -0.002 -7"><span class='ocrx_word' id='word_1_313' title='bbox 300 2699 369 2723; x_wconf 83' lang='lat' dir='ltr'>rent</span> <span class='ocrx_word' id='word_1_314' title='bbox 398 2693 529 2723; x_wconf 83' lang='lat' dir='ltr'>veritati</span> <span class='ocrx_word' id='word_1_315' title='bbox 551 2693 777 2722; x_wconf 87' lang='lat' dir='ltr'>testimonium</span> <span class='ocrx_word' id='word_1_316' title='bbox 798 2692 983 2730; x_wconf 88' lang='lat' dir='ltr'>perhibere.</span> <span class='ocrx_word' id='word_1_317' title='bbox 1012 2694 1227 2722; x_wconf 83' lang='lat' dir='ltr'>Procuratore</span> <span class='ocrx_word' id='word_1_318' title='bbox 1245 2693 1309 2730; x_wconf 81' lang='lat' dir='ltr'>igi-</span> 
     </span>
     <span class='ocr_line' id='line_1_47' title="bbox 300 2745 1309 2784; baseline -0.002 -8"><span class='ocrx_word' id='word_1_319' title='bbox 300 2753 352 2777; x_wconf 89' lang='lat' dir='ltr'>tur</span> <span class='ocrx_word' id='word_1_320' title='bbox 371 2747 565 2784; x_wconf 70' lang='lat' dir='ltr'>eligentium</span> <span class='ocrx_word' id='word_1_321' title='bbox 585 2746 756 2776; x_wconf 81' lang='lat' dir='ltr'>decanum,</span> <span class='ocrx_word' id='word_1_322' title='bbox 779 2750 807 2775; x_wconf 78' lang='lat' dir='ltr'>et</span> <span class='ocrx_word' id='word_1_323' title='bbox 829 2746 952 2775; x_wconf 85' lang='lat' dir='ltr'>decano</span> <span class='ocrx_word' id='word_1_324' title='bbox 976 2746 1056 2783; x_wconf 79' lang='lat' dir='ltr'>ipso,</span> <span class='ocrx_word' id='word_1_325' title='bbox 1084 2755 1120 2775; x_wconf 83' lang='lat' dir='ltr'>ac</span> <span class='ocrx_word' id='word_1_326' title='bbox 1142 2745 1309 2775; x_wconf 84' lang='lat' dir='ltr'>archidia-</span> 
     </span>
     <span class='ocr_line' id='line_1_48' title="bbox 299 2799 1306 2837; baseline -0.003 -7"><span class='ocrx_word' id='word_1_327' title='bbox 299 2810 380 2830; x_wconf 88' lang='lat' dir='ltr'>cono</span> <span class='ocrx_word' id='word_1_328' title='bbox 403 2804 433 2829; x_wconf 85' lang='lat' dir='ltr'>et</span> <span class='ocrx_word' id='word_1_329' title='bbox 454 2799 612 2836; x_wconf 73' lang='lat' dir='ltr'>magistro</span> <span class='ocrx_word' id='word_1_330' title='bbox 638 2799 768 2827; x_wconf 75' lang='lat' dir='ltr'>Andrea</span> <span class='ocrx_word' id='word_1_331' title='bbox 795 2799 1064 2836; x_wconf 81' lang='lat' dir='ltr'>comparentibus</span> <span class='ocrx_word' id='word_1_332' title='bbox 1086 2808 1195 2828; x_wconf 82' lang='lat' dir='ltr'>coram</span> <span class='ocrx_word' id='word_1_333' title='bbox 1213 2799 1306 2837; x_wconf 84' lang='lat' dir='ltr'>ipsis,</span> 
     </span>
     <span class='ocr_line' id='line_1_49' title="bbox 297 2851 1308 2889; baseline 0 -8"><span class='ocrx_word' id='word_1_334' title='bbox 297 2854 492 2884; x_wconf 75' lang='lat' dir='ltr'>electionem</span> <span class='ocrx_word' id='word_1_335' title='bbox 510 2852 547 2881; x_wconf 89' lang='lat' dir='ltr'>de</span> <span class='ocrx_word' id='word_1_336' title='bbox 565 2860 599 2881; x_wconf 79' lang='lat' dir='ltr'>se</span> <span class='ocrx_word' id='word_1_337' title='bbox 619 2852 738 2880; x_wconf 85' lang='lat' dir='ltr'>factam</span> <span class='ocrx_word' id='word_1_338' title='bbox 758 2851 903 2881; x_wconf 84' lang='lat' dir='ltr'>decanus</span> <span class='ocrx_word' id='word_1_339' title='bbox 922 2851 1015 2889; x_wconf 90' lang='lat' dir='ltr'>petiit</span> <span class='ocrx_word' id='word_1_340' title='bbox 1032 2852 1233 2881; x_wconf 76' lang='lat' dir='ltr'>confirmari.</span> <span class='ocrx_word' id='word_1_341' title='bbox 1256 2861 1308 2881; x_wconf 86' lang='lat' dir='ltr'>ar-</span> 
     </span>
     <span class='ocr_line' id='line_1_50' title="bbox 297 2904 1308 2943; baseline -0.003 -7"><span class='ocrx_word' id='word_1_342' title='bbox 297 2906 493 2936; x_wconf 84' lang='lat' dir='ltr'>chidiacono</span> <span class='ocrx_word' id='word_1_343' title='bbox 517 2909 546 2934; x_wconf 90' lang='lat' dir='ltr'>et</span> <span class='ocrx_word' id='word_1_344' title='bbox 571 2904 729 2941; x_wconf 78' lang='lat' dir='ltr'>magistro</span> <span class='ocrx_word' id='word_1_345' title='bbox 760 2904 891 2933; x_wconf 70' lang='lat' dir='ltr'>Andr-ea</span> <span class='ocrx_word' id='word_1_346' title='bbox 918 2904 1195 2942; x_wconf 81' lang='lat' dir='ltr'>respondentilms</span> <span class='ocrx_word' id='word_1_347' title='bbox 1222 2904 1308 2943; x_wconf 83' lang='lat' dir='ltr'>quod</span> 
     </span>
     <span class='ocr_line' id='line_1_51' title="bbox 298 2957 1307 2996; baseline -0.002 -8"><span class='ocrx_word' id='word_1_348' title='bbox 298 2968 363 2988; x_wconf 90' lang='lat' dir='ltr'>nou</span> <span class='ocrx_word' id='word_1_349' title='bbox 383 2962 451 2988; x_wconf 90' lang='lat' dir='ltr'>erat</span> <span class='ocrx_word' id='word_1_350' title='bbox 473 2958 543 2996; x_wconf 88' lang='lat' dir='ltr'>ejus</span> <span class='ocrx_word' id='word_1_351' title='bbox 561 2957 677 2987; x_wconf 80' lang='lat' dir='ltr'>electio</span> <span class='ocrx_word' id='word_1_352' title='bbox 700 2957 937 2986; x_wconf 75' lang='lat' dir='ltr'>contii-matula.</span> <span class='ocrx_word' id='word_1_353' title='bbox 964 2957 1032 2986; x_wconf 85' lang='lat' dir='ltr'>Lite</span> <span class='ocrx_word' id='word_1_354' title='bbox 1060 2966 1135 2986; x_wconf 83' lang='lat' dir='ltr'>vero</span> <span class='ocrx_word' id='word_1_355' title='bbox 1160 2958 1205 2987; x_wconf 87' lang='lat' dir='ltr'>sic</span> <span class='ocrx_word' id='word_1_356' title='bbox 1225 2957 1307 2995; x_wconf 75' lang='lat' dir='ltr'>legi·-</span> 
     </span>
    </p>
   </div>
   <div class='ocr_carea' id='block_1_3' title="bbox 1384 359 2403 2733">
    <p class='ocr_par' dir='ltr' id='par_1_3' title="bbox 1384 359 2403 2733">
     <span class='ocr_line' id='line_1_52' title="bbox 1387 359 2399 397; baseline 0.002 -10"><span class='ocrx_word' id='word_1_357' title='bbox 1387 359 1465 388; x_wconf 87' lang='lat' dir='ltr'>time</span> <span class='ocrx_word' id='word_1_358' title='bbox 1492 364 1686 395; x_wconf 84' lang='lat' dir='ltr'>contestata,</span> <span class='ocrx_word' id='word_1_359' title='bbox 1717 359 1919 397; x_wconf 74' lang='lat' dir='ltr'>prestitoque</span> <span class='ocrx_word' id='word_1_360' title='bbox 1949 359 1987 388; x_wconf 90' lang='lat' dir='ltr'>de</span> <span class='ocrx_word' id='word_1_361' title='bbox 2018 359 2155 389; x_wconf 86' lang='lat' dir='ltr'>veritate</span> <span class='ocrx_word' id='word_1_362' title='bbox 2188 360 2327 389; x_wconf 88' lang='lat' dir='ltr'>dicenda</span> <span class='ocrx_word' id='word_1_363' title='bbox 2358 359 2399 389; x_wconf 88' lang='lat' dir='ltr'>ab</span> 
     </span>
     <span class='ocr_line' id='line_1_53' title="bbox 1384 411 2399 451; baseline 0.001 -10"><span class='ocrx_word' id='word_1_364' title='bbox 1384 412 1456 450; x_wconf 86' lang='lat' dir='ltr'>ipso</span> <span class='ocrx_word' id='word_1_365' title='bbox 1475 412 1598 441; x_wconf 84' lang='lat' dir='ltr'>decano</span> <span class='ocrx_word' id='word_1_366' title='bbox 1626 417 1656 442; x_wconf 89' lang='lat' dir='ltr'>et</span> <span class='ocrx_word' id='word_1_367' title='bbox 1678 416 1767 450; x_wconf 88' lang='lat' dir='ltr'>parte</span> <span class='ocrx_word' id='word_1_368' title='bbox 1789 411 1893 441; x_wconf 86' lang='lat' dir='ltr'>altera</span> <span class='ocrx_word' id='word_1_369' title='bbox 1908 412 2108 450; x_wconf 87' lang='lat' dir='ltr'>juramento,</span> <span class='ocrx_word' id='word_1_370' title='bbox 2131 416 2161 442; x_wconf 88' lang='lat' dir='ltr'>et</span> <span class='ocrx_word' id='word_1_371' title='bbox 2185 412 2281 442; x_wconf 86' lang='lat' dir='ltr'>factis</span> <span class='ocrx_word' id='word_1_372' title='bbox 2307 413 2399 451; x_wconf 84' lang='lat' dir='ltr'>posi-</span> 
     </span>
     <span class='ocr_line' id='line_1_54' title="bbox 1385 464 2395 504; baseline 0.002 -11"><span class='ocrx_word' id='word_1_373' title='bbox 1385 465 1532 494; x_wconf 76' lang='lat' dir='ltr'>tionibus</span> <span class='ocrx_word' id='word_1_374' title='bbox 1550 470 1580 494; x_wconf 91' lang='lat' dir='ltr'>et</span> <span class='ocrx_word' id='word_1_375' title='bbox 1596 464 1870 503; x_wconf 79' lang='lat' dir='ltr'>responsionibus</span> <span class='ocrx_word' id='word_1_376' title='bbox 1888 464 1965 493; x_wconf 90' lang='lat' dir='ltr'>hinc</span> <span class='ocrx_word' id='word_1_377' title='bbox 1983 468 2013 493; x_wconf 88' lang='lat' dir='ltr'>et</span> <span class='ocrx_word' id='word_1_378' title='bbox 2032 464 2120 499; x_wconf 82' lang='lat' dir='ltr'>inde,</span> <span class='ocrx_word' id='word_1_379' title='bbox 2139 465 2239 494; x_wconf 88' lang='lat' dir='ltr'>iidem</span> <span class='ocrx_word' id='word_1_380' title='bbox 2253 465 2395 504; x_wconf 86' lang='lat' dir='ltr'>judices,</span> 
     </span>
     <span class='ocr_line' id='line_1_55' title="bbox 1386 517 2394 556; baseline 0.002 -9"><span class='ocrx_word' id='word_1_381' title='bbox 1386 518 1419 546; x_wconf 94' lang='lat' dir='ltr'>in</span> <span class='ocrx_word' id='word_1_382' title='bbox 1449 518 1580 555; x_wconf 79' lang='lat' dir='ltr'>negotio</span> <span class='ocrx_word' id='word_1_383' title='bbox 1602 518 1695 556; x_wconf 89' lang='lat' dir='ltr'>juxta</span> <span class='ocrx_word' id='word_1_384' title='bbox 1727 518 1868 547; x_wconf 85' lang='lat' dir='ltr'>formam</span> <span class='ocrx_word' id='word_1_385' title='bbox 1903 517 1951 546; x_wconf 88' lang='lat' dir='ltr'>eis</span> <span class='ocrx_word' id='word_1_386' title='bbox 1984 517 2138 546; x_wconf 83' lang='lat' dir='ltr'>traditam</span> <span class='ocrx_word' id='word_1_387' title='bbox 2168 519 2394 556; x_wconf 82' lang='lat' dir='ltr'>procedentes.</span> 
     </span>
     <span class='ocr_line' id='line_1_56' title="bbox 1387 570 2398 609; baseline 0 -9"><span class='ocrx_word' id='word_1_388' title='bbox 1387 571 1518 600; x_wconf 87' lang='lat' dir='ltr'>tandem</span> <span class='ocrx_word' id='word_1_389' title='bbox 1538 579 1726 609; x_wconf 80' lang='lat' dir='ltr'>processum</span> <span class='ocrx_word' id='word_1_390' title='bbox 1744 580 1840 599; x_wconf 88' lang='lat' dir='ltr'>suum</span> <span class='ocrx_word' id='word_1_391' title='bbox 1857 570 1896 599; x_wconf 89' lang='lat' dir='ltr'>ad</span> <span class='ocrx_word' id='word_1_392' title='bbox 1913 570 2031 600; x_wconf 81' lang='lat' dir='ltr'>Sedem</span> <span class='ocrx_word' id='word_1_393' title='bbox 2050 570 2274 608; x_wconf 86' lang='lat' dir='ltr'>Apostolicam</span> <span class='ocrx_word' id='word_1_394' title='bbox 2297 571 2398 601; x_wconf 88' lang='lat' dir='ltr'>remi-</span> 
     </span>
     <span class='ocr_line' id='line_1_57' title="bbox 1387 622 2397 662; baseline 0 -9"><span class='ocrx_word' id='word_1_395' title='bbox 1387 628 1514 653; x_wconf 87' lang='lat' dir='ltr'>serunt.</span> <span class='ocrx_word' id='word_1_396' title='bbox 1544 623 1820 654; x_wconf 71' lang='lat' dir='ltr'>Procurator-ibus</span> <span class='ocrx_word' id='word_1_397' title='bbox 1848 623 1961 661; x_wconf 84' lang='lat' dir='ltr'>itaque</span> <span class='ocrx_word' id='word_1_398' title='bbox 1985 622 2116 652; x_wconf 91' lang='lat' dir='ltr'>illorum</span> <span class='ocrx_word' id='word_1_399' title='bbox 2147 623 2204 662; x_wconf 83' lang='lat' dir='ltr'>qui</span> <span class='ocrx_word' id='word_1_400' title='bbox 2236 623 2397 653; x_wconf 88' lang='lat' dir='ltr'>decanum</span> 
     </span>
     <span class='ocr_line' id='line_1_58' title="bbox 1388 675 2399 714; baseline -0.001 -8"><span class='ocrx_word' id='word_1_401' title='bbox 1388 676 1566 714; x_wconf 74' lang='lat' dir='ltr'>elegerant,</span> <span class='ocrx_word' id='word_1_402' title='bbox 1591 681 1622 706; x_wconf 87' lang='lat' dir='ltr'>et</span> <span class='ocrx_word' id='word_1_403' title='bbox 1649 700 1668 705; x_wconf 85' lang='lat'>..</span> <span class='ocrx_word' id='word_1_404' title='bbox 1697 680 1909 714; x_wconf 86' lang='lat' dir='ltr'>procuratore</span> <span class='ocrx_word' id='word_1_405' title='bbox 1933 676 2039 714; x_wconf 85' lang='lat' dir='ltr'>ipsius</span> <span class='ocrx_word' id='word_1_406' title='bbox 2065 675 2193 710; x_wconf 85' lang='lat' dir='ltr'>decani,</span> <span class='ocrx_word' id='word_1_407' title='bbox 2227 685 2264 705; x_wconf 90' lang='lat' dir='ltr'>ac</span> <span class='ocrx_word' id='word_1_408' title='bbox 2292 676 2399 706; x_wconf 86' lang='lat' dir='ltr'>archi-</span> 
     </span>
     <span class='ocr_line' id='line_1_59' title="bbox 1386 728 2397 767; baseline -0.001 -8"><span class='ocrx_word' id='word_1_409' title='bbox 1386 730 1525 759; x_wconf 87' lang='lat' dir='ltr'>diacono</span> <span class='ocrx_word' id='word_1_410' title='bbox 1543 734 1573 759; x_wconf 87' lang='lat' dir='ltr'>et</span> <span class='ocrx_word' id='word_1_411' title='bbox 1592 730 1750 767; x_wconf 80' lang='lat' dir='ltr'>magistro</span> <span class='ocrx_word' id='word_1_412' title='bbox 1767 729 1900 759; x_wconf 89' lang='lat' dir='ltr'>Audrea</span> <span class='ocrx_word' id='word_1_413' title='bbox 1916 728 1950 757; x_wconf 92' lang='grc'>111</span> <span class='ocrx_word' id='word_1_414' title='bbox 1967 733 2080 758; x_wconf 84' lang='lat' dir='ltr'>nostra</span> <span class='ocrx_word' id='word_1_415' title='bbox 2097 729 2264 767; x_wconf 85' lang='lat' dir='ltr'>presentia</span> <span class='ocrx_word' id='word_1_416' title='bbox 2278 730 2397 759; x_wconf 87' lang='lat' dir='ltr'>consti-</span> 
     </span>
     <span class='ocr_line' id='line_1_60' title="bbox 1390 783 2398 822; baseline 0.001 -10"><span class='ocrx_word' id='word_1_417' title='bbox 1390 783 1480 817; x_wconf 85' lang='lat' dir='ltr'>tutis,</span> <span class='ocrx_word' id='word_1_418' title='bbox 1499 783 1723 813; x_wconf 79' lang='lat' dir='ltr'>venerabilem</span> <span class='ocrx_word' id='word_1_419' title='bbox 1742 783 1879 812; x_wconf 82' lang='lat' dir='ltr'>fratrem</span> <span class='ocrx_word' id='word_1_420' title='bbox 1902 787 2052 812; x_wconf 84' lang='lat' dir='ltr'>nostrum</span> <span class='ocrx_word' id='word_1_421' title='bbox 2071 783 2297 822; x_wconf 75' lang='lat' dir='ltr'>R[omanum],</span> <span class='ocrx_word' id='word_1_422' title='bbox 2318 783 2398 813; x_wconf 86' lang='lat' dir='ltr'>Por-</span> 
     </span>
     <span class='ocr_line' id='line_1_61' title="bbox 1390 835 2397 874; baseline 0.002 -10"><span class='ocrx_word' id='word_1_423' title='bbox 1390 840 1539 865; x_wconf 87' lang='lat' dir='ltr'>tuensem</span> <span class='ocrx_word' id='word_1_424' title='bbox 1574 835 1776 874; x_wconf 87' lang='lat' dir='ltr'>episcopum,</span> <span class='ocrx_word' id='word_1_425' title='bbox 1816 835 1863 865; x_wconf 90' lang='lat' dir='ltr'>eis</span> <span class='ocrx_word' id='word_1_426' title='bbox 1905 835 2056 865; x_wconf 88' lang='lat' dir='ltr'>dedimus</span> <span class='ocrx_word' id='word_1_427' title='bbox 2087 836 2283 866; x_wconf 84' lang='lat' dir='ltr'>auditorem.</span> <span class='ocrx_word' id='word_1_428' title='bbox 2314 837 2397 873; x_wconf 84' lang='lat' dir='ltr'>Quo,</span> 
     </span>
     <span class='ocr_line' id='line_1_62' title="bbox 1388 888 2399 927; baseline 0.002 -10"><span class='ocrx_word' id='word_1_429' title='bbox 1388 889 1495 926; x_wconf 82' lang='lat' dir='ltr'>ipsius</span> <span class='ocrx_word' id='word_1_430' title='bbox 1516 898 1614 918; x_wconf 86' lang='lat' dir='ltr'>cause</span> <span class='ocrx_word' id='word_1_431' title='bbox 1638 888 1816 926; x_wconf 82' lang='lat' dir='ltr'>diligenter</span> <span class='ocrx_word' id='word_1_432' title='bbox 1834 889 2020 918; x_wconf 87' lang='lat' dir='ltr'>examinato</span> <span class='ocrx_word' id='word_1_433' title='bbox 2040 898 2197 927; x_wconf 84' lang='lat' dir='ltr'>processu</span> <span class='ocrx_word' id='word_1_434' title='bbox 2222 894 2252 919; x_wconf 89' lang='lat' dir='ltr'>et</span> <span class='ocrx_word' id='word_1_435' title='bbox 2275 889 2399 919; x_wconf 84' lang='lat' dir='ltr'>auditis</span> 
     </span>
     <span class='ocr_line' id='line_1_63' title="bbox 1388 941 2397 979; baseline 0.002 -9"><span class='ocrx_word' id='word_1_436' title='bbox 1388 941 1560 971; x_wconf 90' lang='lat' dir='ltr'>hincinde</span> <span class='ocrx_word' id='word_1_437' title='bbox 1581 941 1770 979; x_wconf 88' lang='lat' dir='ltr'>propositis,</span> <span class='ocrx_word' id='word_1_438' title='bbox 1798 941 1910 970; x_wconf 86' lang='lat' dir='ltr'>omnia</span> <span class='ocrx_word' id='word_1_439' title='bbox 1935 941 2030 971; x_wconf 89' lang='lat' dir='ltr'>nobis</span> <span class='ocrx_word' id='word_1_440' title='bbox 2053 941 2195 972; x_wconf 86' lang='lat' dir='ltr'>fideliter</span> <span class='ocrx_word' id='word_1_441' title='bbox 2220 943 2397 977; x_wconf 83' lang='lat' dir='ltr'>referente,</span> 
     </span>
     <span class='ocr_line' id='line_1_64' title="bbox 1387 994 2400 1033; baseline 0.002 -10"><span class='ocrx_word' id='word_1_442' title='bbox 1387 995 1578 1024; x_wconf 84' lang='lat' dir='ltr'>invenimus</span> <span class='ocrx_word' id='word_1_443' title='bbox 1602 994 1798 1024; x_wconf 86' lang='lat' dir='ltr'>electionem</span> <span class='ocrx_word' id='word_1_444' title='bbox 1825 994 1942 1024; x_wconf 84' lang='lat' dir='ltr'>decani</span> <span class='ocrx_word' id='word_1_445' title='bbox 1968 1004 1986 1024; x_wconf 84' lang='lat' dir='ltr'>a</span> <span class='ocrx_word' id='word_1_446' title='bbox 2012 999 2102 1033; x_wconf 87' lang='lat' dir='ltr'>parte</span> <span class='ocrx_word' id='word_1_447' title='bbox 2128 995 2277 1029; x_wconf 84' lang='lat' dir='ltr'>adversa,</span> <span class='ocrx_word' id='word_1_448' title='bbox 2312 996 2400 1025; x_wconf 86' lang='lat' dir='ltr'>inter</span> 
     </span>
     <span class='ocr_line' id='line_1_65' title="bbox 1389 1047 2402 1087; baseline 0.002 -11"><span class='ocrx_word' id='word_1_449' title='bbox 1389 1047 1465 1081; x_wconf 87' lang='lat' dir='ltr'>alia,</span> <span class='ocrx_word' id='word_1_450' title='bbox 1485 1057 1520 1077; x_wconf 83' lang='lat' dir='ltr'>ex</span> <span class='ocrx_word' id='word_1_451' title='bbox 1539 1047 1605 1077; x_wconf 88' lang='lat' dir='ltr'>hiis</span> <span class='ocrx_word' id='word_1_452' title='bbox 1622 1048 1776 1086; x_wconf 85' lang='lat' dir='ltr'>precipue</span> <span class='ocrx_word' id='word_1_453' title='bbox 1794 1047 1995 1085; x_wconf 80' lang='lat' dir='ltr'>impugnari,</span> <span class='ocrx_word' id='word_1_454' title='bbox 2012 1048 2098 1086; x_wconf 83' lang='lat' dir='ltr'>quod</span> <span class='ocrx_word' id='word_1_455' title='bbox 2114 1053 2303 1087; x_wconf 86' lang='lat' dir='ltr'>presumpta</span> <span class='ocrx_word' id='word_1_456' title='bbox 2319 1049 2402 1078; x_wconf 82' lang='lat' dir='ltr'>fuis·</span> 
     </span>
     <span class='ocr_line' id='line_1_66' title="bbox 1389 1101 2399 1138; baseline 0.001 -8"><span class='ocrx_word' id='word_1_457' title='bbox 1389 1106 1438 1131; x_wconf 87' lang='lat' dir='ltr'>set</span> <span class='ocrx_word' id='word_1_458' title='bbox 1455 1106 1568 1130; x_wconf 87' lang='lat' dir='ltr'>contra</span> <span class='ocrx_word' id='word_1_459' title='bbox 1590 1102 1728 1130; x_wconf 87' lang='lat' dir='ltr'>formam</span> <span class='ocrx_word' id='word_1_460' title='bbox 1752 1101 1887 1130; x_wconf 89' lang='lat' dir='ltr'>concilii</span> <span class='ocrx_word' id='word_1_461' title='bbox 1908 1101 2085 1138; x_wconf 79' lang='lat' dir='ltr'>generalis,</span> <span class='ocrx_word' id='word_1_462' title='bbox 2112 1110 2197 1137; x_wconf 83' lang='lat' dir='ltr'>cum,</span> <span class='ocrx_word' id='word_1_463' title='bbox 2218 1102 2399 1131; x_wconf 86' lang='lat' dir='ltr'>secundum</span> 
     </span>
     <span class='ocr_line' id='line_1_67' title="bbox 1389 1153 2400 1192; baseline 0.002 -10"><span class='ocrx_word' id='word_1_464' title='bbox 1389 1163 1473 1188; x_wconf 86' lang='lat' dir='ltr'>eam,</span> <span class='ocrx_word' id='word_1_465' title='bbox 1490 1153 1640 1191; x_wconf 76' lang='lat' dir='ltr'>exigatur</span> <span class='ocrx_word' id='word_1_466' title='bbox 1653 1158 1726 1183; x_wconf 91' lang='lat' dir='ltr'>vota</span> <span class='ocrx_word' id='word_1_467' title='bbox 1742 1158 1936 1183; x_wconf 87' lang='lat' dir='ltr'>cunctorum</span> <span class='ocrx_word' id='word_1_468' title='bbox 1953 1154 2113 1192; x_wconf 86' lang='lat' dir='ltr'>exquiri¹,</span> <span class='ocrx_word' id='word_1_469' title='bbox 2131 1158 2162 1183; x_wconf 89' lang='lat' dir='ltr'>et</span> <span class='ocrx_word' id='word_1_470' title='bbox 2179 1159 2400 1184; x_wconf 84' lang='lat' dir='ltr'>scrutatorum</span> 
     </span>
     <span class='ocr_line' id='line_1_68' title="bbox 1390 1206 2400 1245; baseline 0.001 -10"><span class='ocrx_word' id='word_1_471' title='bbox 1390 1211 1464 1235; x_wconf 88' lang='lat' dir='ltr'>vota</span> <span class='ocrx_word' id='word_1_472' title='bbox 1488 1206 1626 1236; x_wconf 87' lang='lat' dir='ltr'>minime</span> <span class='ocrx_word' id='word_1_473' title='bbox 1652 1206 1776 1236; x_wconf 85' lang='lat' dir='ltr'>fuerint</span> <span class='ocrx_word' id='word_1_474' title='bbox 1798 1206 1979 1245; x_wconf 69' lang='lat' dir='ltr'>inquisita,</span> <span class='ocrx_word' id='word_1_475' title='bbox 2006 1215 2066 1236; x_wconf 84' lang='lat' dir='ltr'>nec</span> <span class='ocrx_word' id='word_1_476' title='bbox 2091 1216 2108 1236; x_wconf 85' lang='lat' dir='ltr'>a</span> <span class='ocrx_word' id='word_1_477' title='bbox 2127 1207 2271 1245; x_wconf 85' lang='lat' dir='ltr'>capitulo</span> <span class='ocrx_word' id='word_1_478' title='bbox 2292 1207 2400 1237; x_wconf 86' lang='lat' dir='ltr'>extitit</span> 
     </span>
     <span class='ocr_line' id='line_1_69' title="bbox 1389 1259 2401 1298; baseline 0.001 -10"><span class='ocrx_word' id='word_1_479' title='bbox 1389 1259 1578 1289; x_wconf 89' lang='lat' dir='ltr'>ordinatum</span> <span class='ocrx_word' id='word_1_480' title='bbox 1597 1259 1683 1298; x_wconf 84' lang='lat' dir='ltr'>quod</span> <span class='ocrx_word' id='word_1_481' title='bbox 1700 1263 1902 1289; x_wconf 85' lang='lat' dir='ltr'>scrutatores</span> <span class='ocrx_word' id='word_1_482' title='bbox 1925 1264 2000 1289; x_wconf 88' lang='lat' dir='ltr'>ante</span> <span class='ocrx_word' id='word_1_483' title='bbox 2020 1259 2220 1289; x_wconf 88' lang='lat' dir='ltr'>scrutinium</span> <span class='ocrx_word' id='word_1_484' title='bbox 2246 1259 2307 1289; x_wconf 87' lang='lat' dir='ltr'>sub</span> <span class='ocrx_word' id='word_1_485' title='bbox 2326 1269 2401 1289; x_wconf 90' lang='lat' dir='ltr'>cera</span> 
     </span>
     <span class='ocr_line' id='line_1_70' title="bbox 1390 1312 2401 1351; baseline 0 -10"><span class='ocrx_word' id='word_1_486' title='bbox 1390 1312 1565 1342; x_wconf 85' lang='lat' dir='ltr'>redderent</span> <span class='ocrx_word' id='word_1_487' title='bbox 1593 1317 1666 1342; x_wconf 89' lang='lat' dir='ltr'>vota</span> <span class='ocrx_word' id='word_1_488' title='bbox 1691 1322 1762 1347; x_wconf 79' lang='lat' dir='ltr'>sua,</span> <span class='ocrx_word' id='word_1_489' title='bbox 1791 1321 1849 1342; x_wconf 90' lang='lat' dir='ltr'>nec</span> <span class='ocrx_word' id='word_1_490' title='bbox 1880 1312 2050 1341; x_wconf 83' lang='lat' dir='ltr'>invenitur</span> <span class='ocrx_word' id='word_1_491' title='bbox 2076 1313 2109 1341; x_wconf 91' lang='lat' dir='ltr'>in</span> <span class='ocrx_word' id='word_1_492' title='bbox 2134 1312 2194 1342; x_wconf 87' lang='lat' dir='ltr'>boc</span> <span class='ocrx_word' id='word_1_493' title='bbox 2219 1312 2401 1351; x_wconf 86' lang='lat' dir='ltr'>capitulum</span> 
     </span>
     <span class='ocr_line' id='line_1_71' title="bbox 1389 1365 2401 1404; baseline 0.001 -10"><span class='ocrx_word' id='word_1_494' title='bbox 1389 1365 1616 1400; x_wconf 65' lang='lat' dir='ltr'>consensisse,</span> <span class='ocrx_word' id='word_1_495' title='bbox 1635 1365 1722 1404; x_wconf 79' lang='lat' dir='ltr'>quod</span> <span class='ocrx_word' id='word_1_496' title='bbox 1742 1365 1859 1395; x_wconf 85' lang='lat' dir='ltr'>suisset</span> <span class='ocrx_word' id='word_1_497' title='bbox 1878 1365 1978 1395; x_wconf 85' lang='lat' dir='ltr'>etiam</span> <span class='ocrx_word' id='word_1_498' title='bbox 1996 1366 2034 1395; x_wconf 91' lang='lat' dir='ltr'>de</span> <span class='ocrx_word' id='word_1_499' title='bbox 2052 1366 2163 1395; x_wconf 82' lang='lat' dir='ltr'>minus</span> <span class='ocrx_word' id='word_1_500' title='bbox 2177 1365 2296 1396; x_wconf 90' lang='lat' dir='ltr'>idoneo</span> <span class='ocrx_word' id='word_1_501' title='bbox 2315 1365 2401 1396; x_wconf 88' lang='lat' dir='ltr'>cele-</span> 
     </span>
     <span class='ocr_line' id='line_1_72' title="bbox 1390 1418 2399 1458; baseline 0.001 -11"><span class='ocrx_word' id='word_1_502' title='bbox 1390 1418 1494 1452; x_wconf 72' lang='lat' dir='ltr'>brata,</span> <span class='ocrx_word' id='word_1_503' title='bbox 1523 1418 1675 1448; x_wconf 89' lang='lat' dir='ltr'>videlicet</span> <span class='ocrx_word' id='word_1_504' title='bbox 1706 1418 1744 1448; x_wconf 90' lang='lat' dir='ltr'>de</span> <span class='ocrx_word' id='word_1_505' title='bbox 1765 1418 1898 1457; x_wconf 87' lang='lat' dir='ltr'>perjuro</span> <span class='ocrx_word' id='word_1_506' title='bbox 1923 1423 1953 1447; x_wconf 91' lang='lat' dir='ltr'>et</span> <span class='ocrx_word' id='word_1_507' title='bbox 1976 1418 2177 1456; x_wconf 76' lang='lat' dir='ltr'>negligente,</span> <span class='ocrx_word' id='word_1_508' title='bbox 2206 1428 2242 1448; x_wconf 89' lang='lat' dir='ltr'>ac</span> <span class='ocrx_word' id='word_1_509' title='bbox 2268 1428 2305 1449; x_wconf 91' lang='lat' dir='ltr'>eo</span> <span class='ocrx_word' id='word_1_510' title='bbox 2331 1419 2399 1458; x_wconf 87' lang='lat' dir='ltr'>qui,</span> 
     </span>
     <span class='ocr_line' id='line_1_73' title="bbox 1390 1470 2403 1510; baseline 0.001 -10"><span class='ocrx_word' id='word_1_511' title='bbox 1390 1471 1587 1509; x_wconf 83' lang='lat' dir='ltr'>contemptis</span> <span class='ocrx_word' id='word_1_512' title='bbox 1600 1471 1761 1506; x_wconf 81' lang='lat' dir='ltr'>clavibus,</span> <span class='ocrx_word' id='word_1_513' title='bbox 1776 1470 1906 1509; x_wconf 85' lang='lat' dir='ltr'>publice</span> <span class='ocrx_word' id='word_1_514' title='bbox 1923 1480 1959 1500; x_wconf 85' lang='lat' dir='ltr'>ac</span> <span class='ocrx_word' id='word_1_515' title='bbox 1977 1471 2247 1510; x_wconf 88' lang='lat' dir='ltr'>sollempniterin</span> <span class='ocrx_word' id='word_1_516' title='bbox 2263 1472 2403 1502; x_wconf 81' lang='lat' dir='ltr'>ecclesia</span> 
     </span>
     <span class='ocr_line' id='line_1_74' title="bbox 1390 1524 2401 1559; baseline -0.001 -5"><span class='ocrx_word' id='word_1_517' title='bbox 1390 1524 1614 1555; x_wconf 85' lang='lat' dir='ltr'>celebraverat</span> <span class='ocrx_word' id='word_1_518' title='bbox 1631 1524 1820 1557; x_wconf 82' lang='lat' dir='ltr'>interdicta,</span> <span class='ocrx_word' id='word_1_519' title='bbox 1843 1528 1871 1554; x_wconf 91' lang='lat' dir='ltr'>et</span> <span class='ocrx_word' id='word_1_520' title='bbox 1890 1524 1972 1553; x_wconf 86' lang='lat' dir='ltr'>duas</span> <span class='ocrx_word' id='word_1_521' title='bbox 1996 1533 2103 1559; x_wconf 72' lang='lat' dir='ltr'>curas,</span> <span class='ocrx_word' id='word_1_522' title='bbox 2133 1525 2305 1555; x_wconf 88' lang='lat' dir='ltr'>electionis</span> <span class='ocrx_word' id='word_1_523' title='bbox 2324 1529 2401 1555; x_wconf 89' lang='lat' dir='ltr'>tem-</span> 
     </span>
     <span class='ocr_line' id='line_1_75' title="bbox 1390 1577 2402 1616; baseline 0 -9"><span class='ocrx_word' id='word_1_524' title='bbox 1390 1586 1478 1616; x_wconf 87' lang='lat' dir='ltr'>pore,</span> <span class='ocrx_word' id='word_1_525' title='bbox 1498 1577 1673 1611; x_wconf 85' lang='lat' dir='ltr'>retinebat,</span> <span class='ocrx_word' id='word_1_526' title='bbox 1695 1581 1729 1606; x_wconf 89' lang='lat' dir='ltr'>ut</span> <span class='ocrx_word' id='word_1_527' title='bbox 1756 1577 1909 1615; x_wconf 82' lang='lat' dir='ltr'>superius</span> <span class='ocrx_word' id='word_1_528' title='bbox 1928 1581 1975 1606; x_wconf 87' lang='lat' dir='ltr'>est</span> <span class='ocrx_word' id='word_1_529' title='bbox 2001 1585 2204 1615; x_wconf 85' lang='lat' dir='ltr'>expressum.</span> <span class='ocrx_word' id='word_1_530' title='bbox 2233 1579 2294 1607; x_wconf 87' lang='lat' dir='ltr'>Pro</span> <span class='ocrx_word' id='word_1_531' title='bbox 2311 1582 2402 1616; x_wconf 80' lang='lat' dir='ltr'>parte</span> 
     </span>
     <span class='ocr_line' id='line_1_76' title="bbox 1390 1630 2402 1669; baseline 0 -9"><span class='ocrx_word' id='word_1_532' title='bbox 1390 1639 1467 1660; x_wconf 86' lang='lat' dir='ltr'>vero</span> <span class='ocrx_word' id='word_1_533' title='bbox 1484 1630 1600 1660; x_wconf 89' lang='lat' dir='ltr'>decani</span> <span class='ocrx_word' id='word_1_534' title='bbox 1627 1630 1833 1668; x_wconf 88' lang='lat' dir='ltr'>repperimus</span> <span class='ocrx_word' id='word_1_535' title='bbox 1859 1630 1964 1659; x_wconf 84' lang='lat' dir='ltr'>fuisse</span> <span class='ocrx_word' id='word_1_536' title='bbox 1992 1639 2188 1668; x_wconf 83' lang='lat' dir='ltr'>responsum</span> <span class='ocrx_word' id='word_1_537' title='bbox 2216 1630 2312 1669; x_wconf 82' lang='lat' dir='ltr'>quod,</span> <span class='ocrx_word' id='word_1_538' title='bbox 2340 1630 2402 1660; x_wconf 89' lang='lat' dir='ltr'>etsi</span> 
     </span>
     <span class='ocr_line' id='line_1_77' title="bbox 1390 1683 2398 1722; baseline -0.001 -9"><span class='ocrx_word' id='word_1_539' title='bbox 1390 1684 1497 1713; x_wconf 85' lang='lat' dir='ltr'>forma</span> <span class='ocrx_word' id='word_1_540' title='bbox 1513 1683 1686 1713; x_wconf 86' lang='lat' dir='ltr'>electionis</span> <span class='ocrx_word' id='word_1_541' title='bbox 1707 1692 1771 1712; x_wconf 93' lang='lat' dir='ltr'>non</span> <span class='ocrx_word' id='word_1_542' title='bbox 1797 1683 1905 1721; x_wconf 77' lang='lat' dir='ltr'>exigat</span> <span class='ocrx_word' id='word_1_543' title='bbox 1930 1687 2003 1712; x_wconf 88' lang='lat' dir='ltr'>vota</span> <span class='ocrx_word' id='word_1_544' title='bbox 2020 1688 2242 1713; x_wconf 88' lang='lat' dir='ltr'>scrutatorum</span> <span class='ocrx_word' id='word_1_545' title='bbox 2259 1683 2398 1722; x_wconf 82' lang='lat' dir='ltr'>exquiri,</span> 
     </span>
     <span class='ocr_line' id='line_1_78' title="bbox 1390 1736 2403 1775; baseline 0.001 -10"><span class='ocrx_word' id='word_1_546' title='bbox 1390 1746 1464 1766; x_wconf 90' lang='lat' dir='ltr'>cum</span> <span class='ocrx_word' id='word_1_547' title='bbox 1481 1737 1521 1766; x_wconf 89' lang='lat' dir='ltr'>ad</span> <span class='ocrx_word' id='word_1_548' title='bbox 1539 1736 1680 1766; x_wconf 90' lang='lat' dir='ltr'>aliorum</span> <span class='ocrx_word' id='word_1_549' title='bbox 1698 1741 1772 1766; x_wconf 85' lang='lat' dir='ltr'>vota</span> <span class='ocrx_word' id='word_1_550' title='bbox 1788 1737 1929 1766; x_wconf 90' lang='lat' dir='ltr'>intentio</span> <span class='ocrx_word' id='word_1_551' title='bbox 1949 1737 2083 1771; x_wconf 83' lang='lat' dir='ltr'>concilii</span> <span class='ocrx_word' id='word_1_552' title='bbox 2102 1737 2276 1775; x_wconf 78' lang='lat' dir='ltr'>dirigatur,</span> <span class='ocrx_word' id='word_1_553' title='bbox 2293 1737 2403 1767; x_wconf 88' lang='lat' dir='ltr'>nichi-</span> 
     </span>
     <span class='ocr_line' id='line_1_79' title="bbox 1389 1789 2403 1828; baseline 0.001 -10"><span class='ocrx_word' id='word_1_554' title='bbox 1389 1789 1536 1819; x_wconf 90' lang='lat' dir='ltr'>lominus</span> <span class='ocrx_word' id='word_1_555' title='bbox 1562 1793 1670 1819; x_wconf 86' lang='lat' dir='ltr'>tamen</span> <span class='ocrx_word' id='word_1_556' title='bbox 1695 1789 1747 1819; x_wconf 81' lang='lat' dir='ltr'>liic</span> <span class='ocrx_word' id='word_1_557' title='bbox 1774 1789 1938 1828; x_wconf 85' lang='lat' dir='ltr'>inquisita</span> <span class='ocrx_word' id='word_1_558' title='bbox 1968 1789 2114 1825; x_wconf 86' lang='lat' dir='ltr'>fuerunt,</span> <span class='ocrx_word' id='word_1_559' title='bbox 2142 1799 2216 1819; x_wconf 86' lang='lat' dir='ltr'>cum</span> <span class='ocrx_word' id='word_1_560' title='bbox 2246 1790 2403 1828; x_wconf 89' lang='lat' dir='ltr'>probetur</span> 
     </span>
     <span class='ocr_line' id='line_1_80' title="bbox 1390 1842 2402 1882; baseline 0.001 -10"><span class='ocrx_word' id='word_1_561' title='bbox 1390 1848 1502 1873; x_wconf 89' lang='lat' dir='ltr'>votum</span> <span class='ocrx_word' id='word_1_562' title='bbox 1530 1842 1708 1882; x_wconf 87' lang='lat' dir='ltr'>cujuslibet</span> <span class='ocrx_word' id='word_1_563' title='bbox 1736 1852 1850 1872; x_wconf 84' lang='lat' dir='ltr'>eorum</span> <span class='ocrx_word' id='word_1_564' title='bbox 1877 1843 1982 1873; x_wconf 85' lang='lat' dir='ltr'>fuisse</span> <span class='ocrx_word' id='word_1_565' title='bbox 2012 1852 2071 1873; x_wconf 88' lang='lat' dir='ltr'>suo</span> <span class='ocrx_word' id='word_1_566' title='bbox 2093 1843 2163 1873; x_wconf 89' lang='lat' dir='ltr'>loco</span> <span class='ocrx_word' id='word_1_567' title='bbox 2191 1848 2222 1873; x_wconf 84' lang='lat' dir='ltr'>et</span> <span class='ocrx_word' id='word_1_568' title='bbox 2247 1843 2361 1874; x_wconf 89' lang='lat' dir='ltr'>ordine</span> <span class='ocrx_word' id='word_1_569' title='bbox 2385 1853 2402 1873; x_wconf 90' lang='lat' dir='ltr'>a</span> 
     </span>
     <span class='ocr_line' id='line_1_81' title="bbox 1391 1895 2403 1934; baseline 0 -9"><span class='ocrx_word' id='word_1_570' title='bbox 1391 1896 1518 1926; x_wconf 87' lang='lat' dir='ltr'>duobus</span> <span class='ocrx_word' id='word_1_571' title='bbox 1538 1895 1678 1934; x_wconf 84' lang='lat' dir='ltr'>reliquis</span> <span class='ocrx_word' id='word_1_572' title='bbox 1696 1895 1914 1934; x_wconf 76' lang='lat' dir='ltr'>exquisitum3</span> <span class='ocrx_word' id='word_1_573' title='bbox 1941 1905 2000 1926; x_wconf 88' lang='lat' dir='ltr'>nec</span> <span class='ocrx_word' id='word_1_574' title='bbox 2019 1896 2119 1926; x_wconf 87' lang='lat' dir='ltr'>etiam</span> <span class='ocrx_word' id='word_1_575' title='bbox 2140 1897 2246 1925; x_wconf 85' lang='lat' dir='ltr'>forma</span> <span class='ocrx_word' id='word_1_576' title='bbox 2269 1896 2403 1926; x_wconf 90' lang='lat' dir='ltr'>concilii</span> 
     </span>
     <span class='ocr_line' id='line_1_82' title="bbox 1391 1949 2403 1989; baseline 0.001 -11"><span class='ocrx_word' id='word_1_577' title='bbox 1391 1950 1430 1979; x_wconf 90' lang='lat' dir='ltr'>ad</span> <span class='ocrx_word' id='word_1_578' title='bbox 1462 1949 1718 1989; x_wconf 80' lang='lat' dir='ltr'>inquisitionem</span> <span class='ocrx_word' id='word_1_579' title='bbox 1749 1954 1897 1979; x_wconf 86' lang='lat' dir='ltr'>votorum</span> <span class='ocrx_word' id='word_1_580' title='bbox 1933 1949 2132 1985; x_wconf 84' lang='lat' dir='ltr'>extenditur,</span> <span class='ocrx_word' id='word_1_581' title='bbox 2166 1960 2229 1989; x_wconf 87' lang='lat' dir='ltr'>que</span> <span class='ocrx_word' id='word_1_582' title='bbox 2265 1950 2337 1980; x_wconf 89' lang='lat' dir='ltr'>ideo</span> <span class='ocrx_word' id='word_1_583' title='bbox 2368 1951 2403 1979; x_wconf 83' lang='lat' dir='ltr'>fit</span> 
     </span>
     <span class='ocr_line' id='line_1_83' title="bbox 1391 2002 2403 2041; baseline 0.001 -10"><span class='ocrx_word' id='word_1_584' title='bbox 1391 2003 1570 2037; x_wconf 74' lang='lat' dir='ltr'>dumtaxat,</span> <span class='ocrx_word' id='word_1_585' title='bbox 1600 2007 1634 2032; x_wconf 90' lang='lat' dir='ltr'>ut</span> <span class='ocrx_word' id='word_1_586' title='bbox 1655 2011 1839 2032; x_wconf 84' lang='lat' dir='ltr'>consensus</span> <span class='ocrx_word' id='word_1_587' title='bbox 1862 2002 2041 2041; x_wconf 86' lang='lat' dir='ltr'>cujuslibet</span> <span class='ocrx_word' id='word_1_588' title='bbox 2066 2002 2286 2041; x_wconf 77' lang='lat' dir='ltr'>exp1·imatur;</span> <span class='ocrx_word' id='word_1_589' title='bbox 2316 2003 2403 2033; x_wconf 88' lang='lat' dir='ltr'>unde</span> 
     </span>
     <span class='ocr_line' id='line_1_84' title="bbox 1391 2055 2402 2094; baseline 0 -9"><span class='ocrx_word' id='word_1_590' title='bbox 1391 2056 1513 2085; x_wconf 84' lang='lat' dir='ltr'>sufficit</span> <span class='ocrx_word' id='word_1_591' title='bbox 1545 2056 1573 2085; x_wconf 86' lang='lat' dir='ltr'>si</span> <span class='ocrx_word' id='word_1_592' title='bbox 1603 2055 1738 2094; x_wconf 82' lang='lat' dir='ltr'>aliquis,</span> <span class='ocrx_word' id='word_1_593' title='bbox 1772 2055 1863 2084; x_wconf 88' lang='lat' dir='ltr'>nulla</span> <span class='ocrx_word' id='word_1_594' title='bbox 1893 2060 2114 2085; x_wconf 86' lang='lat' dir='ltr'>scrutatorum</span> <span class='ocrx_word' id='word_1_595' title='bbox 2141 2055 2402 2093; x_wconf 84' lang='lat' dir='ltr'>interrogatione</span> 
     </span>
     <span class='ocr_line' id='line_1_85' title="bbox 1390 2107 2401 2147; baseline -0.001 -9"><span class='ocrx_word' id='word_1_596' title='bbox 1390 2109 1564 2147; x_wconf 82' lang='lat' dir='ltr'>premissa,</span> <span class='ocrx_word' id='word_1_597' title='bbox 1593 2107 1765 2138; x_wconf 88' lang='lat' dir='ltr'>ultroneus</span> <span class='ocrx_word' id='word_1_598' title='bbox 1795 2108 1956 2146; x_wconf 86' lang='lat' dir='ltr'>exprimat</span> <span class='ocrx_word' id='word_1_599' title='bbox 1981 2112 2093 2138; x_wconf 84' lang='lat' dir='ltr'>votum</span> <span class='ocrx_word' id='word_1_600' title='bbox 2121 2117 2230 2143; x_wconf 87' lang='lat' dir='ltr'>suum,</span> <span class='ocrx_word' id='word_1_601' title='bbox 2261 2109 2401 2138; x_wconf 86' lang='lat' dir='ltr'>maxime</span> 
     </span>
     <span class='ocr_line' id='line_1_86' title="bbox 1392 2161 2399 2200; baseline 0 -9"><span class='ocrx_word' id='word_1_602' title='bbox 1392 2171 1477 2197; x_wconf 79' lang='lat' dir='ltr'>cum,</span> <span class='ocrx_word' id='word_1_603' title='bbox 1506 2170 1542 2191; x_wconf 87' lang='lat' dir='ltr'>ex</span> <span class='ocrx_word' id='word_1_604' title='bbox 1565 2170 1601 2191; x_wconf 89' lang='lat' dir='ltr'>eo</span> <span class='ocrx_word' id='word_1_605' title='bbox 1628 2161 1714 2199; x_wconf 86' lang='lat' dir='ltr'>quod</span> <span class='ocrx_word' id='word_1_606' title='bbox 1735 2165 1894 2199; x_wconf 86' lang='lat' dir='ltr'>apparent</span> <span class='ocrx_word' id='word_1_607' title='bbox 1917 2165 1992 2190; x_wconf 88' lang='lat' dir='ltr'>vota</span> <span class='ocrx_word' id='word_1_608' title='bbox 2017 2161 2205 2200; x_wconf 83' lang='lat' dir='ltr'>aliquorum</span> <span class='ocrx_word' id='word_1_609' title='bbox 2234 2170 2399 2199; x_wconf 82' lang='lat' dir='ltr'>expressa,</span> 
     </span>
     <span class='ocr_line' id='line_1_87' title="bbox 1391 2214 2402 2252; baseline 0 -8"><span class='ocrx_word' id='word_1_610' title='bbox 1391 2216 1468 2245; x_wconf 88' lang='lat' dir='ltr'>dum</span> <span class='ocrx_word' id='word_1_611' title='bbox 1489 2215 1527 2245; x_wconf 90' lang='lat' dir='ltr'>de</span> <span class='ocrx_word' id='word_1_612' title='bbox 1550 2214 1610 2244; x_wconf 86' lang='lat' dir='ltr'>hoc</span> <span class='ocrx_word' id='word_1_613' title='bbox 1638 2214 1758 2252; x_wconf 80' lang='lat' dir='ltr'>agitur,</span> <span class='ocrx_word' id='word_1_614' title='bbox 1788 2214 2083 2251; x_wconf 75' lang='lat' dir='ltr'>interrogationem</span> <span class='ocrx_word' id='word_1_615' title='bbox 2112 2214 2258 2252; x_wconf 88' lang='lat' dir='ltr'>presumi</span> <span class='ocrx_word' id='word_1_616' title='bbox 2285 2214 2402 2245; x_wconf 87' lang='lat' dir='ltr'>debeat</span> 
     </span>
     <span class='ocr_line' id='line_1_88' title="bbox 1390 2267 2402 2308; baseline -0.002 -9"><span class='ocrx_word' id='word_1_617' title='bbox 1390 2269 1603 2308; x_wconf 86' lang='lat' dir='ltr'>precessisse.</span> <span class='ocrx_word' id='word_1_618' title='bbox 1629 2269 1666 2298; x_wconf 94' lang='lat' dir='ltr'>In</span> <span class='ocrx_word' id='word_1_619' title='bbox 1689 2276 1725 2297; x_wconf 88' lang='lat' dir='ltr'>eo</span> <span class='ocrx_word' id='word_1_620' title='bbox 1751 2276 1827 2297; x_wconf 87' lang='lat' dir='ltr'>vero</span> <span class='ocrx_word' id='word_1_621' title='bbox 1849 2267 1935 2306; x_wconf 84' lang='lat' dir='ltr'>quod</span> <span class='ocrx_word' id='word_1_622' title='bbox 1961 2272 2162 2298; x_wconf 85' lang='lat' dir='ltr'>scrutatores</span> <span class='ocrx_word' id='word_1_623' title='bbox 2184 2272 2260 2298; x_wconf 86' lang='lat' dir='ltr'>ante</span> <span class='ocrx_word' id='word_1_624' title='bbox 2286 2269 2402 2298; x_wconf 87' lang='lat' dir='ltr'>scruti-</span> 
     </span>
     <span class='ocr_line' id='line_1_89' title="bbox 1392 2321 2401 2359; baseline -0.001 -7"><span class='ocrx_word' id='word_1_625' title='bbox 1392 2323 1483 2352; x_wconf 91' lang='lat' dir='ltr'>nium</span> <span class='ocrx_word' id='word_1_626' title='bbox 1509 2331 1585 2351; x_wconf 88' lang='lat' dir='ltr'>suas</span> <span class='ocrx_word' id='word_1_627' title='bbox 1609 2321 1671 2351; x_wconf 87' lang='lat' dir='ltr'>sub</span> <span class='ocrx_word' id='word_1_628' title='bbox 1696 2330 1771 2351; x_wconf 86' lang='lat' dir='ltr'>cera</span> <span class='ocrx_word' id='word_1_629' title='bbox 1792 2321 2015 2359; x_wconf 83' lang='lat' dir='ltr'>exprimerent</span> <span class='ocrx_word' id='word_1_630' title='bbox 2038 2321 2236 2356; x_wconf 80' lang='lat' dir='ltr'>voluntates,</span> <span class='ocrx_word' id='word_1_631' title='bbox 2263 2331 2337 2351; x_wconf 89' lang='lat' dir='ltr'>cum</span> <span class='ocrx_word' id='word_1_632' title='bbox 2366 2322 2401 2351; x_wconf 91' lang='lat' dir='ltr'>in</span> 
     </span>
     <span class='ocr_line' id='line_1_90' title="bbox 1391 2375 2400 2414; baseline -0.002 -8"><span class='ocrx_word' id='word_1_633' title='bbox 1391 2375 1534 2414; x_wconf 89' lang='lat' dir='ltr'>capitulo</span> <span class='ocrx_word' id='word_1_634' title='bbox 1552 2376 1671 2405; x_wconf 80' lang='lat' dir='ltr'>fuisset</span> <span class='ocrx_word' id='word_1_635' title='bbox 1687 2375 1891 2413; x_wconf 78' lang='lat' dir='ltr'>propositum</span> <span class='ocrx_word' id='word_1_636' title='bbox 1910 2380 1938 2404; x_wconf 86' lang='lat' dir='ltr'>et</span> <span class='ocrx_word' id='word_1_637' title='bbox 1958 2384 1975 2404; x_wconf 87' lang='lat' dir='ltr'>a</span> <span class='ocrx_word' id='word_1_638' title='bbox 1994 2375 2126 2404; x_wconf 83' lang='lat' dir='ltr'>nemine</span> <span class='ocrx_word' id='word_1_639' title='bbox 2148 2375 2400 2410; x_wconf 75' lang='lat' dir='ltr'>contradictum,</span> 
     </span>
     <span class='ocr_line' id='line_1_91' title="bbox 1391 2427 2403 2468; baseline -0.001 -10"><span class='ocrx_word' id='word_1_640' title='bbox 1391 2429 1566 2468; x_wconf 84' lang='lat' dir='ltr'>presertim</span> <span class='ocrx_word' id='word_1_641' title='bbox 1590 2437 1663 2458; x_wconf 88' lang='lat' dir='ltr'>cum</span> <span class='ocrx_word' id='word_1_642' title='bbox 1690 2428 1722 2457; x_wconf 92' lang='lat' dir='ltr'>in</span> <span class='ocrx_word' id='word_1_643' title='bbox 1744 2428 1804 2457; x_wconf 90' lang='lat' dir='ltr'>hoc</span> <span class='ocrx_word' id='word_1_644' title='bbox 1830 2427 1968 2457; x_wconf 86' lang='lat' dir='ltr'>ecclesie</span> <span class='ocrx_word' id='word_1_645' title='bbox 1986 2427 2193 2457; x_wconf 87' lang='lat' dir='ltr'>commodum</span> <span class='ocrx_word' id='word_1_646' title='bbox 2208 2432 2239 2457; x_wconf 86' lang='lat' dir='ltr'>et</span> <span class='ocrx_word' id='word_1_647' title='bbox 2255 2437 2403 2458; x_wconf 90' lang='lat' dir='ltr'>commu-</span> 
     </span>
     <span class='ocr_line' id='line_1_92' title="bbox 1392 2481 2403 2520; baseline 0.001 -8"><span class='ocrx_word' id='word_1_648' title='bbox 1392 2484 1444 2512; x_wconf 85' lang='lat' dir='ltr'>uis</span> <span class='ocrx_word' id='word_1_649' title='bbox 1468 2487 1621 2520; x_wconf 74' lang='lat' dir='ltr'>ageretur</span> <span class='ocrx_word' id='word_1_650' title='bbox 1644 2482 1784 2517; x_wconf 90' lang='lat' dir='ltr'>utilitas,</span> <span class='ocrx_word' id='word_1_651' title='bbox 1811 2482 1892 2511; x_wconf 82' lang='lat' dir='ltr'>satis</span> <span class='ocrx_word' id='word_1_652' title='bbox 1919 2482 2027 2520; x_wconf 88' lang='lat' dir='ltr'>ipsum</span> <span class='ocrx_word' id='word_1_653' title='bbox 2049 2481 2231 2520; x_wconf 86' lang='lat' dir='ltr'>capitulum</span> <span class='ocrx_word' id='word_1_654' title='bbox 2262 2491 2403 2513; x_wconf 88' lang='lat' dir='ltr'>consen-</span> 
     </span>
     <span class='ocr_line' id='line_1_93' title="bbox 1391 2534 2403 2573; baseline 0 -8"><span class='ocrx_word' id='word_1_655' title='bbox 1391 2537 1475 2566; x_wconf 86' lang='lat' dir='ltr'>sisse</span> <span class='ocrx_word' id='word_1_656' title='bbox 1499 2536 1638 2565; x_wconf 87' lang='lat' dir='ltr'>videtur.</span> <span class='ocrx_word' id='word_1_657' title='bbox 1664 2535 1755 2564; x_wconf 87' lang='lat' dir='ltr'>Licet</span> <span class='ocrx_word' id='word_1_658' title='bbox 1778 2539 1887 2564; x_wconf 88' lang='lat' dir='ltr'>autem</span> <span class='ocrx_word' id='word_1_659' title='bbox 1914 2534 2001 2564; x_wconf 85' lang='lat' dir='ltr'>idem</span> <span class='ocrx_word' id='word_1_660' title='bbox 2028 2534 2172 2564; x_wconf 88' lang='lat' dir='ltr'>decanus</span> <span class='ocrx_word' id='word_1_661' title='bbox 2202 2535 2237 2564; x_wconf 92' lang='lat' dir='ltr'>in</span> <span class='ocrx_word' id='word_1_662' title='bbox 2268 2544 2403 2573; x_wconf 83' lang='lat' dir='ltr'>suscep-</span> 
     </span>
     <span class='ocr_line' id='line_1_94' title="bbox 1392 2587 2403 2627; baseline -0.001 -9"><span class='ocrx_word' id='word_1_663' title='bbox 1392 2590 1479 2619; x_wconf 85' lang='lat' dir='ltr'>tione</span> <span class='ocrx_word' id='word_1_664' title='bbox 1497 2589 1678 2618; x_wconf 85' lang='lat' dir='ltr'>decanatus</span> <span class='ocrx_word' id='word_1_665' title='bbox 1693 2588 1857 2627; x_wconf 81' lang='lat' dir='ltr'>juraverit</span> <span class='ocrx_word' id='word_1_666' title='bbox 1874 2587 1960 2626; x_wconf 84' lang='lat' dir='ltr'>quod</span> <span class='ocrx_word' id='word_1_667' title='bbox 1978 2597 2011 2617; x_wconf 89' lang='lat' dir='ltr'>se</span> <span class='ocrx_word' id='word_1_668' title='bbox 2029 2587 2118 2617; x_wconf 88' lang='lat' dir='ltr'>infra</span> <span class='ocrx_word' id='word_1_669' title='bbox 2134 2596 2258 2617; x_wconf 88' lang='lat' dir='ltr'>annum</span> <span class='ocrx_word' id='word_1_670' title='bbox 2281 2588 2403 2618; x_wconf 87' lang='lat' dir='ltr'>faceret</span> 
     </span>
     <span class='ocr_line' id='line_1_95' title="bbox 1390 2641 2402 2680; baseline -0.002 -9"><span class='ocrx_word' id='word_1_671' title='bbox 1390 2643 1424 2671; x_wconf 92' lang='grc'>111</span> <span class='ocrx_word' id='word_1_672' title='bbox 1456 2642 1677 2680; x_wconf 82' lang='lat' dir='ltr'>presbiterum</span> <span class='ocrx_word' id='word_1_673' title='bbox 1711 2641 1908 2679; x_wconf 84' lang='lat' dir='ltr'>promoveri,</span> <span class='ocrx_word' id='word_1_674' title='bbox 1936 2641 2014 2679; x_wconf 84' lang='lat' dir='ltr'>quia</span> <span class='ocrx_word' id='word_1_675' title='bbox 2041 2645 2151 2670; x_wconf 87' lang='lat' dir='ltr'>tamen</span> <span class='ocrx_word' id='word_1_676' title='bbox 2179 2641 2402 2671; x_wconf 86' lang='lat' dir='ltr'>conditionem</span> 
     </span>
     <span class='ocr_line' id='line_1_96' title="bbox 1392 2694 2403 2733; baseline -0.001 -9"><span class='ocrx_word' id='word_1_677' title='bbox 1392 2695 1522 2733; x_wconf 76' lang='lat' dir='ltr'>adjecit,</span> <span class='ocrx_word' id='word_1_678' title='bbox 1542 2694 1609 2723; x_wconf 83' lang='lat' dir='ltr'>nisi</span> <span class='ocrx_word' id='word_1_679' title='bbox 1628 2704 1645 2724; x_wconf 90' lang='lat' dir='ltr'>a</span> <span class='ocrx_word' id='word_1_680' title='bbox 1661 2694 1805 2732; x_wconf 93' lang='lat' dir='ltr'>capitulo</span> <span class='ocrx_word' id='word_1_681' title='bbox 1825 2694 1994 2724; x_wconf 87' lang='lat' dir='ltr'>licentiam</span> <span class='ocrx_word' id='word_1_682' title='bbox 2012 2694 2187 2729; x_wconf 78' lang='lat' dir='ltr'>obtineret,</span> <span class='ocrx_word' id='word_1_683' title='bbox 2207 2699 2237 2724; x_wconf 87' lang='lat' dir='ltr'>et</span> <span class='ocrx_word' id='word_1_684' title='bbox 2262 2703 2333 2724; x_wconf 89' lang='lat' dir='ltr'>eam</span> <span class='ocrx_word' id='word_1_685' title='bbox 2350 2694 2403 2724; x_wconf 89' lang='lat' dir='ltr'>in-</span> 
     </span>
    </p>
   </div>
   <div class='ocr_carea' id='block_1_4' title="bbox 1391 2832 2403 2995">
    <p class='ocr_par' dir='ltr' id='par_1_4' title="bbox 1391 2832 2403 2995">
     <span class='ocr_line' id='line_1_97' title="bbox 1425 2832 2403 2863; baseline -0.001 -6"><span class='ocrx_word' id='word_1_686' title='bbox 1425 2835 1445 2858; x_wconf 88' lang='lat'>1.</span> <span class='ocrx_word' id='word_1_687' title='bbox 1462 2835 1503 2858; x_wconf 77' lang='lat' dir='ltr'>Cf.</span> <span class='ocrx_word' id='word_1_688' title='bbox 1521 2834 1634 2858; x_wconf 88' lang='lat' dir='ltr'>Concile</span> <span class='ocrx_word' id='word_1_689' title='bbox 1651 2834 1686 2857; x_wconf 88' lang='lat' dir='ltr'>du</span> <span class='ocrx_word' id='word_1_690' title='bbox 1705 2834 1804 2858; x_wconf 71' lang='lat' dir='ltr'>Lati-an</span> <span class='ocrx_word' id='word_1_691' title='bbox 1821 2834 1854 2856; x_wconf 87' lang='lat' dir='ltr'>de</span> <span class='ocrx_word' id='word_1_692' title='bbox 1873 2833 1944 2861; x_wconf 60' lang='lat'>1215,</span> <span class='ocrx_word' id='word_1_693' title='bbox 1961 2833 2040 2863; x_wconf 80' lang='lat' dir='ltr'>cliap.</span> <span class='ocrx_word' id='word_1_694' title='bbox 2058 2832 2156 2862; x_wconf 86' lang='lat' dir='ltr'>XXIV,</span> <span class='ocrx_word' id='word_1_695' title='bbox 2177 2832 2245 2856; x_wconf 84' lang='lat' dir='ltr'>dans</span> <span class='ocrx_word' id='word_1_696' title='bbox 2268 2833 2360 2856; x_wconf 74' lang='lat' dir='ltr'>LABnE</span> <span class='ocrx_word' id='word_1_697' title='bbox 2376 2836 2403 2856; x_wconf 85' lang='lat' dir='ltr'>et</span> 
     </span>
     <span class='ocr_line' id='line_1_98' title="bbox 1391 2874 2401 2907; baseline -0.002 -5"><span class='ocrx_word' id='word_1_698' title='bbox 1391 2879 1529 2904; x_wconf 64' lang='lat' dir='ltr'>Cossum</span> <span class='ocrx_word' id='word_1_699' title='bbox 1549 2880 1734 2901; x_wconf 77' lang='lat' dir='ltr'>sacrosancta</span> <span class='ocrx_word' id='word_1_700' title='bbox 1752 2880 1891 2905; x_wconf 74' lang='lat' dir='ltr'>eoncilia.</span> <span class='ocrx_word' id='word_1_701' title='bbox 1908 2881 1927 2901; x_wconf 87' lang='lat' dir='ltr'>t.</span> <span class='ocrx_word' id='word_1_702' title='bbox 1943 2877 2007 2901; x_wconf 82' lang='lat' dir='ltr'>XIII</span> <span class='ocrx_word' id='word_1_703' title='bbox 2023 2877 2149 2907; x_wconf 84' lang='lat' dir='ltr'>(Venise,</span> <span class='ocrx_word' id='word_1_704' title='bbox 2163 2874 2251 2907; x_wconf 71' lang='lat'>&#39;1730)‚</span> <span class='ocrx_word' id='word_1_705' title='bbox 2268 2878 2320 2900; x_wconf 87' lang='lat' dir='ltr'>col.</span> <span class='ocrx_word' id='word_1_706' title='bbox 2335 2877 2401 2901; x_wconf 80' lang='lat'>959:</span> 
     </span>
     <span class='ocr_line' id='line_1_99' title="bbox 1392 2920 2402 2951; baseline -0.002 -7"><span class='ocrx_word' id='word_1_707' title='bbox 1392 2931 1402 2944; x_wconf 72' lang='grc' dir='ltr'>ι(</span> <span class='ocrx_word' id='word_1_708' title='bbox 1418 2925 1593 2945; x_wconf 83' lang='lat' dir='ltr'>assumantur</span> <span class='ocrx_word' id='word_1_709' title='bbox 1608 2925 1661 2944; x_wconf 85' lang='lat' dir='ltr'>tres</span> <span class='ocrx_word' id='word_1_710' title='bbox 1676 2921 1709 2944; x_wconf 87' lang='lat' dir='ltr'>de</span> <span class='ocrx_word' id='word_1_711' title='bbox 1724 2922 1840 2951; x_wconf 80' lang='lat' dir='ltr'>collegio</span> <span class='ocrx_word' id='word_1_712' title='bbox 1855 2921 1907 2944; x_wconf 83' lang='lat' dir='ltr'>fide</span> <span class='ocrx_word' id='word_1_713' title='bbox 1920 2921 2007 2951; x_wconf 77' lang='lat' dir='ltr'>digni,</span> <span class='ocrx_word' id='word_1_714' title='bbox 2021 2920 2067 2951; x_wconf 86' lang='lat' dir='ltr'>qui</span> <span class='ocrx_word' id='word_1_715' title='bbox 2082 2923 2189 2944; x_wconf 83' lang='lat' dir='ltr'>secreto</span> <span class='ocrx_word' id='word_1_716' title='bbox 2203 2923 2229 2944; x_wconf 85' lang='lat' dir='ltr'>et</span> <span class='ocrx_word' id='word_1_717' title='bbox 2243 2921 2402 2950; x_wconf 82' lang='lat' dir='ltr'>singulatim</span> 
     </span>
     <span class='ocr_line' id='line_1_100' title="bbox 1391 2965 2200 2995; baseline -0.004 -6"><span class='ocrx_word' id='word_1_718' title='bbox 1391 2973 1472 2989; x_wconf 81' lang='lat' dir='ltr'>voces</span> <span class='ocrx_word' id='word_1_719' title='bbox 1489 2966 1569 2995; x_wconf 80' lang='lat' dir='ltr'>(alias</span> <span class='ocrx_word' id='word_1_720' title='bbox 1584 2969 1655 2994; x_wconf 79' lang='lat' dir='ltr'>vota)</span> <span class='ocrx_word' id='word_1_721' title='bbox 1674 2968 1836 2988; x_wconf 84' lang='lat' dir='ltr'>cunctorum</span> <span class='ocrx_word' id='word_1_722' title='bbox 1854 2965 2000 2995; x_wconf 78' lang='lat' dir='ltr'>diligenter</span> <span class='ocrx_word' id='word_1_723' title='bbox 2015 2965 2173 2995; x_wconf 77' lang='lat' dir='ltr'>exquiram.</span> <span class='ocrx_word' id='word_1_724' title='bbox 2189 2972 2200 2986; x_wconf 80' lang='grc' dir='ltr'>υ</span> 
     </span>
    </p>
   </div>
  </div>
 </body>
</html>
