2553 3526
283 281 339 309 547
1013 273 1250 305 REGtSTREs
1274 272 1328 301 DE
1352 266 1574 303 GREGOIRE
1599 275 1655 303 ix.
2329 278 2386 307 548

283 347 432 377 minime,
453 352 516 375 tam
538 354 574 374 ex
593 344 789 374 necessitate
807 343 951 381 predicta
969 351 1067 381 quam
1088 338 1292 377 negligentia

283 400 424 438 propria.
445 399 620 429 studuisti:
639 402 667 427 et
692 397 847 435 quoniam
866 394 1101 425 sacerdotalem
1120 402 1183 422 11011
1202 400 1291 421 rece-

281 454 359 491 pisti
376 452 537 481 ordinem.
557 456 649 488 prout
664 449 847 488 juramenti
866 447 998 476 vinculo
1018 447 1186 483 suscipere
1205 450 1290 474 tene-

282 506 382 535 baris.
402 504 583 543 perjurium
599 503 746 532 nosceris
764 501 948 529 incurrisse
966 509 1002 529 ac
1017 499 1134 528 exinde
1149 497 1292 527 detrahi-

283 565 335 588 tur
359 558 537 596 plurimum
559 557 642 585 fame
662 560 714 583 tue
731 571 779 581 -.
800 555 871 582 Dat.
892 551 1056 583 Laterani,
1077 551 1187 579 idibus
1201 549 1290 588 julii,

282 620 369 641 anuo
386 609 643 649 quintodecimo.
666 620 678 633 ι)

354 782 469 810 6089
841 779 961 809 Latran,
979 776 1012 803 18
1026 776 1125 810 juillet
1142 775 1220 801 1241.

318 845 462 878 Magistro
489 842 655 872 Bernardo,
691 841 870 867 subdiacono
904 847 965 871 suo,
997 838 1119 864 mandat
1148 839 1293 871 quatenus

283 897 416 928 quartam
440 896 551 926 partem
574 891 679 918 tertiae
699 889 868 916 reddituum
886 887 1154 914 ecclesiasticorum
1174 885 1210 912 ab
1230 885 1293 919 ipso

284 942 432 969 Boi-nardo
462 941 497 967 de
528 939 666 966 mandato
696 937 855 971 apostolico
881 935 1066 969 colligendae
1093 943 1143 968 pro
1173 932 1293 967 imperii

282 988 608 1023 Constantinopolitani
632 987 774 1014 subsidio,
802 986 847 1012 illi
870 993 1009 1019 personae
1032 983 1182 1014 exhibeat,
1204 990 1292 1016 quam

284 1040 446 1066 Gaufridus
463 1037 509 1072 [de
520 1035 673 1070 Meriaco],
689 1036 819 1069 ejusden]
834 1034 954 1068 imperii
967 1030 1293 1065 constantinopolitani

283 1088 512 1119 comestabulus,
528 1086 740 1120 designaverit,
758 1083 988 1110 convertendam
1006 1082 1035 1108 10
1053 1081 1216 1108 custodiam
1230 1088 1293 1106 cas-

285 1139 321 1165 tri
344 1137 473 1171 Asquili,
496 1136 614 1162 civitati
636 1133 984 1167 Constantinopolitanae
1003 1131 1109 1162 vicini,
1129 1130 1176 1156 cui
1196 1132 1294 1156 custo-

283 1188 349 1213 diae
370 1186 448 1212 idem
469 1184 640 1215 Gaufridus,
662 1184 693 1210 in
715 1191 836 1216 regnum
860 1181 1003 1208 Franciae
1020 1179 1218 1213 proficiscens,
1236 1186 1293 1204 non

283 1238 396 1270 poterat
418 1233 611 1268 personaliter
630 1231 825 1258 necessariam
845 1238 962 1265 operam
985 1229 1064 1255 dare.
1087 1242 1118 1246 —
1144 1228 1231 1259 (Rea.
1248 1226 1292 1258 20,

284 1286 303 1310 f.
321 1284 354 1310 88
369 1286 406 1315 r⁰;
421 1291 491 1309 ann.
505 1282 573 1314 XV,
591 1290 614 1308 c.
634 1281 700 1312 103;
718 1295 750 1298 —
767 1278 994 1310 Monm111193,
1012 1278 1031 1303 ἰ.
1050 1277 1124 1307 333.)

326 1398 337 1411 «
367 1385 510 1420 Manistro
540 1382 710 1413 Berriardo,
739 1380 920 1409 subdiacono
948 1383 1058 1407 nostro.
1088 1376 1219 1407 Nobilis
1246 1376 1296 1405 vir

284 1437 478 1470 Gauii-idus,
500 1433 746 1465 comestabulus
762 1432 895 1470 imperii
919 1429 1294 1467 Constantinopolitani,

287 1491 382 1520 nobis
408 1488 559 1527 exposuit
582 1487 679 1526 quod,
707 1495 781 1515 cum
805 1485 976 1519 Vatacius,
1004 1483 1063 1513 Dei
1092 1488 1123 1513 et
1148 1482 1296 1513 Ecclesie

286 1544 456 1578 inimicus,
477 1540 685 1580 occupaverit
703 1544 824 1569 terram
845 1547 950 1571 suam,
977 1546 1075 1576 quam
1092 1536 1126 1565 in
1146 1535 1296 1574 partibus

285 1594 665 1633 C‹‘›nstantinopolitanis
681 1593 835 1626 habebat,
860 1595 993 1629 excepto
1014 1590 1155 1628 quodam
1177 1595 1295 1625 castro,

286 1650 373 1689 quod
389 1648 521 1687 Asquili
540 1651 685 1680 vocatur,
706 1645 834 1675 civitati
856 1643 1224 1681 Constantinopolitane
1248 1642 1298 1671 vi-

286 1704 370 1737 cino,
391 1702 504 1732 eodem
527 1699 630 1730 nobili
647 1699 734 1729 unde
757 1698 841 1727 illud
865 1697 995 1726 munire
1018 1696 1134 1730 valeat,
1155 1705 1220 1725 non
1238 1695 1298 1724 ha-

287 1757 395 1787 bente,
414 1764 487 1785 cum
501 1754 569 1793 jam
586 1762 642 1791 per
661 1752 834 1782 duodecim
855 1759 959 1780 annos
983 1749 1091 1779 nullos
1115 1749 1299 1787 perceperit

287 1811 325 1839 de
351 1814 439 1839 terra
463 1808 536 1846 ipsa
561 1810 755 1844 proventus,
785 1805 823 1834 de
851 1803 1067 1833 ammissione
1093 1802 1173 1832 dicti
1198 1801 1298 1831 castri

289 1872 351 1892 non
370 1861 536 1891 immerito
552 1859 765 1893 formidatur;
785 1858 927 1887 maxime
942 1865 1027 1891 cum,
1042 1855 1183 1894 quodam
1197 1856 1298 1884 fratre

287 1926 347 1945 suo
366 1924 469 1952 nuper
490 1913 619 1943 sublato
640 1912 677 1941 de
704 1911 823 1945 medio,
850 1910 958 1948 ipsum
979 1913 1137 1947 oporteat,
1155 1917 1211 1946 pro
1228 1908 1298 1937 adi-

287 1968 446 2007 piscenda
461 1968 622 1996 bonorum
645 1964 855 2003 possessione
872 1963 906 1992 iu
928 1962 1050 2001 quibus
1069 1961 1118 1990 illi
1138 1961 1297 1993 succedit,

288 2023 321 2051 111
350 2030 488 2059 regnum
518 2019 657 2050 Francie
689 2017 871 2056 proficisci,
904 2020 1035 2054 propter
1065 2015 1152 2054 quod
1182 2015 1299 2053 nequit

288 2075 436 2114 ejusdem
460 2073 560 2103 castri
581 2071 729 2101 custodie
748 2069 968 2108 personaliter
993 2069 1181 2097 imminere.
1203 2067 1299 2098 Unde

290 2128 384 2157 noliis
409 2126 581 2156 humiliter
600 2123 798 2162 supplicavit
825 2127 870 2156 ut,
895 2131 934 2151 ne
958 2127 1102 2151 castrum
1127 2121 1236 2158 ipsum
1260 2120 1299 2149 ad

288 2181 380 2210 illius
398 2188 515 2209 manus
541 2178 705 2211 deveniat,
731 2186 768 2206 ex
791 2185 855 2215 quo
878 2175 1005 2204 civitati
1030 2174 1174 2212 predicte
1201 2182 1299 2211 grave

289 2234 473 2273 periculum
492 2232 693 2263 immineret,
713 2239 811 2268 super
827 2229 887 2258 hoc
906 2228 1078 2267 providere
1098 2232 1234 2265 paterna
1253 2227 1298 2255 di-

287 2287 428 2324 ligentia
453 2293 658 2315 curaremus.
680 2283 842 2320 Quocirca
866 2281 1077 2320 precipiendo
1104 2280 1298 2310 mandamus

289 2345 454 2380 quatenus
472 2343 623 2378 quartam
639 2341 765 2375 partem
782 2335 877 2365 tertie
895 2334 1084 2364 reddituum
1101 2333 1300 2363 ecclesiasti-

290 2402 403 2422 corum
426 2391 610 2429 colligendo
629 2399 647 2420 a
670 2394 700 2419 10
720 2389 758 2419 de
784 2388 938 2418 mandato
962 2392 1074 2417 nostro
1094 2396 1151 2425 pro
1167 2387 1300 2425 imperii

289 2443 653 2482 (10115100110000111001
683 2441 844 2476 subsidio,
870 2441 900 2471 ei
925 2441 978 2470 cui
1003 2441 1152 2478 prefatus
1178 2440 1300 2471 nobilis

291 2509 347 2537 per
363 2499 491 2528 litteras
509 2506 585 2527 suas
609 2494 848 2534 significaverit
872 2493 1120 2531 assignandam,
1145 2493 1300 2522 exhibere

290 2560 458 2590 procures,
474 2549 729 2580 convertendam
744 2548 777 2576 in
791 2547 974 2577 custodiam
984 2546 1064 2576 dicti
1078 2546 1189 2581 castri,
1206 2545 1301 2575 nobis

291 2604 378 2643 quod
401 2613 499 2642 super
527 2603 587 2632 1100
613 2602 744 2635 feceris,
773 2600 1008 2637 rescripturus.
1037 2600 1110 2628 Dat.
1132 2599 1299 2633 Laterani,

291 2658 352 2687 XV
369 2657 528 2687 kalendas
546 2655 690 2693 augusti,
709 2662 796 2683 anno
813 2651 1071 2692 quintodecimo.
1093 2664 1104 2677 »γ

365 2827 483 2856 6090
848 2825 970 2856 Latran,
986 2824 1020 2850 19
1035 2824 1135 2857 Juillet
1152 2824 1230 2851 1241.

330 2890 491 2917 Abbatibus
514 2888 549 2915 de
572 2888 659 2914 Valle
675 2886 811 2918 Lucenti,
833 2886 1041 2913 Cisterciensis
1059 2886 1184 2918 ordinis,
1209 2887 1302 2914 Seno-

295 2939 394 2965 1100515
415 2937 566 2969 dioecesis,
584 2939 612 2963 et
629 2935 733 2963 Sancti
750 2935 837 2962 Pauli
862 2934 1052 2967 Senonensis,
1076 2935 1301 2964 Praemonstra-

1375 339 1466 365 tensis
1482 340 1606 372 ordinis,
1625 349 1676 367 000
1695 349 1750 367 non
1773 341 1862 374 priori
1882 342 2006 368 fratrum
2029 343 2270 370 Praedicatorum
2291 343 2384 370 Seno-

1375 389 1458 414 nensi
1478 390 1535 415 late
1549 389 1653 416 scribit
1668 390 1703 416 de
1720 390 1892 423 quaestione
1908 393 1987 417 mota
2008 391 2086 417 inter
2102 391 2239 419 abbatem
2254 401 2384 419 conven-

1374 440 1496 471 tumque
1511 438 1652 465 ecclesiae
1670 438 1772 465 Sancti
1789 439 1933 466 Jobannis
1951 440 2141 472 Senonensis,
2158 441 2271 467 ordinis
2288 442 2384 468 sancti

1373 486 1546 520 Augustini,
1572 495 1605 513 ex
1629 490 1711 520 parte
1731 495 1799 519 una,
1826 490 1854 514 et
1879 488 2085 520 Godefridum,
2108 489 2233 522 priorem
2257 489 2292 516 de
2310 489 2384 516 Vico

1374 534 1458 561 Novo
1481 537 1525 566 (=
1548 536 1704 568 Vinneuf),
1731 544 1829 562 eorum
1851 537 2095 569 concanonicum,
2119 545 2153 563 ex
2175 538 2278 570 altera,
2301 546 2385 564 occa·

1374 583 1456 609 sione
1471 584 1675 617 inquisitionis
1692 585 1722 611 in
1740 585 1841 611 eadem
1855 585 1980 611 ecclesia
1996 585 2099 611 Sancti
2115 586 2260 613 Joliannis
2275 586 2384 612 facien-

1374 632 1438 663 dae,
1460 632 1560 659 abbati
1583 633 1687 660 Sancti
1707 633 1838 659 Victoris
1863 633 2053 662 Parisiensis,
2073 642 2126 659 nee
2148 642 2204 660 non
2224 634 2334 661 decano
2357 637 2385 661 et

1373 680 1583 707 archidiacono
1598 681 1817 708 Parisiensibus
1830 690 1846 707 a
1861 681 1936 707 Sede
1949 681 2122 715 Apostolica
2137 682 2328 714 commissae;
2344 682 2385 709 eis

1375 729 1497 756 mandat
1509 733 1665 763 quatenus,
1681 730 1845 764 praedictos
1862 729 1997 756 abbatem
2014 733 2042 757 et
2058 733 2236 757 conventum
2254 731 2386 765 aliosque

1373 777 1410 804 ab
1430 778 1774 805 excommunicationum
1791 778 1949 804 sententiis
1966 778 1996 804 in
2013 786 2060 804 eos
2074 787 2091 804 a
2111 779 2270 812 praedictis
2286 779 2387 813 inqui-

1375 825 1515 852 sitoribus
1533 826 1601 852 latis
1618 827 1815 859 absolventes,
1837 829 1865 853 et
1886 830 1946 854 tam
1963 827 2061 861 ipsum
2083 828 2277 855 Godefridum
2297 836 2385 862 quam

1375 874 1448 901 alios
1465 875 1621 901 canonicos
1637 884 1718 909 quos,
1740 878 1805 909 post
1825 876 1977 910 inceptum
1999 876 2206 910 inquisitionis
2222 877 2385 910 negotium,

1376 923 1548 949 invenerint
1571 923 1608 949 ab
1628 924 1728 950 eodem
1751 923 1856 950 abbate
1876 925 1983 958 ejectos
2005 925 2053 951 vel
2077 928 2190 951 amotos
2207 925 2243 951 ab
2263 925 2388 952 ecclesia

1376 971 1556 1005 supradicta,
1576 972 1749 998 reducentes
1771 972 1807 998 ad
1830 980 1905 1004 eam,
1932 973 1967 999 de
1989 976 2068 999 statu
2092 974 2223 1007 ejusdem
2245 974 2388 1001 ecelesiae

1376 1020 1504 1046 sollicite
1523 1020 1688 1054 inquirant,
1713 1020 1884 1054 corrigendo
1906 1020 2015 1047 ibidem
2041 1023 2070 1047 et
2089 1022 2275 1048 reformando
2295 1023 2388 1048 refor-

1378 1069 1486 1096 manda
1502 1072 1530 1096 et
1549 1069 1734 1103 corrigenda;
1758 1069 1891 1103 alioquin
1914 1069 1992 1096 idem
2011 1070 2216 1103 inquisitionis
2236 1071 2386 1104 negotium

1377 1118 1413 1144 ad
1430 1119 1576 1151 praefatos
1589 1117 1726 1145 abbatem
1746 1118 1849 1145 Sancti
1866 1118 1997 1145 Victoris
2013 1119 2133 1153 ejusque
2148 1120 2273 1153 collegas
2287 1120 2389 1146 remit-

1377 1169 1452 1194 tant.
1471 1182 1503 1185 ——
1524 1168 1610 1199 (Rae.
1632 1168 1680 1199 20,
1704 1168 1723 1194 f.
1745 1167 1778 1194 88
1800 1170 1841 1200 r⁰;
1866 1176 1935 1194 ann.
1958 1168 2026 1201 XV,
2054 1177 2078 1194 0.
2101 1168 2166 1200 104;
2185 1183 2215 1186 -
2233 1170 2270 1195 cf.
2291 1176 2388 1202 supra,

1378 1224 1406 1242 n.
1425 1215 1491 1242 1041
1510 1218 1537 1242 et
1553 1215 1646 1249 5150.)

1420 1356 1433 1369 «
1455 1366 1474 1372 ..
1500 1344 1532 1371 dp
1554 1345 1631 1372 Valle
1647 1345 1779 1379 thcenli,
1805 1345 2022 1379 Cistercierisis,
2045 1345 2225 1374 Senonensis
2252 1346 2388 1380 diocesis,

1377 1402 1432 1425 el..
1447 1397 1552 1426 Sancti
1566 1398 1664 1431 Pauli,
1678 1398 1970 1426 Premonscratensis
1980 1399 2138 1431 ordinum,
2152 1399 2318 1432 abbatibus,
2332 1403 2357 1427 el
2369 1421 2388 1428 ..

1375 1451 1476 1487 priori
1488 1451 1621 1485 fratrum
1637 1451 1863 1479 Predicalorum
1877 1450 2133 1489 Senonen[sibus].
2146 1451 2262 1481 Coram
2273 1451 2391 1480 dilecto

1379 1501 1447 1531 filio
1467 1507 1578 1531 nostro
1595 1501 1799 1540 S[tephano],
1820 1502 1908 1531 tituli
1926 1503 2045 1532 Sancte
2072 1503 2176 1532 Marie
2198 1503 2391 1533 Transtibe-

1379 1564 1453 1594 rym
1482 1555 1665 1593 presbitero
1695 1544 1868 1589 cardinali,
1896 1564 1993 1593 quem
2021 1555 2137 1585 Miloni
2159 1561 2190 1585 et
2217 1556 2390 1590 Gaut'rido,

1380 1608 1549 1638 canonicis
1567 1608 1705 1638 ecclesie
1723 1608 1835 1638 Sancti
1851 1607 2017 1638 Johannis
2035 1608 2250 1642 Senonensis,
2264 1598 2391 1638 ordinis

1380 1662 1486 1691 sancti
1506 1662 1696 1699 Augustini,
1720 1661 1990 1699 procuratoribus
2010 1685 2028 1690 ..
2055 1661 2184 1691 abbatis
2201 1666 2231 1691 et
2248 1670 2391 1691 conven-

1380 1719 1433 1744 tus
1450 1715 1609 1753 ejusdem,
1628 1724 1664 1744 ex
1683 1720 1774 1752 parte
1788 1723 1865 1749 una,
1885 1719 1916 1744 et
1934 1714 2124 1749 Godefrido,
2143 1714 2244 1752 priori
2262 1714 2300 1744 de
2311 1713 2393 1744 Vico

1380 1768 1483 1801 Novo,
1499 1767 1722 1797 concanonico
1735 1776 1859 1801 eorum,
1874 1776 1910 1797 ex
1927 1766 2041 1801 altera,
2053 1767 2087 1796 in
2103 1771 2215 1797 nostra
2226 1767 2395 1805 presentia

1380 1821 1582 1855 constitutis,
1601 1820 1752 1850 dedimus
1770 1820 1966 1854 auditorem,
1990 1825 2219 1858 procuratores
2237 1820 2300 1858 ipsi
2319 1829 2394 1858 pro-

1381 1882 1502 1911 ponere
1521 1877 1721 1902 curaverunt
1738 1873 1835 1911 quod,
1857 1882 1931 1902 cum
1954 1873 2033 1902 olim
2056 1873 2326 1903 reformationem
2344 1873 2393 1910 ip-

1381 1927 1451 1956 sius
1470 1926 1644 1955 ecclesie..
1663 1925 1774 1954 abbati
1791 1926 1904 1955 Sancti
1920 1925 2086 1956 Johannis
2106 1926 2139 1955 in
2156 1926 2273 1956 Vineis
2292 1926 2393 1955 Sues-

1382 1980 1550 2009 sionensis
1576 1983 1607 2009 et
1633 1979 1769 2016 collegis
1797 1979 1868 2008 suis
1894 1979 2086 2008 duxerimus
2110 1979 2389 2014 committendam,

1378 2033 1612 2071 jurisdictione
1640 2032 1769 2061 tandem
1793 2031 1940 2069 ipsorum
1965 2041 2021 2069 per
2042 2031 2171 2062 litteras
2193 2041 2275 2071 quas
2295 2041 2394 2070 super

1382 2086 1442 2115 hoc
1459 2085 1707 2114 misimusbone
1722 2085 1880 2114 memorie
1897 2108 1916 2113 ..
1931 2085 2116 2115 Senonensi
2132 2085 2391 2123 archiepiscopo,

1381 2143 1549 2173 revocata,
1584 2138 1791 2176 postmodum
1819 2137 2019 2176 quibusdam
2045 2138 2215 2167 canonicis
2245 2138 2394 2177 ejusdem

1382 2191 1532 2225 ecclesie,
1558 2200 1594 2220 ex
1618 2200 1684 2220 una
1708 2195 1811 2228 parte,
1838 2195 1869 2220 et
1896 2191 2164 2228 procuratoribus
2190 2191 2330 2221 abbatis.
2356 2200 2393 2221 ex

1381 2244 1496 2277 altera,
1515 2244 1548 2272 in
1572 2248 1683 2273 nostra
1704 2243 1873 2281 presentia
1896 2244 2097 2278 constitutis,
2117 2244 2272 2273 dilectum
2288 2244 2394 2273 tilium

1383 2302 1533 2327 nostrum
1558 2296 1805 2334 S[inibaldum]‚
1831 2296 1921 2325 tituli
1945 2296 2058 2326 Sancti
2083 2297 2255 2326 Laurentii
2276 2297 2310 2326 in
2331 2297 2394 2326 Lu-

1383 2352 1458 2381 cina
1481 2350 1702 2389 presbiterum
1719 2349 1933 2385 cardinalem,
1953 2349 2180 2379 concessimus
2197 2349 2392 2379 auditorem.

1383 2405 1458 2439 Sed,
1477 2413 1550 2434 cum
1567 2403 1720 2433 canonici
1744 2407 1775 2432 et
1801 2408 2030 2441 procuratores
2054 2402 2117 2440 ipsi
2144 2402 2347 2432 ordinationi
2365 2407 2396 2432 et

1383 2457 1596 2495 dispositioni
1613 2457 1696 2486 bone
1713 2456 1872 2486 memorie
1895 2479 1914 2484 ..
1938 2455 2119 2485 Tusculani
2136 2456 2281 2494 episcopi
2297 2465 2396 2493 super

1383 2510 1575 2549 hujusmodi
1594 2510 1725 2547 negotio
1744 2514 1774 2539 et
1791 2509 1901 2547 ipsum
1917 2508 2188 2546 contingentibus
2205 2517 2239 2538 se
2261 2517 2396 2538 concor-

1384 2563 1480 2597 diter,
1493 2563 1681 2601 juramento
1699 2562 1848 2600 prestito,
1870 2561 2117 2595 submisissent,
2134 2561 2289 2591 omnibus
2306 2561 2395 2591 litte-

1385 2616 1431 2645 ris
1458 2625 1540 2654 quas
1566 2615 1744 2650 habebant,
1770 2615 1805 2644 in
1829 2615 1900 2653 ejus
1928 2614 2084 2644 manibus
2110 2614 2299 2651 resignatis,
2325 2623 2394 2649 nos,

1381 2669 1476 2706 juxta
1504 2668 1730 2706 provisionem
1758 2667 1865 2706 ipsius
1896 2667 2056 2705 episcopi,
2089 2666 2273 2697 venerabili
2300 2667 2397 2697 fratri

1385 2726 1498 2751 nostro
1520 2744 1539 2749 ..
1563 2720 1813 2758 archiepiscopo
1832 2719 2094 2757 Rothomagensi
2111 2724 2142 2749 01
2160 2742 2180 2748 ..
2198 2720 2300 2757 priori
2323 2729 2396 2758 pro-

1385 2773 1522 2804 vinciali
1545 2774 1685 2803 fratrum
1717 2773 1965 2803 Predicatorum
1990 2772 2025 2801 in
2050 2772 2206 2807 Francia,
2233 2773 2396 2802 associato

1385 2827 1433 2869 eis
1460 2827 1545 2856 dicto
1569 2826 1687 2856 abbate
1709 2825 1822 2856 Sancti
1842 2825 2008 2856 Johannis
2031 2825 2247 2860 Senonensis,
2268 2834 2397 2855 correc-

1384 2880 1509 2910 tionem
1525 2883 1555 2909 et
1575 2878 1846 2908 reformationem
1864 2878 1970 2916 ipsius
1987 2877 2126 2908 ecclesie
2143 2877 2297 2907 duximus
2313 2887 2396 2907 com-

1385 2932 1593 2962 mittendam.
1623 2931 1697 2967 Sed,
1722 2940 1797 2961 cum
1816 2931 2024 2970 postmodum
2050 2931 2215 2961 diceretur
2231 2931 2317 2969 quod
2336 2939 2396 2969 per
