2553 3526
149 299 207 329 305
956 286 1266 331 otwroazmun
1290 288 1447 324 ANNEE.
2188 308 2245 336 :itm

150 365 323 395 ecclesiam
338 363 530 393 calcaneum
547 362 737 399 erigentes&
751 361 842 392 illam
857 361 1086 400 multipliciter
1102 360 1160 388 im-

151 427 296 456 pugnare
311 420 517 455 presumunt,
532 424 589 453 per
600 415 748 444 diversas
764 415 951 453 provincias
967 413 1159 443 temerarios

149 469 346 500 destinando
364 473 546 507 questores,
565 468 621 506 qui
638 468 726 497 beati
743 468 880 497 Antonii
900 467 1034 496 nuntios
1052 476 1085 496 se
1103 476 1159 504 ap-

150 523 285 562 pellant,
304 526 344 557 et,
373 530 458 551 nunc
478 521 580 551 falsas
597 521 807 551 remissionis
823 520 952 550 litteras
969 519 1030 549 sub
1048 524 1159 548 nostro

151 576 285 606 nornine
314 575 597 610 demonstrantes,
629 583 717 603 nunc
745 583 820 603 ossa
851 573 958 611 ipsius
990 572 1095 602 sancti
1125 581 1159 601 se

150 629 350 659 mentientes
380 628 514 662 afferre,
546 627 724 666 aliquando
752 631 862 656 autem
892 635 987 656 veros
1019 626 1160 655 servito-

150 691 203 712 res
220 681 368 721 ejusdem
390 681 529 711 ecclesie
548 681 761 715 infamantes,
783 683 813 709 et
832 679 866 708 in
887 679 999 709 stratis
1016 678 1159 716 publicis

149 735 332 765 obicientes
356 743 427 764 sese
453 733 597 763 credulis
623 732 822 771 peregrinis,
839 732 1015 770 locumque
1039 732 1159 770 prefati

151 788 257 818 sancti
276 792 408 826 propter
430 787 595 816 latronum
619 786 760 815 insidias
783 785 1050 815 inaccessibilem
1069 794 1160 815 asse-

150 845 272 876 rentes,
291 840 490 871 elemosinas
516 839 649 869 nomine
666 848 725 868 suo
744 842 859 877 petunt
876 843 905 867 et
921 848 975 868 eas
992 838 1160 868 interdum

150 894 281 932 copiose
304 897 452 931 receptas
471 892 609 922 ecclesie
632 901 696 921 non
722 891 911 922 restituunt.
937 892 994 922 sed
1021 892 1161 930 turpiter

150 946 375 976 conversando
391 949 600 979 consumunt,
624 949 657 974 ut
679 945 717 973 de
739 944 813 974 aliis
830 944 1160 974 abhominationibus

152 1004 298 1030 taceatur
321 1008 415 1038 quas,
449 1008 597 1028 mensam
623 998 726 1028 linteo
755 1002 953 1036 coopertam,
978 999 1159 1036 suppositis

149 1053 282 1084 ossibus
307 1058 338 1083 et
362 1053 516 1082 manibus
539 1061 597 1082 seu
617 1052 756 1090 pedibus
778 1056 1010 1087 crematorum,
1033 1052 1159 1081 devotis

149 1106 279 1145 populis
302 1106 397 1144 quasi
419 1105 644 1135 venerabilem
667 1105 873 1139 exhibentes,
899 1105 938 1134 ad
961 1109 1159 1143 extorquen-

148 1159 226 1189 dum
242 1159 427 1189 oblationes
444 1163 607 1188 exercent.
633 1158 792 1188 Nolentes
812 1158 926 1195 igitur,
953 1158 1038 1187 sicut
1059 1158 1158 1187 etiam
1199 1183 1200 1186 ,

149 1221 209 1242 nec
224 1212 393 1246 debemus,
416 1216 504 1242 tante
528 1212 788 1250 presumptionis
811 1212 950 1241 abusum
973 1212 1159 1241 coniventi-

147 1265 209 1295 bus
239 1265 344 1295 oculis
373 1266 593 1303 pertransire,
624 1265 838 1294 universitati
871 1270 979 1294 vestre
1009 1265 1158 1294 districte

146 1318 360 1356 precipiendo
383 1318 579 1347 mandamus
604 1322 769 1356 quatenus
791 1317 916 1354 singuli
939 1322 1085 1347 vestrum
1109 1319 1157 1346 sa-

146 1371 243 1401 ciatis
260 1380 317 1409 per
332 1375 460 1400 vestras
479 1371 627 1400 dioceses
646 1376 676 1400 et
692 1370 884 1408 parrochias
901 1371 998 1399 annis
1015 1371 1157 1408 singulis

147 1423 277 1462 publice
295 1423 455 1458 nuntiari,
475 1423 603 1462 nequis
621 1423 820 1453 elemosinas
838 1432 914 1453 suas
932 1428 1042 1461 eroget
1059 1433 1156 1462 ques-

148 1476 274 1507 toribus
301 1476 544 1516 hujuscemodi,
575 1476 709 1506 nomine
733 1476 820 1506 beati
842 1477 991 1511 Antonii,
1018 1477 1075 1507 sed
1103 1486 1157 1507 eos

147 1530 289 1560 maxime
321 1530 378 1568 qui
408 1539 442 1560 se
471 1540 489 1559 a
519 1529 614 1560 nobis
640 1530 849 1559 remissionis
879 1530 1001 1560 habere
1030 1530 1157 1561 litteras

146 1583 366 1617 mentiuntur,
391 1587 560 1622 tamquam
581 1582 735 1612 falsarios
760 1587 988 1621 persequatur.
1013 1584 1059 1613 Ea
1081 1592 1157 1613 vero

147 1644 211 1674 que
227 1635 349 1666 talibus
362 1635 574 1674 questoribus
586 1635 748 1665 hactenus
765 1644 838 1666 esse
848 1635 967 1666 collata
984 1637 1156 1666 noveritis.

147 1689 196 1718 eis
212 1698 230 1718 a
249 1688 370 1727 quibus
387 1693 513 1718 extorta
529 1689 676 1724 fuerunt,
691 1689 833 1725 restitui,
854 1689 882 1719 si
900 1690 1068 1720 commode
1086 1690 1157 1719 fieri
1198 1696 1201 1700 ⁴

147 1741 278 1780 poterit,
308 1741 457 1775 faciatis;
492 1741 642 1780 alioquin
673 1741 814 1780 quilibet
840 1747 987 1772 vestrum
1012 1743 1045 1771 in
1077 1752 1157 1773 usus

146 1803 328 1832 pauperum
345 1803 403 1824 sue
420 1794 573 1827 diocesis,
592 1803 655 1833 que
670 1804 687 1823 a
705 1794 934 1832 parrochianis
952 1795 1022 1825 suis
1039 1796 1157 1825 consti-

147 1847 224 1877 terit
247 1852 368 1883 exacta,
396 1852 576 1877 convertat.
598 1848 865 1877 Contradictores
889 1853 949 1879 etc.
974 1850 1047 1879 Dat.
1073 1850 1158 1888 apud

143 1900 293 1938 Criptam
324 1901 511 1935 Fert-atam,
546 1901 591 1931 VI
627 1900 787 1930 kalendas
824 1902 1037 1939 septembris,
1070 1912 1157 1932 anno

145 1953 407 1992 quartodecimo.
429 1966 441 1979 »

215 2139 329 2166 528¹

180 2201 325 2235 Episcopo
335 2202 708 2236 Praenestin0,apostolico
719 2204 823 2237 legam,
836 2204 984 2238 significat
997 2214 1026 2231 se
1038 2214 1156 2232 causam

145 2258 219 2284 quae
238 2250 317 2276 inter
330 2250 466 2277 abbatem
485 2254 512 2277 et
533 2254 714 2277 conventum
731 2252 856 2286 Majoris
873 2253 1049 2281 Monasterii
1064 2254 1158 2281 Turo-

146 2298 258 2332 nensis,
274 2307 309 2325 ex
323 2307 383 2325 una
395 2302 487 2333 parte,
498 2302 527 2325 et
541 2300 678 2326 comitem
695 2301 877 2333 Blesensem,
892 2311 926 2329 ex
941 2304 1045 2336 altera,
1061 2308 1158 2331 verte-

145 2347 242 2380 batur,
272 2342 505 2381 Rothomagensi
534 2348 756 2383 archiepiscopo
783 2351 854 2377 olim
885 2352 1093 2384 commissam,
1122 2353 1158 2379 ad

145 2404 270 2423 examen
289 2397 479 2431 Apostolicae
501 2397 586 2423 Sedis
609 2406 740 2431 evocare,
767 2399 852 2432 eique
873 2400 996 2427 mandat
1014 2404 1158 2435 quatenus

145 2445 279 2480 partibus
304 2445 467 2472 terminum
492 2449 708 2480 competentem
738 2447 883 2481 assignet,
914 2457 969 2482 quo
998 2450 1158 2484 apostolico

145 2494 317 2529 conspectui
333 2503 363 2521 se
383 2498 582 2529 praesentent.
607 2510 639 2513 —
662 2497 748 2528 (Rae.
769 2496 813 2529 20,
837 2498 857 2524 f.
879 2498 968 2530 261·⁰;
985 2507 1055 2525 ann.
1074 2500 1157 2532 XIV,

143 2552 169 2571 c.
186 2544 254 2575 144;
271 2559 307 2562 —
322 2544 455 2572 MOREAU
473 2544 552 2577 1193,
570 2545 589 2571 f.
607 2545 657 2578 89;
674 2560 704 2564 —
719 2547 756 2572 cf.
774 2554 870 2580 supra,
888 2551 917 2573 n⁰
930 2548 1023 2579 4524.)

622 2140 726 2166 Grotta
742 2141 872 2171 Fert-ata,
889 2142 906 2167 5
921 2144 988 2168 aont
1006 2143 1084 2169 1240.

186 2657 199 2672 «
218 2667 239 2675 ..
257 2646 392 2684 episcopo
404 2647 607 2681 Premstinffl,
632 2648 795 2684 Apostolice
811 2648 895 2678 Sedis
912 2650 1017 2686 legyato.
1037 2650 1159 2680 Dilecti

143 2697 206 2727 filii
225 2721 246 2728 ..
267 2699 368 2729 abbas
385 2704 416 2729 et
432 2705 616 2729 conventus
633 2701 768 2739 Majoris
782 2702 976 2732 Monasterii
989 2704 1158 2734 Turonen-

144 2751 202 2787 siS‚
227 2751 314 2790 quod
338 2752 377 2781 ad
399 2753 585 2782 Romanam
607 2753 788 2783 Ecclesiam
812 2754 903 2784 nullo
927 2756 1070 2794 pertinet
1088 2766 1158 2787 me-

143 2804 267 2840 diante,
297 2805 393 2835 nobis
418 2805 594 2836 insinuare
619 2812 777 2836 curarunt
803 2808 900 2846 quod,
926 2818 999 2838 cuni
1023 2819 1156 2840 causam

177 2923 198 2947 1.
216 2922 467 2953 Cf.J0fflN.xl11,
487 2925 522 2948 18.

175 2966 198 2990 2.
215 2966 256 2991 Cf.
271 2967 311 2990 les
325 2968 450 2992 adresses
465 2969 513 2992 des
530 2969 621 3000 pieces
638 2970 698 2994 5007
713 2974 738 2994 et
751 2971 819 2996 5‘273.

269 3019 455 3050 Gaacomn
474 3027 527 3057 ix,
545 3030 564 3052 t.
585 3027 631 3052 111.

1244 369 1306 397 que
1328 361 1414 391 inter
1436 362 1536 400 ipsos,
1560 372 1596 393 ex
1619 373 1684 393 uua
1701 370 1802 402 parte,
1822 370 1849 395 et
1869 367 2010 397 nobilem
2029 370 2134 399 virum
2155 395 2172 400 ..
2192 383 2245 402 co-

1244 413 1356 442 mitem
1374 414 1577 446 Blcseusem.
1591 416 1805 447 Carnotcnsis
1820 419 1971 451 diocesis.
1988 430 2024 450 ex
2042 422 2155 459 altera,
2174 434 2246 454 ver-

1245 465 1334 499 titur,
1358 468 1540 497 venerabili
1566 469 1660 498 fratri
1684 474 1795 499 nostro
1813 494 1830 499 ..
1854 472 2113 511 Rothsnnagensi
2137 477 2247 506 archi-

1244 518 1394 556 episcopo
1412 520 1602 550 duxerimus
1628 523 1908 560 committendam,
1928 525 2014 555 inter
2031 532 2137 557 cetera
2155 538 2247 558 nian-

1243 571 1358 601 dantes
1375 572 1481 602 eidem
1506 578 1537 603 ut
1558 575 1708 604 custodes
1728 580 1758 605 et
1774 582 1916 607 armatos
1934 579 1973 607 ab
1990 580 2060 617 ipso
2079 582 2195 611 comite
2213 583 2246 611 in

1243 624 1355 654 eodem
1380 628 1581 657 monasterio
1607 632 1637 657 et
1662 629 1695 657 in
1722 629 1801 659 locis
1825 631 1863 660 ad
1887 632 1995 670 ipsum
2022 636 2248 671 spectantibus

1242 678 1376 715 positOS,
1397 679 1519 709 faceret
1543 681 1615 710 sine
1638 681 1830 713 difficultate.
1854 693 1891 714 ac
1919 685 2077 716 dilatione
2101 688 2249 725 qualibet

1243 732 1416 767 removeri,
1437 738 1467 762 et.
1493 733 1649 763 satisfieri
1675 735 1712 764 de
1734 736 1885 774 dampnis
1913 742 1943 767 et
1964 739 2098 778 injuriis
2122 741 2247 771 eisdem

1242 784 1353 814 abbati
1384 790 1414 814 et
1443 787 1620 815 conventui
1645 787 1799 825 irrogatis
1827 802 1832 819 :
1862 790 1947 820 idem
1980 792 2248 832 archiepiscopus

1242 838 1432 867 mandatum
1458 844 1605 869 nostrum
1625 850 1820 878 perannum
1844 848 1873 872 et
1893 844 2034 882 amplius
2058 855 2120 875 non
2142 847 2246 877 solum

1242 892 1359 929 exequi
1370 901 1433 921 non
1445 893 1583 924 curavit.
1596 903 1708 923 verum
1723 895 1821 924 etiam
1836 897 1986 927 abbatem
2003 903 2033 928 et.
2050 906 2247 930 conventum

1242 945 1390 980 gravavit
1407 945 1635 983 multipliciter
1654 948 1869 985 supradictos.
1890 951 2112 988 exceptionem
2130 954 2248 990 spolia—

1244 997 1343 1026 tionis
1360 1007 1396 1027 ex
1417 1004 1506 1035 parte
1524 999 1670 1036 ipsorum
1688 1005 1801 1030 contra
1818 1002 1940 1031 dictum
1960 1005 2112 1035 comitem
2132 1015 2248 1044 propo-

1242 1051 1338 1079 sitam
1352 1060 1461 1080 coram
1479 1061 1527 1085 eo,
1542 1052 1726 1084 admittere,
1745 1063 1781 1083 ac
1798 1063 1911 1083 eorum
1929 1060 2027 1086 testes
2044 1066 2142 1095 super
2159 1059 2248 1088 exhi-

1243 1103 1320 1133 bitis
1342 1104 1492 1133 articulis
1511 1114 1608 1143 supcr
1630 1106 1751 1143 quibus
1774 1107 1970 1145 interrogati
1990 1118 2046 1139 seu
2069 1111 2248 1141 examinati

1243 1166 1306 1186 non
1324 1157 1467 1187 fuerant'.
1494 1157 1699 1195 interrogare
1727 1169 1784 1189 seu
1804 1161 1992 1191 examinare
2017 1168 2130 1192 contra
2149 1165 2249 1202 justi-

1243 1211 1320 1239 liam
1336 1211 1529 1242 recusando,
1551 1211 1682 1241 citando
1700 1212 1797 1241 etiam
1816 1222 1869 1242 eos
1890 1214 1927 1242 ad
1950 1214 2056 1244 locum
2072 1216 2246 1246 incertum.

1241 1268 1274 1292 ut
1291 1272 1400 1292 coram
1422 1264 1503 1301 ipso,
1529 1264 1581 1293 die
1601 1269 1734 1297 statuta,
1759 1265 1815 1295 ubi
1833 1275 1907 1295 eum
1931 1276 2003 1297 esse
2027 1269 2246 1307 contingeret.

1241 1321 1482 1354 comparerent:
1509 1322 1639 1355 propter
1663 1318 1749 1356 quod
1770 1319 1939 1356 oportebat
1961 1320 2111 1351 abbatem
2129 1327 2159 1351 et
2179 1323 2248 1352 sin-

1241 1370 1348 1399 ‹licum
1368 1370 1487 1407 prefati
1502 1371 1696 1400 monasterii
1715 1376 1786 1409 post
1805 1372 2089 1412 archiepiscopum
2108 1376 2247 1406 eundem

1241 1423 1437 1453 discurrere.
1459 1432 1522 1452 non
1541 1423 1612 1452 sine
1630 1424 1786 1461 gravibus
1804 1425 1973 1455 laboribus
1988 1428 2199 1465 etexpensis3
2218 1433 2250 1459 et

1242 1475 1340 1505 otiam
1367 1475 1427 1504 hac
1446 1476 1619 1506 occasione
1643 1476 1822 1515 aliquando
1845 1478 1932 1508 ultra
1951 1485 2101 1517 quartam
2127 1481 2247 1511 dietam

1242 1533 1332 1559 extra
1353 1538 1446 1558 suam
1463 1529 1621 1558 diocesim
1647 1529 1871 1566 trahebantur,
1892 1531 1969 1561 licet
1984 1532 2018 1561 in
2035 1532 2155 1563 litteris
2173 1542 2249 1563 nos-

1242 1582 1301 1611 tris
1328 1582 1359 1611 id
1386 1581 1595 1612 inhiberetur
1618 1592 1781 1621 expresse.
1807 1585 1856 1619 Et,
1884 1593 1957 1614 cum
1981 1595 2037 1623 pro
2061 1587 2248 1617 manifestis

1241 1636 1390 1670 offensis,
1405 1636 1497 1674 juxta
1514 1635 1706 1665 mandatum
1724 1642 1884 1672 nostrum,
1904 1638 2010 1667 dictus
2027 1648 2146 1673 comes,
2162 1645 2250 1669 ante-

1241 1699 1340 1729 quam
1382 1689 1625 1720 absolveretur.
1668 1690 1887 1720 sufficientem
1928 1697 2073 1729 prestare
2117 1693 2250 1723 deberet

1241 1743 1425 1778 emendam,
1441 1743 1528 1773 idem
1546 1743 1814 1782 archiepiscopus
1831 1744 2084 1783 interloquendo
2100 1755 2247 1783 pronun-

1242 1797 1335 1826 tiavit
1355 1797 1517 1834 prefatum
1544 1797 1697 1826 comitem
1721 1796 1969 1830 absolvendum,
1988 1797 2079 1827 nulla
2096 1798 2248 1827 satisfac-

1241 1850 1329 1879 tione
1353 1858 1409 1887 pro
1438 1849 1519 1886 ipsis
1547 1849 1695 1886 prestita.
1724 1850 1837 1879 necin
1865 1850 2134 1887 pronuntiatione
2161 1851 2247 1889 quod

1241 1903 1332 1940 prius
1351 1906 1565 1940 prestaretur,
1580 1902 1722 1940 adject03
1741 1902 1928 1941 ipsumque,
1946 1903 2137 1932 custodibus
2150 1908 2180 1933 et
2196 1912 2248 1932 ar-

1198 1982 1199 1992 ,
1241 1955 1338 1985 matis
1355 1955 1425 1994 ejus
1446 1964 1462 1984 a
1482 1956 1609 1992 prefato
1629 1955 1829 1985 monasterio
1847 1960 1877 1985 et
1893 1955 1974 1985 locis
1994 1956 2032 1985 ad
2050 1956 2131 1985 illud
2147 1957 2248 1994 perti-

1243 2008 1398 2038 nentibus
1416 2017 1480 2036 non
1498 2008 1626 2037 amotis.
1647 2017 1705 2037 nec
1726 2008 1821 2037 bonis
1840 2009 1986 2046 ipsorum
2003 2009 2167 2038 restitutis
2185 2009 2250 2039 eis-

1241 2062 1325 2091 dem.
1345 2061 1430 2090 ultra
1450 2066 1600 2099 quartam
1615 2061 1748 2095 dietam,
1768 2070 1802 2091 ac
1820 2062 1979 2100 quosdam
1996 2062 2103 2100 ipsius
2117 2063 2247 2092 comitis

1198 2122 1199 2131 ¹
1241 2115 1404 2147 homines,
1426 2123 1482 2152 pro
1501 2114 1636 2153 injuriis
1653 2115 1776 2144 eisdem
1796 2115 1906 2144 abbati
1926 2120 1956 2144 et
1972 2115 2149 2145 conventui
2167 2115 2251 2144 irro-

1242 2168 1327 2205 gatis
1350 2167 1703 2197 excommunicationis
1725 2167 1856 2197 vinculo
1880 2168 2066 2204 innodatos,
2094 2169 2250 2206 predictis

1242 2220 1359 2250 abbate
1373 2225 1403 2250 et
1420 2224 1584 2250 conventu
1602 2230 1665 2249 non
1685 2220 1795 2250 citatis
1812 2221 1851 2250 ad
1869 2220 1928 2250 hoc
1946 2230 2004 2250 nec
2021 2221 2119 2251 etiam
2139 2222 2250 2259 requi-

1199 2290 1200 2303 :
1242 2274 1328 2308 sitis,
1348 2283 1411 2303 non
1423 2274 1528 2303 solum
1546 2274 1632 2303 ultra
1649 2279 1810 2312 quartam,
1830 2274 1930 2303 immo
1946 2274 2030 2303 ultra
2047 2275 2196 2312 quintam
2209 2275 2249 2303 ab

1242 2336 1355 2356 eorum
1377 2326 1500 2356 diocesi
1519 2331 1662 2356 remotus
1680 2327 1836 2361 existens,
1858 2327 2010 2356 absolvit.
2033 2327 2127 2357 Unde
2147 2327 2247 2356 iidem

1242 2379 1342 2408 abbas
1360 2384 1390 2409 et
1409 2383 1602 2415 conventus,
1622 2380 1803 2409 sentientes
1820 2380 1853 2408 in
1874 2380 1939 2409 biis
1958 2384 1988 2409 et
2005 2379 2079 2409 aliis
2099 2379 2246 2409 indebite

1242 2441 1276 2462 se
1293 2432 1435 2470 gravari,
1455 2437 1600 2461 nostram
1619 2432 1822 2461 audientiam
1838 2432 2055 2470 appellarunt..
2074 2433 2141 2461 Nos
2159 2440 2246 2468 vero,

1242 2486 1341 2515 tinem
1357 2485 1473 2514 litibus
1490 2485 1659 2523 imponere
1671 2485 1852 2522 cupientes,
1872 2494 1911 2514 ne
1929 2485 2114 2522 prorogatio
2129 2485 2247 2524 judicii

1242 2538 1390 2577 partibus
1408 2538 1451 2568 sit
1469 2538 1659 2576 dampnosa,
1676 2543 1706 2567 ct
1726 2538 1803 2576 quia
1821 2538 1871 2567 vix
1889 2538 2033 2567 creditur
2048 2538 2134 2567 idem
2152 2547 2249 2575 nego-

1241 2593 1322 2621 tium
1349 2601 1443 2630 posse
1469 2592 1502 2620 in
1531 2592 1680 2629 partibus
1706 2591 1774 2620 illis
1797 2591 1858 2621 hoc
1884 2597 2029 2629 tempore
2062 2591 2245 2625 terminari,

1241 2645 1348 2683 ipsum
1367 2645 1407 2674 ad
1423 2654 1558 2674 examen
1577 2645 1671 2675 Sedis
1687 2645 1886 2682 Apostolice,
1906 2645 1943 2674 de
1962 2646 2101 2674 fratrum
2118 2649 2246 2674 nostro-

1241 2709 1313 2729 rum
1331 2699 1480 2733 consilio,
1496 2709 1699 2734 revocamus,
1715 2700 1917 2729 fraternitati
1932 2706 1984 2730 tue
1999 2710 2055 2738 per
2068 2699 2247 2738 apostolica

1241 2753 1363 2790 scripta
1386 2752 1580 2782 mandantes
1604 2757 1767 2790 quatenus
1790 2752 1940 2790 assignes
1963 2752 2110 2790 partibus
2132 2753 2245 2782 termi-

1240 2815 1318 2835 num
1340 2805 1596 2843 peremptorium
1618 2809 1867 2843 competentem,
1895 2814 1958 2843 quo
1980 2814 2036 2843 per
2057 2814 2090 2835 se
2115 2804 2165 2834 vel
2191 2814 2247 2842 per

1240 2863 1468 2896 procuratores
1485 2858 1630 2893 idoneos,
1652 2867 1725 2887 cum
1750 2858 1844 2892 actis,
1862 2858 2080 2888 munimentis
2100 2862 2130 2887 et
2147 2858 2248 2886 ratio—

1240 2911 1337 2940 nibus
1360 2911 1445 2940 idem
1474 2911 1642 2948 negotium
1663 2910 1946 2948 contingentibus,
1977 2915 2088 2939 nostro
2114 2919 2147 2939 se
2169 2918 2247 2939 con-

1239 2963 2244 3003 spectuirepresentent,justam,actoreDomino.sententiam

2091 3030 2121 3054 20
