<?xml version="1.0" encoding="UTF-8"?>
<!DOCTYPE html PUBLIC "-//W3C//DTD XHTML 1.0 Transitional//EN"
    "http://www.w3.org/TR/xhtml1/DTD/xhtml1-transitional.dtd">
<html xmlns="http://www.w3.org/1999/xhtml" xml:lang="en" lang="en">
 <head>
  <title>
</title>
<meta http-equiv="Content-Type" content="text/html;charset=utf-8" />
  <meta name='ocr-system' content='tesseract 3.04.00' />
  <meta name='ocr-capabilities' content='ocr_page ocr_carea ocr_par ocr_line ocrx_word'/>
</head>
<body>
  <div class='ocr_page' id='page_1' title='image "./lesregistresdegr03cathuoft_0026.png"; bbox 0 0 2553 3526; ppageno 0'>
   <div class='ocr_carea' id='block_1_1' title="bbox 319 255 2420 301">
    <p class='ocr_par' dir='ltr' id='par_1_1' title="bbox 319 255 2420 301">
     <span class='ocr_line' id='line_1_1' title="bbox 319 255 2420 301; baseline -0.006 0"><span class='ocrx_word' id='word_1_1' title='bbox 319 272 350 301; x_wconf 77' lang='grc'>31</span> <span class='ocrx_word' id='word_1_2' title='bbox 1051 264 1288 296; x_wconf 68' lang='lat' dir='ltr'>REGISTREs</span> <span class='ocrx_word' id='word_1_3' title='bbox 1311 262 1365 291; x_wconf 83' lang='lat' dir='ltr'>DE</span> <span class='ocrx_word' id='word_1_4' title='bbox 1388 255 1610 293; x_wconf 72' lang='lat' dir='ltr'>GREffluRE</span> <span class='ocrx_word' id='word_1_5' title='bbox 1636 264 1692 293; x_wconf 76' lang='lat' dir='ltr'>tx.</span> <span class='ocrx_word' id='word_1_6' title='bbox 2384 262 2420 292; x_wconf 68' lang='lat'>32</span> 
     </span>
    </p>
   </div>
   <div class='ocr_carea' id='block_1_2' title="bbox 322 334 1342 1856">
    <p class='ocr_par' dir='ltr' id='par_1_2' title="bbox 322 334 1342 1856">
     <span class='ocr_line' id='line_1_2' title="bbox 322 334 1328 375; baseline -0.009 -9"><span class='ocrx_word' id='word_1_7' title='bbox 322 351 333 363; x_wconf 75' lang='grc' dir='ltr'>ι»</span> <span class='ocrx_word' id='word_1_8' title='bbox 360 341 569 375; x_wconf 39' lang='lat' dir='ltr'>procurator«.¹</span> <span class='ocrx_word' id='word_1_9' title='bbox 589 335 826 365; x_wconf 79' lang='lat' dir='ltr'>archidiaconi.</span> <span class='ocrx_word' id='word_1_10' title='bbox 849 335 904 372; x_wconf 81' lang='lat' dir='ltr'>qui</span> <span class='ocrx_word' id='word_1_11' title='bbox 926 334 1016 363; x_wconf 76' lang='lat' dir='ltr'>litem</span> <span class='ocrx_word' id='word_1_12' title='bbox 1036 334 1141 362; x_wconf 76' lang='lat' dir='ltr'>fuerat</span> <span class='ocrx_word' id='word_1_13' title='bbox 1164 334 1328 360; x_wconf 75' lang='lat' dir='ltr'>contesta-</span> 
     </span>
     <span class='ocr_line' id='line_1_3' title="bbox 323 386 1329 426; baseline -0.009 -7"><span class='ocrx_word' id='word_1_14' title='bbox 323 405 333 415; x_wconf 62' lang='grc' dir='ltr'>υ</span> <span class='ocrx_word' id='word_1_15' title='bbox 362 396 424 421; x_wconf 79' lang='lat' dir='ltr'>tus.</span> <span class='ocrx_word' id='word_1_16' title='bbox 445 398 576 419; x_wconf 79' lang='lat' dir='ltr'>reverso</span> <span class='ocrx_word' id='word_1_17' title='bbox 598 389 637 417; x_wconf 89' lang='lat' dir='ltr'>ad</span> <span class='ocrx_word' id='word_1_18' title='bbox 661 388 803 426; x_wconf 67' lang='grc'>1111111110,</span> <span class='ocrx_word' id='word_1_19' title='bbox 825 386 951 417; x_wconf 78' lang='lat' dir='ltr'>Sadoch</span> <span class='ocrx_word' id='word_1_20' title='bbox 973 390 1164 423; x_wconf 82' lang='lat' dir='ltr'>procurator</span> <span class='ocrx_word' id='word_1_21' title='bbox 1186 388 1234 412; x_wconf 76' lang='lat' dir='ltr'>cst</span> <span class='ocrx_word' id='word_1_22' title='bbox 1251 391 1329 411; x_wconf 89' lang='lat' dir='ltr'>cou-</span> 
     </span>
     <span class='ocr_line' id='line_1_4' title="bbox 322 439 1330 473; baseline -0.009 -1"><span class='ocrx_word' id='word_1_23' title='bbox 322 458 331 469; x_wconf 55' lang='lat' dir='ltr'>r&gt;</span> <span class='ocrx_word' id='word_1_24' title='bbox 358 444 495 472; x_wconf 78' lang='lat' dir='ltr'>stitutus</span> <span class='ocrx_word' id='word_1_25' title='bbox 512 442 551 471; x_wconf 86' lang='lat' dir='ltr'>ad</span> <span class='ocrx_word' id='word_1_26' title='bbox 571 442 769 471; x_wconf 82' lang='lat' dir='ltr'>sententiani</span> <span class='ocrx_word' id='word_1_27' title='bbox 788 439 999 469; x_wconf 61' lang='lat' dir='ltr'>audiendam.</span> <span class='ocrx_word' id='word_1_28' title='bbox 1024 440 1175 467; x_wconf 80' lang='lat' dir='ltr'>Demum.</span> <span class='ocrx_word' id='word_1_29' title='bbox 1200 440 1330 473; x_wconf 86' lang='lat' dir='ltr'>propter</span> 
     </span>
     <span class='ocr_line' id='line_1_5' title="bbox 322 489 1330 533; baseline -0.011 -8"><span class='ocrx_word' id='word_1_30' title='bbox 322 510 332 521; x_wconf 82' lang='lat'>»</span> <span class='ocrx_word' id='word_1_31' title='bbox 359 495 539 533; x_wconf 86' lang='lat' dir='ltr'>supradicti</span> <span class='ocrx_word' id='word_1_32' title='bbox 564 493 742 523; x_wconf 82' lang='lat' dir='ltr'>cardinalis</span> <span class='ocrx_word' id='word_1_33' title='bbox 769 492 971 521; x_wconf 82' lang='lat' dir='ltr'>absentiam.</span> <span class='ocrx_word' id='word_1_34' title='bbox 1002 491 1087 519; x_wconf 86' lang='lat' dir='ltr'>idem</span> <span class='ocrx_word' id='word_1_35' title='bbox 1116 489 1282 525; x_wconf 63' lang='lat' dir='ltr'>negotium</span> <span class='ocrx_word' id='word_1_36' title='bbox 1313 496 1330 515; x_wconf 83' lang='lat' dir='ltr'>a</span> 
     </span>
     <span class='ocr_line' id='line_1_6' title="bbox 323 540 1329 585; baseline -0.007 -10"><span class='ocrx_word' id='word_1_37' title='bbox 323 564 333 573; x_wconf 79' lang='lat'>»</span> <span class='ocrx_word' id='word_1_38' title='bbox 360 549 492 577; x_wconf 72' lang='lat' dir='ltr'>domino</span> <span class='ocrx_word' id='word_1_39' title='bbox 521 557 600 585; x_wconf 81' lang='lat' dir='ltr'>papa</span> <span class='ocrx_word' id='word_1_40' title='bbox 625 547 685 575; x_wconf 87' lang='lat' dir='ltr'>fuit</span> <span class='ocrx_word' id='word_1_41' title='bbox 711 545 880 574; x_wconf 62' lang='lat' dir='ltr'>audit-ntie</span> <span class='ocrx_word' id='word_1_42' title='bbox 905 549 1014 573; x_wconf 84' lang='lat' dir='ltr'>nostre</span> <span class='ocrx_word' id='word_1_43' title='bbox 1036 543 1262 572; x_wconf 85' lang='lat' dir='ltr'>commissum.</span> <span class='ocrx_word' id='word_1_44' title='bbox 1287 540 1329 568; x_wconf 86' lang='lat' dir='ltr'>Te</span> 
     </span>
     <span class='ocr_line' id='line_1_7' title="bbox 326 595 1331 638; baseline -0.01 -7"><span class='ocrx_word' id='word_1_45' title='bbox 326 616 334 625; x_wconf 57' lang='grc' dir='ltr'>ν</span> <span class='ocrx_word' id='word_1_46' title='bbox 362 602 463 638; x_wconf 63' lang='lat' dir='ltr'>igitur</span> <span class='ocrx_word' id='word_1_47' title='bbox 483 606 510 630; x_wconf 75' lang='lat' dir='ltr'>et</span> <span class='ocrx_word' id='word_1_48' title='bbox 533 599 683 638; x_wconf 47' lang='lat' dir='ltr'>§palm-h]</span> <span class='ocrx_word' id='word_1_49' title='bbox 698 598 856 636; x_wconf 77' lang='lat' dir='ltr'>jamdicto</span> <span class='ocrx_word' id='word_1_50' title='bbox 876 598 908 626; x_wconf 92' lang='lat' dir='ltr'>in</span> <span class='ocrx_word' id='word_1_51' title='bbox 932 601 1042 626; x_wconf 90' lang='lat' dir='ltr'>nostra</span> <span class='ocrx_word' id='word_1_52' title='bbox 1063 595 1229 633; x_wconf 71' lang='lat' dir='ltr'>presentia</span> <span class='ocrx_word' id='word_1_53' title='bbox 1253 602 1331 623; x_wconf 89' lang='lat' dir='ltr'>con-</span> 
     </span>
     <span class='ocr_line' id='line_1_8' title="bbox 326 648 1331 689; baseline -0.009 -6"><span class='ocrx_word' id='word_1_54' title='bbox 326 670 336 680; x_wconf 82' lang='lat'>»</span> <span class='ocrx_word' id='word_1_55' title='bbox 363 654 499 685; x_wconf 64' lang='lat' dir='ltr'>sumtis,</span> <span class='ocrx_word' id='word_1_56' title='bbox 530 658 557 682; x_wconf 79' lang='lat' dir='ltr'>et</span> <span class='ocrx_word' id='word_1_57' title='bbox 586 657 655 681; x_wconf 76' lang='lat' dir='ltr'>acta</span> <span class='ocrx_word' id='word_1_58' title='bbox 679 651 797 689; x_wconf 80' lang='lat' dir='ltr'>judicii</span> <span class='ocrx_word' id='word_1_59' title='bbox 824 650 1002 687; x_wconf 58' lang='lat' dir='ltr'>diligenter</span> <span class='ocrx_word' id='word_1_60' title='bbox 1032 648 1269 678; x_wconf 79' lang='lat' dir='ltr'>discussimus.</span> <span class='ocrx_word' id='word_1_61' title='bbox 1302 651 1331 675; x_wconf 84' lang='lat' dir='ltr'>et</span> 
     </span>
     <span class='ocr_line' id='line_1_9' title="bbox 327 699 1332 745; baseline -0.008 -10"><span class='ocrx_word' id='word_1_62' title='bbox 327 722 337 731; x_wconf 76' lang='grc' dir='ltr'>ι»</span> <span class='ocrx_word' id='word_1_63' title='bbox 365 708 458 745; x_wconf 70' lang='lat' dir='ltr'>plene</span> <span class='ocrx_word' id='word_1_64' title='bbox 483 706 671 735; x_wconf 75' lang='lat' dir='ltr'>andivimus</span> <span class='ocrx_word' id='word_1_65' title='bbox 698 714 760 742; x_wconf 83' lang='lat' dir='ltr'>que</span> <span class='ocrx_word' id='word_1_66' title='bbox 793 704 927 732; x_wconf 81' lang='lat' dir='ltr'>suerunt</span> <span class='ocrx_word' id='word_1_67' title='bbox 958 702 1034 730; x_wconf 86' lang='lat' dir='ltr'>hinc</span> <span class='ocrx_word' id='word_1_68' title='bbox 1066 701 1141 730; x_wconf 86' lang='lat' dir='ltr'>inde</span> <span class='ocrx_word' id='word_1_69' title='bbox 1166 699 1332 738; x_wconf 86' lang='lat' dir='ltr'>proposita</span> 
     </span>
     <span class='ocr_line' id='line_1_10' title="bbox 329 752 1332 793; baseline -0.009 -4"><span class='ocrx_word' id='word_1_70' title='bbox 329 774 339 783; x_wconf 52' lang='grc' dir='ltr'>»ν</span> <span class='ocrx_word' id='word_1_71' title='bbox 365 769 473 789; x_wconf 69' lang='lat' dir='ltr'>comni</span> <span class='ocrx_word' id='word_1_72' title='bbox 499 759 604 787; x_wconf 84' lang='lat' dir='ltr'>nohis.</span> <span class='ocrx_word' id='word_1_73' title='bbox 630 757 757 793; x_wconf 75' lang='lat' dir='ltr'>Quibus</span> <span class='ocrx_word' id='word_1_74' title='bbox 776 756 909 784; x_wconf 89' lang='lat' dir='ltr'>domino</span> <span class='ocrx_word' id='word_1_75' title='bbox 929 764 1008 792; x_wconf 88' lang='lat' dir='ltr'>pape</span> <span class='ocrx_word' id='word_1_76' title='bbox 1031 764 1065 783; x_wconf 84' lang='lat' dir='ltr'>ac</span> <span class='ocrx_word' id='word_1_77' title='bbox 1087 753 1245 782; x_wconf 84' lang='lat' dir='ltr'>fratribus</span> <span class='ocrx_word' id='word_1_78' title='bbox 1263 752 1332 780; x_wconf 90' lang='lat' dir='ltr'>suis</span> 
     </span>
     <span class='ocr_line' id='line_1_11' title="bbox 330 806 1333 846; baseline -0.01 -4"><span class='ocrx_word' id='word_1_79' title='bbox 330 827 339 839; x_wconf 65' lang='grc' dir='ltr'>υ</span> <span class='ocrx_word' id='word_1_80' title='bbox 366 812 506 842; x_wconf 85' lang='lat' dir='ltr'>tideliter</span> <span class='ocrx_word' id='word_1_81' title='bbox 523 810 681 844; x_wconf 71' lang='lat' dir='ltr'>recitatis.</span> <span class='ocrx_word' id='word_1_82' title='bbox 704 819 773 839; x_wconf 74' lang='lat' dir='ltr'>nos.</span> <span class='ocrx_word' id='word_1_83' title='bbox 793 810 830 838; x_wconf 85' lang='lat' dir='ltr'>de</span> <span class='ocrx_word' id='word_1_84' title='bbox 848 809 954 846; x_wconf 89' lang='lat' dir='ltr'>ipsius</span> <span class='ocrx_word' id='word_1_85' title='bbox 972 807 1126 836; x_wconf 87' lang='lat' dir='ltr'>mandato</span> <span class='ocrx_word' id='word_1_86' title='bbox 1146 811 1176 835; x_wconf 91' lang='lat' dir='ltr'>et</span> <span class='ocrx_word' id='word_1_87' title='bbox 1195 806 1333 834; x_wconf 80' lang='lat' dir='ltr'>fratrum</span> 
     </span>
     <span class='ocr_line' id='line_1_12' title="bbox 330 861 1336 900; baseline -0.009 -5"><span class='ocrx_word' id='word_1_88' title='bbox 330 880 340 891; x_wconf 73' lang='lat' dir='ltr'>n</span> <span class='ocrx_word' id='word_1_89' title='bbox 367 874 501 895; x_wconf 87' lang='lat' dir='ltr'>suorum</span> <span class='ocrx_word' id='word_1_90' title='bbox 522 864 672 893; x_wconf 83' lang='lat' dir='ltr'>consilio.</span> <span class='ocrx_word' id='word_1_91' title='bbox 694 872 791 892; x_wconf 85' lang='lat' dir='ltr'>causa</span> <span class='ocrx_word' id='word_1_92' title='bbox 808 872 907 900; x_wconf 78' lang='lat' dir='ltr'>super</span> <span class='ocrx_word' id='word_1_93' title='bbox 924 861 1086 899; x_wconf 80' lang='lat' dir='ltr'>petitorio.</span> <span class='ocrx_word' id='word_1_94' title='bbox 1108 868 1180 898; x_wconf 87' lang='lat' dir='ltr'>que.</span> <span class='ocrx_word' id='word_1_95' title='bbox 1206 863 1336 896; x_wconf 88' lang='lat' dir='ltr'>propter</span> 
     </span>
     <span class='ocr_line' id='line_1_13' title="bbox 331 912 1336 958; baseline -0.011 -9"><span class='ocrx_word' id='word_1_96' title='bbox 331 933 341 945; x_wconf 66' lang='lat'>»³</span> <span class='ocrx_word' id='word_1_97' title='bbox 367 919 506 958; x_wconf 87' lang='lat' dir='ltr'>quedam</span> <span class='ocrx_word' id='word_1_98' title='bbox 532 917 762 955; x_wconf 83' lang='lat' dir='ltr'>probationum</span> <span class='ocrx_word' id='word_1_99' title='bbox 787 914 1002 945; x_wconf 88' lang='lat' dir='ltr'>amminiculo</span> <span class='ocrx_word' id='word_1_100' title='bbox 1027 912 1222 948; x_wconf 56' lang='lat' dir='ltr'>indigentia.</span> <span class='ocrx_word' id='word_1_101' title='bbox 1251 916 1336 939; x_wconf 91' lang='lat' dir='ltr'>trac-</span> 
     </span>
     <span class='ocr_line' id='line_1_14' title="bbox 332 964 1336 1008; baseline -0.007 -9"><span class='ocrx_word' id='word_1_102' title='bbox 332 986 342 999; x_wconf 68' lang='grc'>»</span> <span class='ocrx_word' id='word_1_103' title='bbox 370 978 437 1001; x_wconf 87' lang='grc'>111111</span> <span class='ocrx_word' id='word_1_104' title='bbox 456 971 557 1000; x_wconf 85' lang='lat' dir='ltr'>t&#39;uturi</span> <span class='ocrx_word' id='word_1_105' title='bbox 573 970 729 1008; x_wconf 84' lang='lat' dir='ltr'>temporis</span> <span class='ocrx_word' id='word_1_106' title='bbox 745 968 945 1007; x_wconf 80' lang='lat' dir='ltr'>requirebat.</span> <span class='ocrx_word' id='word_1_107' title='bbox 962 967 995 996; x_wconf 89' lang='lat' dir='ltr'>in</span> <span class='ocrx_word' id='word_1_108' title='bbox 1010 975 1069 996; x_wconf 90' lang='lat' dir='ltr'>suo</span> <span class='ocrx_word' id='word_1_109' title='bbox 1082 970 1169 995; x_wconf 85' lang='lat' dir='ltr'>statu</span> <span class='ocrx_word' id='word_1_110' title='bbox 1188 964 1336 1002; x_wconf 82' lang='lat' dir='ltr'>partibus</span> 
     </span>
     <span class='ocr_line' id='line_1_15' title="bbox 333 1017 1337 1058; baseline -0.01 -3"><span class='ocrx_word' id='word_1_111' title='bbox 333 1040 344 1051; x_wconf 79' lang='lat'>»</span> <span class='ocrx_word' id='word_1_112' title='bbox 371 1029 548 1055; x_wconf 75' lang='lat' dir='ltr'>reservata.</span> <span class='ocrx_word' id='word_1_113' title='bbox 574 1023 612 1052; x_wconf 90' lang='lat' dir='ltr'>ad</span> <span class='ocrx_word' id='word_1_114' title='bbox 633 1023 835 1052; x_wconf 71' lang='lat' dir='ltr'>decisionem</span> <span class='ocrx_word' id='word_1_115' title='bbox 862 1020 1070 1058; x_wconf 81' lang='lat' dir='ltr'>possessorii.</span> <span class='ocrx_word' id='word_1_116' title='bbox 1093 1019 1131 1048; x_wconf 79' lang='lat' dir='ltr'>de</span> <span class='ocrx_word' id='word_1_117' title='bbox 1153 1027 1217 1056; x_wconf 83' lang='lat' dir='ltr'>quo</span> <span class='ocrx_word' id='word_1_118' title='bbox 1239 1017 1337 1047; x_wconf 82' lang='lat' dir='ltr'>claris</span> 
     </span>
     <span class='ocr_line' id='line_1_16' title="bbox 334 1072 1338 1117; baseline -0.007 -12"><span class='ocrx_word' id='word_1_119' title='bbox 334 1092 344 1105; x_wconf 77' lang='lat'>1)</span> <span class='ocrx_word' id='word_1_120' title='bbox 370 1079 474 1117; x_wconf 86' lang='lat' dir='ltr'>liquet</span> <span class='ocrx_word' id='word_1_121' title='bbox 498 1076 759 1115; x_wconf 82' lang='lat' dir='ltr'>probationibus.</span> <span class='ocrx_word' id='word_1_122' title='bbox 786 1074 991 1103; x_wconf 72' lang='lat' dir='ltr'>accedentes.</span> <span class='ocrx_word' id='word_1_123' title='bbox 1015 1072 1239 1110; x_wconf 80' lang='lat' dir='ltr'>suprascripto</span> <span class='ocrx_word' id='word_1_124' title='bbox 1264 1079 1338 1108; x_wconf 88' lang='lat' dir='ltr'>pro-</span> 
     </span>
     <span class='ocr_line' id='line_1_17' title="bbox 333 1125 1339 1170; baseline -0.008 -9"><span class='ocrx_word' id='word_1_125' title='bbox 333 1146 345 1158; x_wconf 66' lang='lat' dir='ltr'>n</span> <span class='ocrx_word' id='word_1_126' title='bbox 371 1141 465 1162; x_wconf 83' lang='lat' dir='ltr'>cessu</span> <span class='ocrx_word' id='word_1_127' title='bbox 485 1131 634 1170; x_wconf 77' lang='lat' dir='ltr'>judicum</span> <span class='ocrx_word' id='word_1_128' title='bbox 653 1129 691 1158; x_wconf 86' lang='lat' dir='ltr'>de</span> <span class='ocrx_word' id='word_1_129' title='bbox 713 1129 815 1158; x_wconf 83' lang='lat' dir='ltr'>Thani</span> <span class='ocrx_word' id='word_1_130' title='bbox 834 1128 928 1156; x_wconf 89' lang='lat' dir='ltr'>irrito</span> <span class='ocrx_word' id='word_1_131' title='bbox 946 1127 1109 1155; x_wconf 81' lang='lat' dir='ltr'>nuntiato.</span> <span class='ocrx_word' id='word_1_132' title='bbox 1133 1125 1339 1154; x_wconf 85' lang='lat' dir='ltr'>archidiaco-</span> 
     </span>
     <span class='ocr_line' id='line_1_18' title="bbox 332 1178 1338 1219; baseline -0.008 -5"><span class='ocrx_word' id='word_1_133' title='bbox 332 1200 345 1211; x_wconf 67' lang='grc'>»</span> <span class='ocrx_word' id='word_1_134' title='bbox 373 1195 450 1215; x_wconf 90' lang='lat' dir='ltr'>num</span> <span class='ocrx_word' id='word_1_135' title='bbox 471 1188 688 1213; x_wconf 85' lang='lat' dir='ltr'>memoratum</span> <span class='ocrx_word' id='word_1_136' title='bbox 709 1187 739 1211; x_wconf 79' lang='lat' dir='ltr'>et</span> <span class='ocrx_word' id='word_1_137' title='bbox 756 1185 1001 1219; x_wconf 80' lang='lat' dir='ltr'>procuratorem</span> <span class='ocrx_word' id='word_1_138' title='bbox 1019 1188 1115 1208; x_wconf 87' lang='lat' dir='ltr'>suum</span> <span class='ocrx_word' id='word_1_139' title='bbox 1139 1178 1197 1207; x_wconf 81' lang='lat' dir='ltr'>tibi</span> <span class='ocrx_word' id='word_1_140' title='bbox 1215 1183 1244 1207; x_wconf 82' lang='lat' dir='ltr'>et</span> <span class='ocrx_word' id='word_1_141' title='bbox 1268 1187 1338 1215; x_wconf 91' lang='lat' dir='ltr'>pro-</span> 
     </span>
     <span class='ocr_line' id='line_1_19' title="bbox 333 1231 1338 1272; baseline -0.009 -4"><span class='ocrx_word' id='word_1_142' title='bbox 333 1254 343 1265; x_wconf 87' lang='lat'>»</span> <span class='ocrx_word' id='word_1_143' title='bbox 370 1238 513 1269; x_wconf 79' lang='lat' dir='ltr'>curatori</span> <span class='ocrx_word' id='word_1_144' title='bbox 534 1242 588 1265; x_wconf 89' lang='lat' dir='ltr'>tuo</span> <span class='ocrx_word' id='word_1_145' title='bbox 609 1236 647 1265; x_wconf 86' lang='lat' dir='ltr'>ad</span> <span class='ocrx_word' id='word_1_146' title='bbox 665 1234 830 1272; x_wconf 82' lang='lat' dir='ltr'>sepedicte</span> <span class='ocrx_word' id='word_1_147' title='bbox 854 1233 1100 1261; x_wconf 74' lang='lat' dir='ltr'>restitutionem</span> <span class='ocrx_word' id='word_1_148' title='bbox 1123 1231 1273 1266; x_wconf 74' lang='lat' dir='ltr'>ecclesie,</span> <span class='ocrx_word' id='word_1_149' title='bbox 1303 1239 1338 1259; x_wconf 81' lang='lat' dir='ltr'>ac</span> 
     </span>
     <span class='ocr_line' id='line_1_20' title="bbox 334 1285 1339 1321; baseline -0.008 -1"><span class='ocrx_word' id='word_1_150' title='bbox 334 1306 344 1318; x_wconf 64' lang='lat' dir='ltr'>u</span> <span class='ocrx_word' id='word_1_151' title='bbox 370 1292 568 1321; x_wconf 77' lang='lat' dir='ltr'>solutionem</span> <span class='ocrx_word' id='word_1_152' title='bbox 605 1294 737 1318; x_wconf 81' lang='lat' dir='ltr'>centnm</span> <span class='ocrx_word' id='word_1_153' title='bbox 772 1295 956 1316; x_wconf 86' lang='lat' dir='ltr'>marcarum</span> <span class='ocrx_word' id='word_1_154' title='bbox 988 1285 1248 1320; x_wconf 58' lang='lat' dir='ltr'>sterlinguorum</span> <span class='ocrx_word' id='word_1_155' title='bbox 1283 1292 1339 1321; x_wconf 90' lang='lat' dir='ltr'>pro</span> 
     </span>
     <span class='ocr_line' id='line_1_21' title="bbox 334 1336 1339 1376; baseline -0.009 -2"><span class='ocrx_word' id='word_1_156' title='bbox 334 1360 344 1371; x_wconf 64' lang='grc' dir='ltr'>υ</span> <span class='ocrx_word' id='word_1_157' title='bbox 370 1345 533 1374; x_wconf 78' lang='lat' dir='ltr'>fructibus</span> <span class='ocrx_word' id='word_1_158' title='bbox 550 1348 612 1371; x_wconf 85' lang='lat' dir='ltr'>tam</span> <span class='ocrx_word' id='word_1_159' title='bbox 626 1346 700 1371; x_wconf 82' lang='lat' dir='ltr'>ante</span> <span class='ocrx_word' id='word_1_160' title='bbox 718 1341 808 1370; x_wconf 84' lang='lat' dir='ltr'>litem</span> <span class='ocrx_word' id='word_1_161' title='bbox 826 1343 1042 1369; x_wconf 67' lang='lat' dir='ltr'>contestatam</span> <span class='ocrx_word' id='word_1_162' title='bbox 1061 1346 1158 1376; x_wconf 89' lang='lat' dir='ltr'>quam</span> <span class='ocrx_word' id='word_1_163' title='bbox 1175 1342 1246 1375; x_wconf 80' lang='lat' dir='ltr'>post</span> <span class='ocrx_word' id='word_1_164' title='bbox 1263 1336 1339 1365; x_wconf 88' lang='lat' dir='ltr'>inde</span> 
     </span>
     <span class='ocr_line' id='line_1_22' title="bbox 333 1390 1340 1436; baseline -0.006 -12"><span class='ocrx_word' id='word_1_165' title='bbox 333 1412 344 1424; x_wconf 75' lang='lat'>»</span> <span class='ocrx_word' id='word_1_166' title='bbox 370 1397 532 1436; x_wconf 72' lang='lat' dir='ltr'>perceptis</span> <span class='ocrx_word' id='word_1_167' title='bbox 555 1396 593 1425; x_wconf 88' lang='lat' dir='ltr'>de</span> <span class='ocrx_word' id='word_1_168' title='bbox 613 1393 849 1424; x_wconf 81' lang='lat' dir='ltr'>oblationibus.</span> <span class='ocrx_word' id='word_1_169' title='bbox 876 1392 984 1423; x_wconf 72' lang='lat' dir='ltr'>terris,</span> <span class='ocrx_word' id='word_1_170' title='bbox 1010 1391 1148 1420; x_wconf 84' lang='lat' dir='ltr'>decimis</span> <span class='ocrx_word' id='word_1_171' title='bbox 1166 1395 1196 1419; x_wconf 93' lang='lat' dir='ltr'>et</span> <span class='ocrx_word' id='word_1_172' title='bbox 1214 1390 1340 1419; x_wconf 85' lang='lat' dir='ltr'>molen-</span> 
     </span>
     <span class='ocr_line' id='line_1_23' title="bbox 332 1443 1338 1488; baseline -0.01 -8"><span class='ocrx_word' id='word_1_173' title='bbox 332 1465 344 1478; x_wconf 73' lang='lat' dir='ltr'>n</span> <span class='ocrx_word' id='word_1_174' title='bbox 370 1451 458 1480; x_wconf 89' lang='lat' dir='ltr'>dinis</span> <span class='ocrx_word' id='word_1_175' title='bbox 477 1449 582 1488; x_wconf 83' lang='lat' dir='ltr'>ipsius</span> <span class='ocrx_word' id='word_1_176' title='bbox 600 1447 748 1479; x_wconf 72' lang='lat' dir='ltr'>ecclesie,</span> <span class='ocrx_word' id='word_1_177' title='bbox 778 1444 1026 1475; x_wconf 79' lang='lat' dir='ltr'>sententialiter</span> <span class='ocrx_word' id='word_1_178' title='bbox 1045 1443 1338 1481; x_wconf 81' lang='lat' dir='ltr'>condempnanius.</span> 
     </span>
     <span class='ocr_line' id='line_1_24' title="bbox 334 1495 1339 1540; baseline -0.01 -7"><span class='ocrx_word' id='word_1_179' title='bbox 334 1518 346 1531; x_wconf 65' lang='lat' dir='ltr'>»v</span> <span class='ocrx_word' id='word_1_180' title='bbox 371 1503 586 1540; x_wconf 86' lang='lat' dir='ltr'>Questionem</span> <span class='ocrx_word' id='word_1_181' title='bbox 611 1510 686 1530; x_wconf 81' lang='lat' dir='ltr'>vero</span> <span class='ocrx_word' id='word_1_182' title='bbox 709 1508 807 1536; x_wconf 83' lang='lat' dir='ltr'>super</span> <span class='ocrx_word' id='word_1_183' title='bbox 828 1497 994 1535; x_wconf 72' lang='lat' dir='ltr'>expensis,</span> <span class='ocrx_word' id='word_1_184' title='bbox 1015 1505 1088 1525; x_wconf 80' lang='lat' dir='ltr'>cum</span> <span class='ocrx_word' id='word_1_185' title='bbox 1111 1496 1149 1526; x_wconf 83' lang='lat' dir='ltr'>de</span> <span class='ocrx_word' id='word_1_186' title='bbox 1173 1495 1264 1525; x_wconf 81' lang='lat' dir='ltr'>sacili</span> <span class='ocrx_word' id='word_1_187' title='bbox 1290 1495 1339 1524; x_wconf 89' lang='lat' dir='ltr'>di-</span> 
     </span>
     <span class='ocr_line' id='line_1_25' title="bbox 334 1550 1341 1593; baseline -0.008 -7"><span class='ocrx_word' id='word_1_188' title='bbox 334 1572 346 1583; x_wconf 86' lang='lat'>»</span> <span class='ocrx_word' id='word_1_189' title='bbox 372 1556 498 1593; x_wconf 72' lang='lat' dir='ltr'>stingui</span> <span class='ocrx_word' id='word_1_190' title='bbox 514 1564 577 1585; x_wconf 88' lang='lat' dir='ltr'>non</span> <span class='ocrx_word' id='word_1_191' title='bbox 596 1554 698 1592; x_wconf 81' lang='lat' dir='ltr'>possit</span> <span class='ocrx_word' id='word_1_192' title='bbox 715 1562 778 1591; x_wconf 79' lang='lat' dir='ltr'>que</span> <span class='ocrx_word' id='word_1_193' title='bbox 795 1552 827 1581; x_wconf 91' lang='lat' dir='ltr'>in</span> <span class='ocrx_word' id='word_1_194' title='bbox 848 1551 1070 1590; x_wconf 66' lang='lat' dir='ltr'>possessionis</span> <span class='ocrx_word' id='word_1_195' title='bbox 1088 1556 1118 1579; x_wconf 90' lang='lat' dir='ltr'>et</span> <span class='ocrx_word' id='word_1_196' title='bbox 1135 1559 1197 1588; x_wconf 85' lang='lat' dir='ltr'>que</span> <span class='ocrx_word' id='word_1_197' title='bbox 1215 1550 1247 1578; x_wconf 89' lang='lat' dir='ltr'>iu</span> <span class='ocrx_word' id='word_1_198' title='bbox 1268 1558 1341 1587; x_wconf 85' lang='lat' dir='ltr'>pro-</span> 
     </span>
     <span class='ocr_line' id='line_1_26' title="bbox 335 1603 1342 1648; baseline -0.008 -9"><span class='ocrx_word' id='word_1_199' title='bbox 335 1624 347 1636; x_wconf 77' lang='lat'>»</span> <span class='ocrx_word' id='word_1_200' title='bbox 374 1609 522 1648; x_wconf 72' lang='lat' dir='ltr'>prietatis</span> <span class='ocrx_word' id='word_1_201' title='bbox 540 1606 769 1646; x_wconf 70' lang='lat' dir='ltr'>prosecutione</span> <span class='ocrx_word' id='word_1_202' title='bbox 786 1605 853 1634; x_wconf 86' lang='lat' dir='ltr'>sint.</span> <span class='ocrx_word' id='word_1_203' title='bbox 872 1605 968 1634; x_wconf 86' lang='lat' dir='ltr'>facte.</span> <span class='ocrx_word' id='word_1_204' title='bbox 987 1613 1091 1641; x_wconf 83' lang='lat' dir='ltr'>usque</span> <span class='ocrx_word' id='word_1_205' title='bbox 1111 1603 1150 1632; x_wconf 83' lang='lat' dir='ltr'>ad</span> <span class='ocrx_word' id='word_1_206' title='bbox 1168 1603 1266 1631; x_wconf 81' lang='lat' dir='ltr'>linem</span> <span class='ocrx_word' id='word_1_207' title='bbox 1286 1612 1342 1640; x_wconf 90' lang='lat' dir='ltr'>pe-</span> 
     </span>
     <span class='ocr_line' id='line_1_27' title="bbox 335 1657 1342 1696; baseline -0.009 -3"><span class='ocrx_word' id='word_1_208' title='bbox 335 1678 346 1689; x_wconf 88' lang='lat'>»</span> <span class='ocrx_word' id='word_1_209' title='bbox 373 1663 475 1692; x_wconf 87' lang='lat' dir='ltr'>titorii</span> <span class='ocrx_word' id='word_1_210' title='bbox 502 1661 656 1691; x_wconf 81' lang='lat' dir='ltr'>duximus</span> <span class='ocrx_word' id='word_1_211' title='bbox 683 1658 961 1696; x_wconf 70' lang='lat' dir='ltr'>suspendendum.</span> <span class='ocrx_word' id='word_1_212' title='bbox 993 1657 1162 1689; x_wconf 75' lang='lat' dir='ltr'>Ceterum,</span> <span class='ocrx_word' id='word_1_213' title='bbox 1200 1665 1239 1685; x_wconf 90' lang='lat' dir='ltr'>ne</span> <span class='ocrx_word' id='word_1_214' title='bbox 1266 1664 1342 1684; x_wconf 88' lang='lat' dir='ltr'>sen-</span> 
     </span>
     <span class='ocr_line' id='line_1_28' title="bbox 336 1708 1342 1748; baseline -0.01 -2"><span class='ocrx_word' id='word_1_215' title='bbox 336 1730 346 1742; x_wconf 81' lang='lat'>»</span> <span class='ocrx_word' id='word_1_216' title='bbox 374 1716 474 1746; x_wconf 84' lang='lat' dir='ltr'>tentie</span> <span class='ocrx_word' id='word_1_217' title='bbox 506 1715 569 1744; x_wconf 91' lang='lat' dir='ltr'>late</span> <span class='ocrx_word' id='word_1_218' title='bbox 603 1714 730 1743; x_wconf 87' lang='lat' dir='ltr'>deesset</span> <span class='ocrx_word' id='word_1_219' title='bbox 760 1711 807 1741; x_wconf 82' lang='lat' dir='ltr'>vel</span> <span class='ocrx_word' id='word_1_220' title='bbox 836 1711 998 1748; x_wconf 81' lang='lat' dir='ltr'>scripture</span> <span class='ocrx_word' id='word_1_221' title='bbox 1030 1709 1259 1747; x_wconf 72' lang='lat' dir='ltr'>sollempnitas</span> <span class='ocrx_word' id='word_1_222' title='bbox 1294 1708 1342 1737; x_wconf 79' lang='lat' dir='ltr'>rel</span> 
     </span>
     <span class='ocr_line' id='line_1_29' title="bbox 374 1762 1342 1800; baseline -0.009 -2"><span class='ocrx_word' id='word_1_223' title='bbox 374 1768 502 1798; x_wconf 85' lang='lat' dir='ltr'>cautela</span> <span class='ocrx_word' id='word_1_224' title='bbox 531 1766 698 1800; x_wconf 75' lang='lat' dir='ltr'>memorie,</span> <span class='ocrx_word' id='word_1_225' title='bbox 729 1764 869 1794; x_wconf 78' lang='lat' dir='ltr'>fecimus</span> <span class='ocrx_word' id='word_1_226' title='bbox 898 1763 1003 1800; x_wconf 90' lang='lat' dir='ltr'>ipsam</span> <span class='ocrx_word' id='word_1_227' title='bbox 1027 1767 1058 1792; x_wconf 87' lang='lat' dir='ltr'>et.</span> <span class='ocrx_word' id='word_1_228' title='bbox 1084 1762 1216 1800; x_wconf 85' lang='lat' dir='ltr'>publica</span> <span class='ocrx_word' id='word_1_229' title='bbox 1243 1770 1342 1790; x_wconf 87' lang='lat' dir='ltr'>manu</span> 
     </span>
     <span class='ocr_line' id='line_1_30' title="bbox 338 1815 1233 1856; baseline -0.01 -5"><span class='ocrx_word' id='word_1_230' title='bbox 338 1838 347 1847; x_wconf 78' lang='lat'>»</span> <span class='ocrx_word' id='word_1_231' title='bbox 374 1821 538 1851; x_wconf 60' lang='lat' dir='ltr'>emiserim</span> <span class='ocrx_word' id='word_1_232' title='bbox 555 1825 583 1849; x_wconf 90' lang='lat' dir='ltr'>et</span> <span class='ocrx_word' id='word_1_233' title='bbox 601 1818 704 1856; x_wconf 72' lang='lat' dir='ltr'>sigilli</span> <span class='ocrx_word' id='word_1_234' title='bbox 723 1817 826 1846; x_wconf 85' lang='lat' dir='ltr'>nostri</span> <span class='ocrx_word' id='word_1_235' title='bbox 842 1816 1043 1854; x_wconf 81' lang='lat' dir='ltr'>appensione</span> <span class='ocrx_word' id='word_1_236' title='bbox 1062 1815 1197 1844; x_wconf 85' lang='grc'>1111111111.</span> <span class='ocrx_word' id='word_1_237' title='bbox 1222 1829 1233 1839; x_wconf 67' lang='lat'>1&gt;</span> 
     </span>
    </p>
   </div>
   <div class='ocr_carea' id='block_1_3' title="bbox 336 1784 340 1795">
    <p class='ocr_par' dir='ltr' id='par_1_3' title="bbox 336 1784 340 1795">
     <span class='ocr_line' id='line_1_31' title="bbox 336 1784 340 1795; baseline 0 0"><span class='ocrx_word' id='word_1_238' title='bbox 336 1784 340 1795; x_wconf 82' lang='grc'>1</span> 
     </span>
    </p>
   </div>
   <div class='ocr_carea' id='block_1_4' title="bbox 403 1988 1269 2024">
    <p class='ocr_par' dir='ltr' id='par_1_4' title="bbox 403 1988 1269 2024">
     <span class='ocr_line' id='line_1_32' title="bbox 403 1988 1269 2024; baseline -0.012 -1"><span class='ocrx_word' id='word_1_239' title='bbox 403 1995 522 2024; x_wconf 70' lang='grc'>4839</span> <span class='ocrx_word' id='word_1_240' title='bbox 916 1991 1036 2019; x_wconf 68' lang='lat' dir='ltr'>Lau-an,</span> <span class='ocrx_word' id='word_1_241' title='bbox 1051 1989 1085 2015; x_wconf 74' lang='lat'>20</span> <span class='ocrx_word' id='word_1_242' title='bbox 1101 1988 1177 2014; x_wconf 78' lang='lat' dir='ltr'>avril</span> <span class='ocrx_word' id='word_1_243' title='bbox 1192 1988 1269 2014; x_wconf 67' lang='lat'>1239.</span> 
     </span>
    </p>
   </div>
   <div class='ocr_carea' id='block_1_5' title="bbox 332 2050 1343 2283">
    <p class='ocr_par' dir='ltr' id='par_1_5' title="bbox 332 2050 1343 2283">
     <span class='ocr_line' id='line_1_33' title="bbox 368 2050 1343 2088; baseline -0.009 -5"><span class='ocrx_word' id='word_1_244' title='bbox 368 2058 483 2088; x_wconf 74' lang='lat' dir='ltr'>Ottoni,</span> <span class='ocrx_word' id='word_1_245' title='bbox 508 2057 611 2083; x_wconf 72' lang='lat' dir='ltr'>Sancti</span> <span class='ocrx_word' id='word_1_246' title='bbox 628 2055 745 2082; x_wconf 72' lang='lat' dir='ltr'>Nicolai</span> <span class='ocrx_word' id='word_1_247' title='bbox 764 2054 792 2080; x_wconf 89' lang='lat' dir='ltr'>in</span> <span class='ocrx_word' id='word_1_248' title='bbox 811 2054 934 2081; x_wconf 60' lang='lat' dir='ltr'>Cart-ere</span> <span class='ocrx_word' id='word_1_249' title='bbox 951 2052 1090 2078; x_wconf 80' lang='lat' dir='ltr'>Tulliano</span> <span class='ocrx_word' id='word_1_250' title='bbox 1107 2051 1229 2076; x_wconf 70' lang='lat' dir='ltr'>diacono</span> <span class='ocrx_word' id='word_1_251' title='bbox 1246 2050 1343 2076; x_wconf 81' lang='lat' dir='ltr'>cardi-</span> 
     </span>
     <span class='ocr_line' id='line_1_34' title="bbox 333 2099 1340 2138; baseline -0.011 -3"><span class='ocrx_word' id='word_1_252' title='bbox 333 2109 406 2138; x_wconf 80' lang='lat' dir='ltr'>nali,</span> <span class='ocrx_word' id='word_1_253' title='bbox 428 2108 463 2132; x_wconf 61' lang='grc'>110</span> <span class='ocrx_word' id='word_1_254' title='bbox 487 2106 587 2132; x_wconf 79' lang='lat' dir='ltr'>eadem</span> <span class='ocrx_word' id='word_1_255' title='bbox 615 2113 644 2130; x_wconf 83' lang='lat' dir='ltr'>re</span> <span class='ocrx_word' id='word_1_256' title='bbox 672 2104 813 2130; x_wconf 79' lang='lat' dir='ltr'>scribens.</span> <span class='ocrx_word' id='word_1_257' title='bbox 844 2102 963 2127; x_wconf 84' lang='lat' dir='ltr'>mandat</span> <span class='ocrx_word' id='word_1_258' title='bbox 989 2104 1133 2134; x_wconf 78' lang='lat' dir='ltr'>quatenus</span> <span class='ocrx_word' id='word_1_259' title='bbox 1160 2099 1340 2133; x_wconf 68' lang='lat' dir='ltr'>praedictam</span> 
     </span>
     <span class='ocr_line' id='line_1_35' title="bbox 332 2148 1343 2184; baseline -0.01 -1"><span class='ocrx_word' id='word_1_260' title='bbox 332 2158 474 2184; x_wconf 73' lang='lat' dir='ltr'>Thomae.</span> <span class='ocrx_word' id='word_1_261' title='bbox 489 2154 571 2181; x_wconf 80' lang='lat' dir='ltr'>tituli</span> <span class='ocrx_word' id='word_1_262' title='bbox 589 2154 716 2180; x_wconf 73' lang='lat' dir='ltr'>Sanctae</span> <span class='ocrx_word' id='word_1_263' title='bbox 738 2151 866 2178; x_wconf 76' lang='lat' dir='ltr'>Sabinae</span> <span class='ocrx_word' id='word_1_264' title='bbox 893 2149 1056 2184; x_wconf 73' lang='lat' dir='ltr'>presbyteri</span> <span class='ocrx_word' id='word_1_265' title='bbox 1081 2148 1252 2179; x_wconf 80' lang='lat' dir='ltr'>cardinalis,</span> <span class='ocrx_word' id='word_1_266' title='bbox 1277 2156 1343 2173; x_wconf 82' lang='lat' dir='ltr'>sen-</span> 
     </span>
     <span class='ocr_line' id='line_1_36' title="bbox 333 2195 1342 2232; baseline -0.011 0"><span class='ocrx_word' id='word_1_267' title='bbox 333 2206 458 2232; x_wconf 81' lang='lat' dir='ltr'>tentiam</span> <span class='ocrx_word' id='word_1_268' title='bbox 481 2202 662 2230; x_wconf 72' lang='lat' dir='ltr'>exsecutioni</span> <span class='ocrx_word' id='word_1_269' title='bbox 688 2200 817 2227; x_wconf 81' lang='lat' dir='ltr'>mandet.</span> <span class='ocrx_word' id='word_1_270' title='bbox 837 2215 867 2217; x_wconf 97' lang='lat'><strong>—</strong></span> <span class='ocrx_word' id='word_1_271' title='bbox 892 2199 977 2229; x_wconf 69' lang='lat' dir='ltr'>(nm.</span> <span class='ocrx_word' id='word_1_272' title='bbox 1006 2198 1048 2228; x_wconf 74' lang='lat'>19.</span> <span class='ocrx_word' id='word_1_273' title='bbox 1077 2199 1095 2223; x_wconf 72' lang='grc'>1.</span> <span class='ocrx_word' id='word_1_274' title='bbox 1123 2197 1170 2223; x_wconf 85' lang='grc'>111</span> <span class='ocrx_word' id='word_1_275' title='bbox 1196 2195 1268 2231; x_wconf 64' lang='grc'>[105]</span> <span class='ocrx_word' id='word_1_276' title='bbox 1296 2200 1342 2227; x_wconf 77' lang='lat' dir='ltr'>v&#39;&#39;;</span> 
     </span>
     <span class='ocr_line' id='line_1_37' title="bbox 333 2251 617 2283; baseline -0.014 -2"><span class='ocrx_word' id='word_1_277' title='bbox 333 2264 402 2281; x_wconf 88' lang='lat' dir='ltr'>ann.</span> <span class='ocrx_word' id='word_1_278' title='bbox 420 2254 503 2283; x_wconf 72' lang='lat' dir='ltr'>xul,</span> <span class='ocrx_word' id='word_1_279' title='bbox 519 2262 543 2279; x_wconf 90' lang='lat' dir='ltr'>c.</span> <span class='ocrx_word' id='word_1_280' title='bbox 561 2251 617 2281; x_wconf 85' lang='lat'>38.)</span> 
     </span>
    </p>
   </div>
   <div class='ocr_carea' id='block_1_6' title="bbox 332 2348 1345 2979">
    <p class='ocr_par' dir='ltr' id='par_1_6' title="bbox 332 2348 1345 2979">
     <span class='ocr_line' id='line_1_38' title="bbox 377 2348 1345 2392; baseline -0.011 -7"><span class='ocrx_word' id='word_1_281' title='bbox 377 2370 387 2382; x_wconf 70' lang='grc' dir='ltr'>ιι</span> <span class='ocrx_word' id='word_1_282' title='bbox 415 2355 552 2392; x_wconf 71' lang='lat' dir='ltr'>O[tl(¹ni].</span> <span class='ocrx_word' id='word_1_283' title='bbox 574 2353 679 2382; x_wconf 74' lang='lat' dir='ltr'>Sancti</span> <span class='ocrx_word' id='word_1_284' title='bbox 702 2352 819 2380; x_wconf 57' lang='lat' dir='ltr'>xit-olai</span> <span class='ocrx_word' id='word_1_285' title='bbox 842 2352 871 2379; x_wconf 80' lang='lat' dir='ltr'>in</span> <span class='ocrx_word' id='word_1_286' title='bbox 895 2351 1022 2378; x_wconf 64' lang='lat' dir='ltr'>Cart-cre</span> <span class='ocrx_word' id='word_1_287' title='bbox 1053 2349 1194 2376; x_wconf 73' lang='lat' dir='ltr'>Tulliano</span> <span class='ocrx_word' id='word_1_288' title='bbox 1216 2348 1345 2376; x_wconf 74' lang='lat' dir='ltr'>diacono</span> 
     </span>
     <span class='ocr_line' id='line_1_39' title="bbox 334 2400 1344 2444; baseline -0.01 -6"><span class='ocrx_word' id='word_1_289' title='bbox 334 2409 500 2443; x_wconf 66' lang='lat' dir='ltr'>cardinali,</span> <span class='ocrx_word' id='word_1_290' title='bbox 521 2407 683 2444; x_wconf 66' lang='lat' dir='ltr'>Apostolicc</span> <span class='ocrx_word' id='word_1_291' title='bbox 704 2405 787 2434; x_wconf 70' lang='lat' dir='ltr'>Sedis</span> <span class='ocrx_word' id='word_1_292' title='bbox 804 2406 911 2440; x_wconf 72' lang='lat' dir='ltr'>leyato.</span> <span class='ocrx_word' id='word_1_293' title='bbox 937 2403 1026 2431; x_wconf 84' lang='lat' dir='ltr'>Inter</span> <span class='ocrx_word' id='word_1_294' title='bbox 1051 2400 1212 2440; x_wconf 82' lang='lat' dir='ltr'>dil[ectos]</span> <span class='ocrx_word' id='word_1_295' title='bbox 1232 2400 1344 2437; x_wconf 60' lang='lat' dir='ltr'>timos]</span> 
     </span>
     <span class='ocr_line' id='line_1_40' title="bbox 334 2455 1343 2496; baseline -0.012 -3"><span class='ocrx_word' id='word_1_296' title='bbox 334 2462 520 2493; x_wconf 83' lang='lat' dir='ltr'>Johanneni</span> <span class='ocrx_word' id='word_1_297' title='bbox 539 2460 576 2488; x_wconf 72' lang='grc' dir='ltr'>111ι</span> <span class='ocrx_word' id='word_1_298' title='bbox 590 2457 789 2496; x_wconf 79' lang='lat' dir='ltr'>Vercell[is].</span> <span class='ocrx_word' id='word_1_299' title='bbox 810 2455 1050 2485; x_wconf 78' lang='lat' dir='ltr'>subdiaconum</span> <span class='ocrx_word' id='word_1_300' title='bbox 1069 2458 1230 2483; x_wconf 91' lang='lat' dir='ltr'>nostrum.</span> <span class='ocrx_word' id='word_1_301' title='bbox 1250 2462 1343 2482; x_wconf 89' lang='lat' dir='ltr'>cano-</span> 
     </span>
     <span class='ocr_line' id='line_1_41' title="bbox 336 2507 1344 2545; baseline -0.009 -1"><span class='ocrx_word' id='word_1_302' title='bbox 336 2516 446 2545; x_wconf 81' lang='lat' dir='ltr'>nicum</span> <span class='ocrx_word' id='word_1_303' title='bbox 469 2513 747 2543; x_wconf 82' lang='lat' dir='ltr'>Lim-olniensem.</span> <span class='ocrx_word' id='word_1_304' title='bbox 769 2515 796 2540; x_wconf 89' lang='lat' dir='ltr'>et</span> <span class='ocrx_word' id='word_1_305' title='bbox 818 2533 836 2538; x_wconf 95' lang='lat'>..</span> <span class='ocrx_word' id='word_1_306' title='bbox 864 2508 1135 2538; x_wconf 74' lang='lat' dir='ltr'>archidiaconum</span> <span class='ocrx_word' id='word_1_307' title='bbox 1160 2507 1197 2536; x_wconf 84' lang='lat' dir='ltr'>de</span> <span class='ocrx_word' id='word_1_308' title='bbox 1216 2507 1344 2536; x_wconf 80' lang='lat' dir='ltr'>Bukiu-</span> 
     </span>
     <span class='ocr_line' id='line_1_42' title="bbox 336 2559 1344 2605; baseline -0.009 -8"><span class='ocrx_word' id='word_1_309' title='bbox 336 2569 432 2605; x_wconf 62' lang='lat' dir='ltr'>gham</span> <span class='ocrx_word' id='word_1_310' title='bbox 459 2576 556 2604; x_wconf 87' lang='lat' dir='ltr'>super</span> <span class='ocrx_word' id='word_1_311' title='bbox 578 2564 716 2595; x_wconf 85' lang='lat' dir='ltr'>ecclesia</span> <span class='ocrx_word' id='word_1_312' title='bbox 737 2563 798 2592; x_wconf 89' lang='lat' dir='ltr'>loci</span> <span class='ocrx_word' id='word_1_313' title='bbox 818 2562 976 2600; x_wconf 86' lang='lat' dir='ltr'>ejusdem.</span> <span class='ocrx_word' id='word_1_314' title='bbox 1004 2560 1251 2590; x_wconf 83' lang='lat' dir='ltr'>Lincolniensis</span> <span class='ocrx_word' id='word_1_315' title='bbox 1274 2559 1344 2588; x_wconf 85' lang='grc'>11111-</span> 
     </span>
     <span class='ocr_line' id='line_1_43' title="bbox 335 2613 1344 2659; baseline -0.01 -8"><span class='ocrx_word' id='word_1_316' title='bbox 335 2622 430 2653; x_wconf 75' lang='lat' dir='ltr'>cesis,</span> <span class='ocrx_word' id='word_1_317' title='bbox 464 2620 637 2659; x_wconf 70' lang='lat' dir='ltr'>questione</span> <span class='ocrx_word' id='word_1_318' title='bbox 669 2618 813 2650; x_wconf 71' lang='lat' dir='ltr'>suborta,</span> <span class='ocrx_word' id='word_1_319' title='bbox 847 2620 917 2654; x_wconf 85' lang='lat' dir='ltr'>post</span> <span class='ocrx_word' id='word_1_320' title='bbox 953 2615 1101 2643; x_wconf 83' lang='lat' dir='ltr'>diversas</span> <span class='ocrx_word' id='word_1_321' title='bbox 1136 2613 1264 2642; x_wconf 76' lang='lat' dir='ltr'>litteras</span> <span class='ocrx_word' id='word_1_322' title='bbox 1304 2613 1344 2641; x_wconf 90' lang='lat' dir='ltr'>ad</span> 
     </span>
     <span class='ocr_line' id='line_1_44' title="bbox 335 2666 1343 2712; baseline -0.008 -11"><span class='ocrx_word' id='word_1_323' title='bbox 335 2676 483 2704; x_wconf 69' lang='lat' dir='ltr'>diversos</span> <span class='ocrx_word' id='word_1_324' title='bbox 511 2672 639 2712; x_wconf 81' lang='lat' dir='ltr'>judices</span> <span class='ocrx_word' id='word_1_325' title='bbox 669 2680 686 2700; x_wconf 89' lang='lat' dir='ltr'>a</span> <span class='ocrx_word' id='word_1_326' title='bbox 718 2670 799 2700; x_wconf 81' lang='lat' dir='ltr'>Sede</span> <span class='ocrx_word' id='word_1_327' title='bbox 832 2668 1021 2706; x_wconf 80' lang='lat' dir='ltr'>Apostolica</span> <span class='ocrx_word' id='word_1_328' title='bbox 1049 2667 1254 2704; x_wconf 72' lang='lat' dir='ltr'>impetratas.</span> <span class='ocrx_word' id='word_1_329' title='bbox 1282 2666 1343 2695; x_wconf 85' lang='lat' dir='ltr'>sub</span> 
     </span>
     <span class='ocr_line' id='line_1_45' title="bbox 335 2719 1343 2760; baseline -0.01 -2"><span class='ocrx_word' id='word_1_330' title='bbox 335 2728 484 2758; x_wconf 80' lang='lat' dir='ltr'>examine</span> <span class='ocrx_word' id='word_1_331' title='bbox 503 2725 614 2755; x_wconf 88' lang='lat' dir='ltr'>dilecti</span> <span class='ocrx_word' id='word_1_332' title='bbox 632 2724 691 2752; x_wconf 88' lang='lat' dir='ltr'>iilii</span> <span class='ocrx_word' id='word_1_333' title='bbox 715 2723 817 2752; x_wconf 85' lang='lat' dir='ltr'>nostri</span> <span class='ocrx_word' id='word_1_334' title='bbox 843 2721 988 2760; x_wconf 52' lang='lat' dir='ltr'>Effigidiit</span> <span class='ocrx_word' id='word_1_335' title='bbox 1009 2721 1206 2750; x_wconf 80' lang='lat' dir='ltr'>Sanctorum</span> <span class='ocrx_word' id='word_1_336' title='bbox 1225 2719 1343 2749; x_wconf 85' lang='lat' dir='ltr'>Cosme</span> 
     </span>
     <span class='ocr_line' id='line_1_46' title="bbox 333 2772 1342 2813; baseline -0.01 -2"><span class='ocrx_word' id='word_1_337' title='bbox 333 2787 364 2811; x_wconf 89' lang='lat' dir='ltr'>et</span> <span class='ocrx_word' id='word_1_338' title='bbox 391 2780 543 2810; x_wconf 86' lang='lat' dir='ltr'>Damiani</span> <span class='ocrx_word' id='word_1_339' title='bbox 572 2778 703 2807; x_wconf 85' lang='lat' dir='ltr'>diaconi</span> <span class='ocrx_word' id='word_1_340' title='bbox 731 2775 922 2806; x_wconf 86' lang='lat' dir='ltr'>cardinalis.</span> <span class='ocrx_word' id='word_1_341' title='bbox 950 2783 1048 2813; x_wconf 90' lang='lat' dir='ltr'>quem</span> <span class='ocrx_word' id='word_1_342' title='bbox 1073 2772 1342 2811; x_wconf 75' lang='lat' dir='ltr'>procuratoribus</span> 
     </span>
     <span class='ocr_line' id='line_1_47' title="bbox 333 2825 1342 2873; baseline -0.011 -9"><span class='ocrx_word' id='word_1_343' title='bbox 333 2835 477 2873; x_wconf 84' lang='lat' dir='ltr'>partium</span> <span class='ocrx_word' id='word_1_344' title='bbox 501 2831 727 2861; x_wconf 70' lang='lat' dir='ltr'>concessimus</span> <span class='ocrx_word' id='word_1_345' title='bbox 750 2829 946 2860; x_wconf 79' lang='lat' dir='ltr'>auditorem.</span> <span class='ocrx_word' id='word_1_346' title='bbox 970 2827 1031 2856; x_wconf 83' lang='lat' dir='ltr'>fuit</span> <span class='ocrx_word' id='word_1_347' title='bbox 1052 2826 1257 2864; x_wconf 80' lang='lat' dir='ltr'>aliquamdiu</span> <span class='ocrx_word' id='word_1_348' title='bbox 1277 2825 1342 2854; x_wconf 87' lang='lat' dir='ltr'>liti-</span> 
     </span>
     <span class='ocr_line' id='line_1_48' title="bbox 332 2879 1340 2925; baseline -0.01 -8"><span class='ocrx_word' id='word_1_349' title='bbox 332 2892 454 2925; x_wconf 71' lang='lat' dir='ltr'>gatum.</span> <span class='ocrx_word' id='word_1_350' title='bbox 487 2884 692 2924; x_wconf 72' lang='lat' dir='ltr'>possessorio</span> <span class='ocrx_word' id='word_1_351' title='bbox 725 2888 755 2912; x_wconf 81' lang='lat' dir='ltr'>et</span> <span class='ocrx_word' id='word_1_352' title='bbox 790 2882 944 2920; x_wconf 82' lang='lat' dir='ltr'>petitorio</span> <span class='ocrx_word' id='word_1_353' title='bbox 978 2880 1163 2909; x_wconf 76' lang='lat' dir='ltr'>intentatis.</span> <span class='ocrx_word' id='word_1_354' title='bbox 1201 2879 1340 2908; x_wconf 77' lang='lat' dir='ltr'>Deinde.</span> 
     </span>
     <span class='ocr_line' id='line_1_49' title="bbox 334 2932 1341 2979; baseline -0.009 -10"><span class='ocrx_word' id='word_1_355' title='bbox 334 2945 464 2979; x_wconf 84' lang='lat' dir='ltr'>propter</span> <span class='ocrx_word' id='word_1_356' title='bbox 489 2937 673 2967; x_wconf 78' lang='lat' dir='ltr'>absentiam</span> <span class='ocrx_word' id='word_1_357' title='bbox 696 2935 875 2965; x_wconf 85' lang='lat' dir='ltr'>cardinalis</span> <span class='ocrx_word' id='word_1_358' title='bbox 899 2933 1057 2973; x_wconf 73' lang='lat' dir='ltr'>ejusdem.</span> <span class='ocrx_word' id='word_1_359' title='bbox 1081 2941 1213 2962; x_wconf 78' lang='lat' dir='ltr'>causam</span> <span class='ocrx_word' id='word_1_360' title='bbox 1237 2932 1341 2969; x_wconf 81' lang='lat' dir='ltr'>ipsam</span> 
     </span>
    </p>
   </div>
   <div class='ocr_carea' id='block_1_7' title="bbox 1410 327 2436 1743">
    <p class='ocr_par' dir='ltr' id='par_1_7' title="bbox 1410 327 2436 1743">
     <span class='ocr_line' id='line_1_50' title="bbox 1412 327 2422 368; baseline 0.004 -14"><span class='ocrx_word' id='word_1_361' title='bbox 1412 327 1530 357; x_wconf 77' lang='lat' dir='ltr'>dilecto</span> <span class='ocrx_word' id='word_1_362' title='bbox 1548 329 1615 358; x_wconf 86' lang='lat' dir='ltr'>tilio</span> <span class='ocrx_word' id='word_1_363' title='bbox 1634 334 1744 359; x_wconf 87' lang='lat' dir='ltr'>nostro</span> <span class='ocrx_word' id='word_1_364' title='bbox 1763 328 1924 368; x_wconf 86' lang='lat' dir='ltr'>T[horne].</span> <span class='ocrx_word' id='word_1_365' title='bbox 1947 328 2034 357; x_wconf 90' lang='lat' dir='ltr'>tituli</span> <span class='ocrx_word' id='word_1_366' title='bbox 2057 329 2175 358; x_wconf 75' lang='lat' dir='ltr'>Sancte</span> <span class='ocrx_word' id='word_1_367' title='bbox 2192 328 2312 358; x_wconf 83' lang='lat' dir='ltr'>Sabine</span> <span class='ocrx_word' id='word_1_368' title='bbox 2330 337 2422 366; x_wconf 84' lang='lat' dir='ltr'>pres-</span> 
     </span>
     <span class='ocr_line' id='line_1_51' title="bbox 1414 381 2423 417; baseline 0.001 -8"><span class='ocrx_word' id='word_1_369' title='bbox 1414 382 1518 411; x_wconf 73' lang='lat' dir='ltr'>bitero</span> <span class='ocrx_word' id='word_1_370' title='bbox 1543 382 1715 415; x_wconf 69' lang='lat' dir='ltr'>cardinali,</span> <span class='ocrx_word' id='word_1_371' title='bbox 1745 382 1973 411; x_wconf 84' lang='lat' dir='ltr'>commisimus</span> <span class='ocrx_word' id='word_1_372' title='bbox 1997 381 2205 410; x_wconf 85' lang='lat' dir='ltr'>audiendam.</span> <span class='ocrx_word' id='word_1_373' title='bbox 2238 381 2313 417; x_wconf 77' lang='lat' dir='ltr'>Qui.</span> <span class='ocrx_word' id='word_1_374' title='bbox 2341 381 2423 410; x_wconf 81' lang='lat' dir='ltr'>actis</span> 
     </span>
     <span class='ocr_line' id='line_1_52' title="bbox 1410 434 2424 473; baseline -0.001 -10"><span class='ocrx_word' id='word_1_375' title='bbox 1410 435 1528 473; x_wconf 85' lang='lat' dir='ltr'>judicii</span> <span class='ocrx_word' id='word_1_376' title='bbox 1547 435 1724 472; x_wconf 70' lang='lat' dir='ltr'>diligenter</span> <span class='ocrx_word' id='word_1_377' title='bbox 1741 435 1910 472; x_wconf 89' lang='lat' dir='ltr'>inspectis.</span> <span class='ocrx_word' id='word_1_378' title='bbox 1927 439 1957 463; x_wconf 91' lang='lat' dir='ltr'>et</span> <span class='ocrx_word' id='word_1_379' title='bbox 1973 434 2096 463; x_wconf 86' lang='lat' dir='ltr'>auditis</span> <span class='ocrx_word' id='word_1_380' title='bbox 2113 443 2176 472; x_wconf 88' lang='lat' dir='ltr'>que</span> <span class='ocrx_word' id='word_1_381' title='bbox 2192 434 2327 463; x_wconf 85' lang='lat' dir='ltr'>fuerunt</span> <span class='ocrx_word' id='word_1_382' title='bbox 2346 434 2424 463; x_wconf 84' lang='lat' dir='ltr'>hino</span> 
     </span>
     <span class='ocr_line' id='line_1_53' title="bbox 1414 487 2424 525; baseline 0 -9"><span class='ocrx_word' id='word_1_383' title='bbox 1414 488 1490 517; x_wconf 78' lang='lat' dir='ltr'>inde</span> <span class='ocrx_word' id='word_1_384' title='bbox 1508 488 1674 525; x_wconf 83' lang='lat' dir='ltr'>proposita</span> <span class='ocrx_word' id='word_1_385' title='bbox 1694 497 1802 517; x_wconf 83' lang='lat' dir='ltr'>coram</span> <span class='ocrx_word' id='word_1_386' title='bbox 1821 496 1870 521; x_wconf 79' lang='lat' dir='ltr'>eo,</span> <span class='ocrx_word' id='word_1_387' title='bbox 1889 496 1924 516; x_wconf 82' lang='lat' dir='ltr'>ac</span> <span class='ocrx_word' id='word_1_388' title='bbox 1951 487 1983 515; x_wconf 91' lang='lat' dir='ltr'>in</span> <span class='ocrx_word' id='word_1_389' title='bbox 2003 491 2114 516; x_wconf 84' lang='lat' dir='ltr'>nostra</span> <span class='ocrx_word' id='word_1_390' title='bbox 2135 491 2163 515; x_wconf 83' lang='lat' dir='ltr'>et</span> <span class='ocrx_word' id='word_1_391' title='bbox 2187 487 2326 516; x_wconf 82' lang='lat' dir='ltr'>fratrum</span> <span class='ocrx_word' id='word_1_392' title='bbox 2352 495 2424 516; x_wconf 88' lang='lat' dir='ltr'>nos-</span> 
     </span>
     <span class='ocr_line' id='line_1_54' title="bbox 1417 539 2425 578; baseline -0.001 -9"><span class='ocrx_word' id='word_1_393' title='bbox 1417 545 1538 569; x_wconf 87' lang='lat' dir='ltr'>trorum</span> <span class='ocrx_word' id='word_1_394' title='bbox 1559 541 1726 578; x_wconf 80' lang='lat' dir='ltr'>presentia</span> <span class='ocrx_word' id='word_1_395' title='bbox 1745 540 1886 569; x_wconf 85' lang='lat' dir='ltr'>tideliter</span> <span class='ocrx_word' id='word_1_396' title='bbox 1906 539 2062 569; x_wconf 86' lang='lat' dir='ltr'>recitatis.</span> <span class='ocrx_word' id='word_1_397' title='bbox 2082 541 2202 568; x_wconf 87' lang='lat' dir='ltr'>causa¹</span> <span class='ocrx_word' id='word_1_398' title='bbox 2225 548 2324 577; x_wconf 88' lang='lat' dir='ltr'>super</span> <span class='ocrx_word' id='word_1_399' title='bbox 2343 539 2425 577; x_wconf 87' lang='lat' dir='ltr'>peti-</span> 
     </span>
     <span class='ocr_line' id='line_1_55' title="bbox 1417 592 2423 631; baseline -0.001 -9"><span class='ocrx_word' id='word_1_400' title='bbox 1417 594 1512 628; x_wconf 79' lang='lat' dir='ltr'>torio,</span> <span class='ocrx_word' id='word_1_401' title='bbox 1526 603 1600 631; x_wconf 77' lang='lat' dir='ltr'>qne.</span> <span class='ocrx_word' id='word_1_402' title='bbox 1621 598 1751 631; x_wconf 86' lang='lat' dir='ltr'>propter</span> <span class='ocrx_word' id='word_1_403' title='bbox 1766 593 1906 631; x_wconf 86' lang='lat' dir='ltr'>quedam</span> <span class='ocrx_word' id='word_1_404' title='bbox 1923 592 2154 630; x_wconf 84' lang='lat' dir='ltr'>probationum</span> <span class='ocrx_word' id='word_1_405' title='bbox 2171 597 2243 627; x_wconf 67' lang='lat' dir='ltr'>etc..</span> <span class='ocrx_word' id='word_1_406' title='bbox 2264 597 2423 629; x_wconf 82' lang='lat' dir='ltr'>utsupra.</span> 
     </span>
     <span class='ocr_line' id='line_1_56' title="bbox 1416 644 2424 684; baseline -0.001 -9"><span class='ocrx_word' id='word_1_407' title='bbox 1416 655 1520 684; x_wconf 82' lang='lat' dir='ltr'>usque</span> <span class='ocrx_word' id='word_1_408' title='bbox 1541 656 1546 674; x_wconf 87' lang='lat'>:</span> <span class='ocrx_word' id='word_1_409' title='bbox 1568 646 1831 684; x_wconf 83' lang='lat' dir='ltr'>probationibus.</span> <span class='ocrx_word' id='word_1_410' title='bbox 1852 650 1943 683; x_wconf 88' lang='lat' dir='ltr'>prout</span> <span class='ocrx_word' id='word_1_411' title='bbox 1963 645 2047 673; x_wconf 83' lang='lat' dir='ltr'>ratio</span> <span class='ocrx_word' id='word_1_412' title='bbox 2064 644 2234 674; x_wconf 79' lang='lat' dir='ltr'>suadebat.</span> <span class='ocrx_word' id='word_1_413' title='bbox 2254 644 2424 675; x_wconf 73' lang='lat' dir='ltr'>accedensv</span> 
     </span>
     <span class='ocr_line' id='line_1_57' title="bbox 1416 697 2426 737; baseline -0.003 -9"><span class='ocrx_word' id='word_1_414' title='bbox 1416 708 1571 737; x_wconf 82' lang='lat' dir='ltr'>processu</span> <span class='ocrx_word' id='word_1_415' title='bbox 1590 699 1718 728; x_wconf 82' lang='lat' dir='ltr'>abbatis</span> <span class='ocrx_word' id='word_1_416' title='bbox 1737 699 1775 728; x_wconf 89' lang='lat' dir='ltr'>de</span> <span class='ocrx_word' id='word_1_417' title='bbox 1794 698 1896 728; x_wconf 90' lang='lat' dir='ltr'>Tham</span> <span class='ocrx_word' id='word_1_418' title='bbox 1916 703 1946 727; x_wconf 82' lang='lat' dir='ltr'>et</span> <span class='ocrx_word' id='word_1_419' title='bbox 1971 706 2107 727; x_wconf 88' lang='lat' dir='ltr'>suorum</span> <span class='ocrx_word' id='word_1_420' title='bbox 2130 697 2351 735; x_wconf 85' lang='lat' dir='ltr'>conjudicum,</span> <span class='ocrx_word' id='word_1_421' title='bbox 2370 697 2426 736; x_wconf 85' lang='lat' dir='ltr'>qni</span> 
     </span>
     <span class='ocr_line' id='line_1_58' title="bbox 1417 749 2427 789; baseline -0.001 -9"><span class='ocrx_word' id='word_1_422' title='bbox 1417 752 1540 780; x_wconf 83' lang='lat' dir='ltr'>dictum</span> <span class='ocrx_word' id='word_1_423' title='bbox 1559 752 1830 781; x_wconf 75' lang='lat' dir='ltr'>archidiaconum</span> <span class='ocrx_word' id='word_1_424' title='bbox 1850 752 1884 780; x_wconf 90' lang='grc'>111</span> <span class='ocrx_word' id='word_1_425' title='bbox 1903 751 2145 789; x_wconf 85' lang='lat' dir='ltr'>possessionem</span> <span class='ocrx_word' id='word_1_426' title='bbox 2162 750 2309 788; x_wconf 67' lang='lat' dir='ltr'>ejusdem</span> <span class='ocrx_word' id='word_1_427' title='bbox 2323 749 2427 779; x_wconf 83' lang='lat' dir='ltr'>eccle-</span> 
     </span>
     <span class='ocr_line' id='line_1_59' title="bbox 1418 803 2426 843; baseline -0.003 -9"><span class='ocrx_word' id='word_1_428' title='bbox 1418 805 1465 834; x_wconf 89' lang='lat' dir='ltr'>sie</span> <span class='ocrx_word' id='word_1_429' title='bbox 1487 806 1582 843; x_wconf 85' lang='lat' dir='ltr'>quasi</span> <span class='ocrx_word' id='word_1_430' title='bbox 1603 814 1639 834; x_wconf 82' lang='lat' dir='ltr'>ex</span> <span class='ocrx_word' id='word_1_431' title='bbox 1662 805 1806 835; x_wconf 84' lang='lat' dir='ltr'>secundo</span> <span class='ocrx_word' id='word_1_432' title='bbox 1832 805 1974 835; x_wconf 84' lang='lat' dir='ltr'>decreto.</span> <span class='ocrx_word' id='word_1_433' title='bbox 1999 809 2031 832; x_wconf 89' lang='lat' dir='ltr'>nt</span> <span class='ocrx_word' id='word_1_434' title='bbox 2057 804 2126 833; x_wconf 87' lang='lat' dir='ltr'>suis</span> <span class='ocrx_word' id='word_1_435' title='bbox 2151 803 2258 833; x_wconf 86' lang='lat' dir='ltr'>verbis</span> <span class='ocrx_word' id='word_1_436' title='bbox 2284 809 2426 835; x_wconf 70' lang='lat' dir='ltr'>utamur,</span> 
     </span>
     <span class='ocr_line' id='line_1_60' title="bbox 1419 857 2429 896; baseline -0.001 -10"><span class='ocrx_word' id='word_1_437' title='bbox 1419 862 1566 896; x_wconf 79' lang='lat' dir='ltr'>pretextu</span> <span class='ocrx_word' id='word_1_438' title='bbox 1591 858 1808 896; x_wconf 86' lang='lat' dir='ltr'>quarumdam</span> <span class='ocrx_word' id='word_1_439' title='bbox 1840 858 2026 887; x_wconf 87' lang='lat' dir='ltr'>litterarum</span> <span class='ocrx_word' id='word_1_440' title='bbox 2060 862 2245 886; x_wconf 85' lang='lat' dir='ltr'>nostrarum</span> <span class='ocrx_word' id='word_1_441' title='bbox 2276 857 2308 885; x_wconf 88' lang='lat' dir='ltr'>in</span> <span class='ocrx_word' id='word_1_442' title='bbox 2340 865 2429 886; x_wconf 90' lang='lat' dir='ltr'>com-</span> 
     </span>
     <span class='ocr_line' id='line_1_61' title="bbox 1420 910 2430 948; baseline -0.001 -9"><span class='ocrx_word' id='word_1_443' title='bbox 1420 911 1511 940; x_wconf 90' lang='lat' dir='ltr'>muni</span> <span class='ocrx_word' id='word_1_444' title='bbox 1550 912 1654 940; x_wconf 79' lang='lat' dir='ltr'>forma</span> <span class='ocrx_word' id='word_1_445' title='bbox 1692 910 1912 940; x_wconf 83' lang='lat' dir='ltr'>obtentarum.</span> <span class='ocrx_word' id='word_1_446' title='bbox 1948 919 2117 948; x_wconf 75' lang='lat' dir='ltr'>perperam</span> <span class='ocrx_word' id='word_1_447' title='bbox 2147 910 2365 939; x_wconf 82' lang='lat' dir='ltr'>decreverunt</span> <span class='ocrx_word' id='word_1_448' title='bbox 2400 914 2430 939; x_wconf 91' lang='lat' dir='ltr'>et</span> 
     </span>
     <span class='ocr_line' id='line_1_62' title="bbox 1421 962 2430 998; baseline -0.001 -6"><span class='ocrx_word' id='word_1_449' title='bbox 1421 965 1571 993; x_wconf 79' lang='lat' dir='ltr'>fecerunt</span> <span class='ocrx_word' id='word_1_450' title='bbox 1600 964 1724 995; x_wconf 72' lang='lat' dir='ltr'>induci.</span> <span class='ocrx_word' id='word_1_451' title='bbox 1750 964 1844 993; x_wconf 88' lang='lat' dir='ltr'>irrito</span> <span class='ocrx_word' id='word_1_452' title='bbox 1875 963 2036 998; x_wconf 73' lang='lat' dir='ltr'>nuntiatov</span> <span class='ocrx_word' id='word_1_453' title='bbox 2064 962 2335 992; x_wconf 83' lang='lat' dir='ltr'>archidiaconum</span> <span class='ocrx_word' id='word_1_454' title='bbox 2361 972 2430 991; x_wconf 91' lang='lat' dir='ltr'>me-</span> 
     </span>
     <span class='ocr_line' id='line_1_63' title="bbox 1420 1015 2431 1054; baseline -0.001 -10"><span class='ocrx_word' id='word_1_455' title='bbox 1420 1022 1583 1045; x_wconf 85' lang='lat' dir='ltr'>moratum</span> <span class='ocrx_word' id='word_1_456' title='bbox 1617 1021 1644 1046; x_wconf 88' lang='lat' dir='ltr'>et</span> <span class='ocrx_word' id='word_1_457' title='bbox 1675 1021 1920 1054; x_wconf 81' lang='lat' dir='ltr'>procuratorem</span> <span class='ocrx_word' id='word_1_458' title='bbox 1945 1025 2040 1045; x_wconf 89' lang='lat' dir='ltr'>suum</span> <span class='ocrx_word' id='word_1_459' title='bbox 2073 1016 2198 1053; x_wconf 83' lang='lat' dir='ltr'>prefato</span> <span class='ocrx_word' id='word_1_460' title='bbox 2222 1015 2369 1045; x_wconf 84' lang='lat' dir='ltr'>Johanni</span> <span class='ocrx_word' id='word_1_461' title='bbox 2401 1019 2431 1044; x_wconf 88' lang='lat' dir='ltr'>et</span> 
     </span>
     <span class='ocr_line' id='line_1_64' title="bbox 1422 1067 2432 1107; baseline -0.001 -10"><span class='ocrx_word' id='word_1_462' title='bbox 1422 1070 1625 1107; x_wconf 73' lang='lat' dir='ltr'>procuratori</span> <span class='ocrx_word' id='word_1_463' title='bbox 1647 1079 1706 1098; x_wconf 86' lang='lat' dir='ltr'>suo</span> <span class='ocrx_word' id='word_1_464' title='bbox 1727 1070 1766 1098; x_wconf 87' lang='lat' dir='ltr'>ad</span> <span class='ocrx_word' id='word_1_465' title='bbox 1791 1069 1934 1107; x_wconf 76' lang='lat' dir='ltr'>predicte</span> <span class='ocrx_word' id='word_1_466' title='bbox 1954 1069 2199 1098; x_wconf 87' lang='lat' dir='ltr'>restitutionem</span> <span class='ocrx_word' id='word_1_467' title='bbox 2222 1067 2372 1102; x_wconf 79' lang='lat' dir='ltr'>ecclesie,</span> <span class='ocrx_word' id='word_1_468' title='bbox 2395 1077 2432 1097; x_wconf 84' lang='lat' dir='ltr'>ac</span> 
     </span>
     <span class='ocr_line' id='line_1_65' title="bbox 1422 1120 2433 1157; baseline -0.002 -7"><span class='ocrx_word' id='word_1_469' title='bbox 1422 1121 1620 1150; x_wconf 79' lang='lat' dir='ltr'>solutionem</span> <span class='ocrx_word' id='word_1_470' title='bbox 1636 1126 1767 1151; x_wconf 84' lang='lat' dir='ltr'>centum</span> <span class='ocrx_word' id='word_1_471' title='bbox 1785 1129 1969 1150; x_wconf 81' lang='lat' dir='ltr'>marcarum</span> <span class='ocrx_word' id='word_1_472' title='bbox 1987 1120 2246 1157; x_wconf 68' lang='lat' dir='ltr'>sterlinguorum</span> <span class='ocrx_word' id='word_1_473' title='bbox 2267 1129 2324 1157; x_wconf 92' lang='lat' dir='ltr'>pro</span> <span class='ocrx_word' id='word_1_474' title='bbox 2343 1120 2433 1149; x_wconf 82' lang='lat' dir='ltr'>fruc-</span> 
     </span>
     <span class='ocr_line' id='line_1_66' title="bbox 1423 1172 2433 1211; baseline -0.001 -8"><span class='ocrx_word' id='word_1_475' title='bbox 1423 1175 1510 1203; x_wconf 84' lang='lat' dir='ltr'>tibus</span> <span class='ocrx_word' id='word_1_476' title='bbox 1535 1179 1691 1203; x_wconf 80' lang='lat' dir='ltr'>[amante</span> <span class='ocrx_word' id='word_1_477' title='bbox 1712 1174 1802 1203; x_wconf 83' lang='lat' dir='ltr'>litem</span> <span class='ocrx_word' id='word_1_478' title='bbox 1825 1178 2041 1203; x_wconf 73' lang='lat' dir='ltr'>c‹3›ntestatam</span> <span class='ocrx_word' id='word_1_479' title='bbox 2065 1182 2163 1211; x_wconf 86' lang='lat' dir='ltr'>quam</span> <span class='ocrx_word' id='word_1_480' title='bbox 2183 1178 2253 1210; x_wconf 90' lang='lat' dir='ltr'>post</span> <span class='ocrx_word' id='word_1_481' title='bbox 2279 1173 2316 1202; x_wconf 89' lang='lat' dir='ltr'>de</span> <span class='ocrx_word' id='word_1_482' title='bbox 2341 1172 2433 1202; x_wconf 82' lang='lat' dir='ltr'>obla-</span> 
     </span>
     <span class='ocr_line' id='line_1_67' title="bbox 1424 1226 2433 1264; baseline -0.001 -8"><span class='ocrx_word' id='word_1_483' title='bbox 1424 1227 1581 1256; x_wconf 84' lang='lat' dir='ltr'>tionibus.</span> <span class='ocrx_word' id='word_1_484' title='bbox 1609 1228 1716 1258; x_wconf 77' lang='lat' dir='ltr'>terris.</span> <span class='ocrx_word' id='word_1_485' title='bbox 1742 1227 1879 1256; x_wconf 84' lang='lat' dir='ltr'>decimis</span> <span class='ocrx_word' id='word_1_486' title='bbox 1907 1232 1937 1256; x_wconf 88' lang='lat' dir='ltr'>et</span> <span class='ocrx_word' id='word_1_487' title='bbox 1959 1226 2160 1256; x_wconf 83' lang='lat' dir='ltr'>molendinis</span> <span class='ocrx_word' id='word_1_488' title='bbox 2182 1226 2320 1256; x_wconf 84' lang='lat' dir='ltr'>ecclesie</span> <span class='ocrx_word' id='word_1_489' title='bbox 2339 1235 2433 1264; x_wconf 86' lang='lat' dir='ltr'>sepe-</span> 
     </span>
     <span class='ocr_line' id='line_1_68' title="bbox 1422 1280 2432 1319; baseline -0.001 -11"><span class='ocrx_word' id='word_1_490' title='bbox 1422 1280 1507 1309; x_wconf 86' lang='lat' dir='ltr'>dicte</span> <span class='ocrx_word' id='word_1_491' title='bbox 1526 1280 1647 1319; x_wconf 63' lang='lat' dir='ltr'>[inde&#39;]</span> <span class='ocrx_word' id='word_1_492' title='bbox 1674 1280 1847 1318; x_wconf 79' lang='lat' dir='ltr'>perceptis.</span> <span class='ocrx_word' id='word_1_493' title='bbox 1874 1280 1912 1309; x_wconf 79' lang='lat' dir='ltr'>de</span> <span class='ocrx_word' id='word_1_494' title='bbox 1931 1280 2084 1309; x_wconf 86' lang='lat' dir='ltr'>mandato</span> <span class='ocrx_word' id='word_1_495' title='bbox 2103 1284 2214 1309; x_wconf 84' lang='lat' dir='ltr'>nostro</span> <span class='ocrx_word' id='word_1_496' title='bbox 2234 1288 2270 1308; x_wconf 80' lang='lat' dir='ltr'>ac</span> <span class='ocrx_word' id='word_1_497' title='bbox 2291 1280 2432 1309; x_wconf 80' lang='lat' dir='ltr'>fratrum</span> 
     </span>
     <span class='ocr_line' id='line_1_69' title="bbox 1423 1332 2433 1370; baseline -0.001 -8"><span class='ocrx_word' id='word_1_498' title='bbox 1423 1338 1610 1362; x_wconf 86' lang='lat' dir='ltr'>nostrorum</span> <span class='ocrx_word' id='word_1_499' title='bbox 1628 1333 1778 1362; x_wconf 85' lang='lat' dir='ltr'>consilio.</span> <span class='ocrx_word' id='word_1_500' title='bbox 1796 1333 2040 1362; x_wconf 84' lang='lat' dir='ltr'>sententialiter</span> <span class='ocrx_word' id='word_1_501' title='bbox 2056 1332 2320 1370; x_wconf 83' lang='lat' dir='ltr'>condempnavit.</span> <span class='ocrx_word' id='word_1_502' title='bbox 2339 1341 2433 1370; x_wconf 83' lang='lat' dir='ltr'>ques-</span> 
     </span>
     <span class='ocr_line' id='line_1_70' title="bbox 1425 1385 2432 1424; baseline -0.002 -9"><span class='ocrx_word' id='word_1_503' title='bbox 1425 1386 1546 1415; x_wconf 84' lang='lat' dir='ltr'>tionem</span> <span class='ocrx_word' id='word_1_504' title='bbox 1578 1395 1677 1424; x_wconf 87' lang='lat' dir='ltr'>super</span> <span class='ocrx_word' id='word_1_505' title='bbox 1708 1386 1870 1424; x_wconf 80' lang='lat' dir='ltr'>expensis.</span> <span class='ocrx_word' id='word_1_506' title='bbox 1900 1394 1973 1415; x_wconf 79' lang='lat' dir='ltr'>cuni</span> <span class='ocrx_word' id='word_1_507' title='bbox 2001 1386 2039 1415; x_wconf 85' lang='lat' dir='ltr'>de</span> <span class='ocrx_word' id='word_1_508' title='bbox 2065 1385 2153 1414; x_wconf 85' lang='lat' dir='ltr'>t&#39;acili</span> <span class='ocrx_word' id='word_1_509' title='bbox 2178 1385 2340 1422; x_wconf 79' lang='lat' dir='ltr'>distingui</span> <span class='ocrx_word' id='word_1_510' title='bbox 2368 1394 2432 1414; x_wconf 88' lang='grc'>11011</span> 
     </span>
     <span class='ocr_line' id='line_1_71' title="bbox 1424 1439 2434 1478; baseline -0.002 -9"><span class='ocrx_word' id='word_1_511' title='bbox 1424 1444 1533 1478; x_wconf 84' lang='lat' dir='ltr'>posset</span> <span class='ocrx_word' id='word_1_512' title='bbox 1550 1440 1661 1478; x_wconf 84' lang='lat' dir='ltr'>quein</span> <span class='ocrx_word' id='word_1_513' title='bbox 1680 1439 1902 1477; x_wconf 85' lang='lat' dir='ltr'>possessionis</span> <span class='ocrx_word' id='word_1_514' title='bbox 1919 1444 1949 1468; x_wconf 88' lang='lat' dir='ltr'>et</span> <span class='ocrx_word' id='word_1_515' title='bbox 1966 1448 2029 1477; x_wconf 88' lang='lat' dir='ltr'>que</span> <span class='ocrx_word' id='word_1_516' title='bbox 2044 1439 2077 1468; x_wconf 88' lang='lat' dir='ltr'>in</span> <span class='ocrx_word' id='word_1_517' title='bbox 2098 1439 2308 1476; x_wconf 87' lang='lat' dir='ltr'>proprietatis</span> <span class='ocrx_word' id='word_1_518' title='bbox 2325 1447 2434 1476; x_wconf 86' lang='lat' dir='ltr'>prose-</span> 
     </span>
     <span class='ocr_line' id='line_1_72' title="bbox 1424 1490 2435 1530; baseline -0.001 -9"><span class='ocrx_word' id='word_1_519' title='bbox 1424 1493 1555 1522; x_wconf 84' lang='lat' dir='ltr'>cutione</span> <span class='ocrx_word' id='word_1_520' title='bbox 1585 1493 1651 1522; x_wconf 85' lang='lat' dir='ltr'>sint</span> <span class='ocrx_word' id='word_1_521' title='bbox 1677 1493 1773 1522; x_wconf 82' lang='lat' dir='ltr'>facte.</span> <span class='ocrx_word' id='word_1_522' title='bbox 1801 1501 1905 1530; x_wconf 84' lang='lat' dir='ltr'>nsque</span> <span class='ocrx_word' id='word_1_523' title='bbox 1931 1492 1970 1521; x_wconf 84' lang='lat' dir='ltr'>ad</span> <span class='ocrx_word' id='word_1_524' title='bbox 1997 1492 2095 1521; x_wconf 84' lang='lat' dir='ltr'>tinem</span> <span class='ocrx_word' id='word_1_525' title='bbox 2124 1491 2270 1530; x_wconf 87' lang='lat' dir='ltr'>petitorii</span> <span class='ocrx_word' id='word_1_526' title='bbox 2294 1490 2435 1529; x_wconf 82' lang='lat' dir='ltr'>suspen-</span> 
     </span>
     <span class='ocr_line' id='line_1_73' title="bbox 1425 1545 2435 1582; baseline -0.002 -7"><span class='ocrx_word' id='word_1_527' title='bbox 1425 1546 1541 1575; x_wconf 84' lang='lat' dir='ltr'>dendo.</span> <span class='ocrx_word' id='word_1_528' title='bbox 1556 1546 1638 1582; x_wconf 83' lang='lat' dir='ltr'>Quia</span> <span class='ocrx_word' id='word_1_529' title='bbox 1655 1555 1730 1575; x_wconf 84' lang='lat' dir='ltr'>vero</span> <span class='ocrx_word' id='word_1_530' title='bbox 1745 1545 1908 1575; x_wconf 70' lang='lat' dir='ltr'>sententie</span> <span class='ocrx_word' id='word_1_531' title='bbox 1924 1545 2038 1582; x_wconf 75' lang='lat' dir='ltr'>lingua</span> <span class='ocrx_word' id='word_1_532' title='bbox 2051 1554 2115 1574; x_wconf 89' lang='grc'>11011</span> <span class='ocrx_word' id='word_1_533' title='bbox 2129 1545 2259 1579; x_wconf 80' lang='lat' dir='ltr'>sufficit.</span> <span class='ocrx_word' id='word_1_534' title='bbox 2276 1545 2304 1573; x_wconf 91' lang='lat' dir='ltr'>si</span> <span class='ocrx_word' id='word_1_535' title='bbox 2316 1553 2435 1573; x_wconf 89' lang='lat' dir='ltr'>manus</span> 
     </span>
     <span class='ocr_line' id='line_1_74' title="bbox 1425 1598 2436 1637; baseline -0.003 -8"><span class='ocrx_word' id='word_1_536' title='bbox 1425 1600 1574 1629; x_wconf 78' lang='lat' dir='ltr'>executio</span> <span class='ocrx_word' id='word_1_537' title='bbox 1609 1608 1673 1628; x_wconf 90' lang='lat' dir='ltr'>non</span> <span class='ocrx_word' id='word_1_538' title='bbox 1708 1602 1877 1637; x_wconf 84' lang='lat' dir='ltr'>sequatur.</span> <span class='ocrx_word' id='word_1_539' title='bbox 1912 1598 2107 1627; x_wconf 85' lang='lat' dir='ltr'>mandamus</span> <span class='ocrx_word' id='word_1_540' title='bbox 2133 1602 2297 1636; x_wconf 85' lang='lat' dir='ltr'>quatenus</span> <span class='ocrx_word' id='word_1_541' title='bbox 2330 1598 2436 1636; x_wconf 84' lang='lat' dir='ltr'>ipsam</span> 
     </span>
     <span class='ocr_line' id='line_1_75' title="bbox 1426 1651 2434 1690; baseline -0.002 -9"><span class='ocrx_word' id='word_1_542' title='bbox 1426 1653 1611 1682; x_wconf 81' lang='lat' dir='ltr'>executioni</span> <span class='ocrx_word' id='word_1_543' title='bbox 1629 1652 1785 1681; x_wconf 82' lang='lat' dir='ltr'>mandare</span> <span class='ocrx_word' id='word_1_544' title='bbox 1808 1660 1974 1690; x_wconf 84' lang='lat' dir='ltr'>procures.</span> <span class='ocrx_word' id='word_1_545' title='bbox 1993 1651 2261 1681; x_wconf 83' lang='lat' dir='ltr'>Contradictores</span> <span class='ocrx_word' id='word_1_546' title='bbox 2280 1655 2341 1680; x_wconf 87' lang='lat' dir='ltr'>etc.</span> <span class='ocrx_word' id='word_1_547' title='bbox 2362 1651 2434 1680; x_wconf 87' lang='lat' dir='ltr'>Dat.</span> 
     </span>
     <span class='ocr_line' id='line_1_76' title="bbox 1427 1711 1624 1743; baseline 0 -9"><span class='ocrx_word' id='word_1_548' title='bbox 1427 1711 1460 1734; x_wconf 91' lang='lat' dir='ltr'>ut</span> <span class='ocrx_word' id='word_1_549' title='bbox 1480 1715 1590 1743; x_wconf 85' lang='lat' dir='ltr'>supra.</span> <span class='ocrx_word' id='word_1_550' title='bbox 1613 1718 1624 1730; x_wconf 66' lang='lat' dir='ltr'>u</span> 
     </span>
    </p>
   </div>
   <div class='ocr_carea' id='block_1_8' title="bbox 1496 1905 1615 1933">
    <p class='ocr_par' dir='ltr' id='par_1_8' title="bbox 1496 1905 1615 1933">
     <span class='ocr_line' id='line_1_77' title="bbox 1496 1905 1615 1933; baseline 0.008 -2"><span class='ocrx_word' id='word_1_551' title='bbox 1496 1905 1615 1933; x_wconf 67' lang='lat'>4840</span> 
     </span>
    </p>
   </div>
   <div class='ocr_carea' id='block_1_9' title="bbox 1426 1967 2437 2246">
    <p class='ocr_par' dir='ltr' id='par_1_9' title="bbox 1426 1967 2437 2246">
     <span class='ocr_line' id='line_1_78' title="bbox 1462 1967 2437 2001; baseline 0.001 -8"><span class='ocrx_word' id='word_1_552' title='bbox 1462 1968 1589 1997; x_wconf 74' lang='lat' dir='ltr'>Decano,</span> <span class='ocrx_word' id='word_1_553' title='bbox 1607 1968 1721 1994; x_wconf 72' lang='lat' dir='ltr'>cantori</span> <span class='ocrx_word' id='word_1_554' title='bbox 1739 1972 1766 1994; x_wconf 83' lang='lat' dir='ltr'>et</span> <span class='ocrx_word' id='word_1_555' title='bbox 1782 1968 1922 2001; x_wconf 78' lang='lat' dir='ltr'>magistro</span> <span class='ocrx_word' id='word_1_556' title='bbox 1942 1967 2048 1995; x_wconf 76' lang='lat' dir='ltr'>Jacobo</span> <span class='ocrx_word' id='word_1_557' title='bbox 2065 1968 2099 1993; x_wconf 87' lang='lat' dir='ltr'>de</span> <span class='ocrx_word' id='word_1_558' title='bbox 2117 1968 2278 1999; x_wconf 79' lang='lat' dir='ltr'>Bethunia,</span> <span class='ocrx_word' id='word_1_559' title='bbox 2296 1968 2437 1994; x_wconf 81' lang='lat' dir='ltr'>canonico</span> 
     </span>
     <span class='ocr_line' id='line_1_79' title="bbox 1427 2016 2437 2049; baseline 0.002 -8"><span class='ocrx_word' id='word_1_560' title='bbox 1427 2016 1701 2047; x_wconf 68' lang='lat' dir='ltr'>Catiiei‘ziceiisi1311S‚</span> <span class='ocrx_word' id='word_1_561' title='bbox 1721 2016 1869 2049; x_wconf 75' lang='lat' dir='ltr'>significat</span> <span class='ocrx_word' id='word_1_562' title='bbox 1895 2025 1923 2042; x_wconf 78' lang='lat' dir='ltr'>se</span> <span class='ocrx_word' id='word_1_563' title='bbox 1951 2016 2123 2047; x_wconf 69' lang='lat' dir='ltr'>Robertum,</span> <span class='ocrx_word' id='word_1_564' title='bbox 2150 2016 2289 2043; x_wconf 79' lang='lat' dir='ltr'>comitem</span> <span class='ocrx_word' id='word_1_565' title='bbox 2311 2017 2437 2043; x_wconf 78' lang='lat' dir='ltr'>Atreba-</span> 
     </span>
     <span class='ocr_line' id='line_1_80' title="bbox 1427 2065 2437 2098; baseline 0 -7"><span class='ocrx_word' id='word_1_566' title='bbox 1427 2069 1555 2095; x_wconf 77' lang='lat' dir='ltr'>tensem,</span> <span class='ocrx_word' id='word_1_567' title='bbox 1586 2067 1705 2091; x_wconf 83' lang='lat' dir='ltr'>fratrem</span> <span class='ocrx_word' id='word_1_568' title='bbox 1735 2065 1810 2098; x_wconf 71' lang='lat' dir='ltr'>regis</span> <span class='ocrx_word' id='word_1_569' title='bbox 1836 2065 2033 2092; x_wconf 82' lang='lat' dir='ltr'>Francorum.</span> <span class='ocrx_word' id='word_1_570' title='bbox 2059 2074 2176 2091; x_wconf 76' lang='lat' dir='ltr'>monere</span> <span class='ocrx_word' id='word_1_571' title='bbox 2192 2068 2224 2091; x_wconf 83' lang='lat' dir='ltr'>ut</span> <span class='ocrx_word' id='word_1_572' title='bbox 2249 2065 2384 2092; x_wconf 86' lang='lat' dir='ltr'>abbatem</span> <span class='ocrx_word' id='word_1_573' title='bbox 2409 2068 2437 2092; x_wconf 87' lang='lat' dir='ltr'>et</span> 
     </span>
     <span class='ocr_line' id='line_1_81' title="bbox 1426 2114 2436 2141; baseline 0.002 -2"><span class='ocrx_word' id='word_1_574' title='bbox 1426 2117 1605 2140; x_wconf 67' lang='lat' dir='ltr'>conventum</span> <span class='ocrx_word' id='word_1_575' title='bbox 1635 2114 1805 2140; x_wconf 72' lang='lat' dir='ltr'>monasterii</span> <span class='ocrx_word' id='word_1_576' title='bbox 1831 2114 1933 2140; x_wconf 80' lang='lat' dir='ltr'>Sancti</span> <span class='ocrx_word' id='word_1_577' title='bbox 1960 2114 2082 2140; x_wconf 65' lang='lat' dir='ltr'>vedasti</span> <span class='ocrx_word' id='word_1_578' title='bbox 2107 2114 2313 2141; x_wconf 79' lang='lat' dir='ltr'>Atrebateusis</span> <span class='ocrx_word' id='word_1_579' title='bbox 2336 2118 2436 2141; x_wconf 81' lang='lat' dir='ltr'>contra</span> 
     </span>
     <span class='ocr_line' id='line_1_82' title="bbox 1427 2163 2436 2197; baseline 0 -8"><span class='ocrx_word' id='word_1_580' title='bbox 1427 2164 1616 2197; x_wconf 73' lang='lat' dir='ltr'>injuriatores</span> <span class='ocrx_word' id='word_1_581' title='bbox 1632 2172 1708 2195; x_wconf 72' lang='lat' dir='ltr'>suos,</span> <span class='ocrx_word' id='word_1_582' title='bbox 1725 2171 1812 2197; x_wconf 80' lang='lat' dir='ltr'>super</span> <span class='ocrx_word' id='word_1_583' title='bbox 1828 2164 1964 2189; x_wconf 77' lang='lat' dir='ltr'>theloneo</span> <span class='ocrx_word' id='word_1_584' title='bbox 1979 2163 2073 2189; x_wconf 85' lang='lat' dir='ltr'>eidem</span> <span class='ocrx_word' id='word_1_585' title='bbox 2091 2163 2267 2189; x_wconf 73' lang='lat' dir='ltr'>monasterio</span> <span class='ocrx_word' id='word_1_586' title='bbox 2283 2163 2319 2190; x_wconf 87' lang='lat' dir='ltr'>ab</span> <span class='ocrx_word' id='word_1_587' title='bbox 2338 2164 2436 2190; x_wconf 84' lang='lat' dir='ltr'>omni-</span> 
     </span>
     <span class='ocr_line' id='line_1_83' title="bbox 1427 2212 2436 2246; baseline 0 -8"><span class='ocrx_word' id='word_1_588' title='bbox 1427 2213 1479 2239; x_wconf 73' lang='lat' dir='ltr'>bus</span> <span class='ocrx_word' id='word_1_589' title='bbox 1497 2212 1545 2246; x_wconf 75' lang='lat' dir='ltr'>qui</span> <span class='ocrx_word' id='word_1_590' title='bbox 1564 2212 1592 2238; x_wconf 91' lang='lat' dir='ltr'>in</span> <span class='ocrx_word' id='word_1_591' title='bbox 1617 2212 1740 2238; x_wconf 71' lang='lat' dir='ltr'>cix-itate</span> <span class='ocrx_word' id='word_1_592' title='bbox 1756 2212 1946 2238; x_wconf 76' lang='lat' dir='ltr'>Atrebatensi</span> <span class='ocrx_word' id='word_1_593' title='bbox 1970 2220 2080 2238; x_wconf 75' lang='lat' dir='ltr'>merces</span> <span class='ocrx_word' id='word_1_594' title='bbox 2102 2212 2238 2238; x_wconf 84' lang='lat' dir='ltr'>emebant</span> <span class='ocrx_word' id='word_1_595' title='bbox 2257 2213 2303 2238; x_wconf 77' lang='lat' dir='ltr'>vel</span> <span class='ocrx_word' id='word_1_596' title='bbox 2326 2212 2436 2238; x_wconf 86' lang='lat' dir='ltr'>vende—</span> 
     </span>
    </p>
   </div>
   <div class='ocr_carea' id='block_1_10' title="bbox 2027 1904 2365 1935">
    <p class='ocr_par' dir='ltr' id='par_1_10' title="bbox 2027 1904 2365 1935">
     <span class='ocr_line' id='line_1_84' title="bbox 2027 1904 2365 1935; baseline 0 -4"><span class='ocrx_word' id='word_1_597' title='bbox 2027 1905 2147 1935; x_wconf 82' lang='lat' dir='ltr'>Latran,</span> <span class='ocrx_word' id='word_1_598' title='bbox 2165 1904 2199 1931; x_wconf 87' lang='lat'>10</span> <span class='ocrx_word' id='word_1_599' title='bbox 2213 1905 2271 1931; x_wconf 85' lang='lat' dir='ltr'>mai</span> <span class='ocrx_word' id='word_1_600' title='bbox 2286 1904 2365 1931; x_wconf 73' lang='lat'>1239.</span> 
     </span>
    </p>
   </div>
   <div class='ocr_carea' id='block_1_11' title="bbox 1427 2261 2438 2702">
    <p class='ocr_par' dir='ltr' id='par_1_11' title="bbox 1427 2261 2438 2490">
     <span class='ocr_line' id='line_1_85' title="bbox 1428 2261 2438 2294; baseline 0 -7"><span class='ocrx_word' id='word_1_601' title='bbox 1428 2262 1509 2289; x_wconf 73' lang='lat' dir='ltr'>bantv</span> <span class='ocrx_word' id='word_1_602' title='bbox 1522 2261 1632 2292; x_wconf 82' lang='lat' dir='ltr'>debito,</span> <span class='ocrx_word' id='word_1_603' title='bbox 1643 2261 1672 2287; x_wconf 91' lang='lat' dir='ltr'>in</span> <span class='ocrx_word' id='word_1_604' title='bbox 1688 2263 1747 2287; x_wconf 73' lang='grc'>1010</span> <span class='ocrx_word' id='word_1_605' title='bbox 1759 2261 1959 2287; x_wconf 75' lang='lat' dir='ltr'>ecclesiastico</span> <span class='ocrx_word' id='word_1_606' title='bbox 1972 2261 2126 2294; x_wconf 81' lang='lat' dir='ltr'>permittat</span> <span class='ocrx_word' id='word_1_607' title='bbox 2138 2261 2276 2294; x_wconf 77' lang='lat' dir='ltr'>experiri,</span> <span class='ocrx_word' id='word_1_608' title='bbox 2289 2261 2389 2294; x_wconf 84' lang='lat' dir='ltr'>eisque</span> <span class='ocrx_word' id='word_1_609' title='bbox 2403 2262 2438 2287; x_wconf 87' lang='lat' dir='ltr'>de</span> 
     </span>
     <span class='ocr_line' id='line_1_86' title="bbox 1428 2309 2437 2343; baseline 0 -7"><span class='ocrx_word' id='word_1_610' title='bbox 1428 2310 1581 2336; x_wconf 76' lang='lat' dir='ltr'>nonnullis</span> <span class='ocrx_word' id='word_1_611' title='bbox 1600 2310 1667 2336; x_wconf 84' lang='lat' dir='ltr'>aliis</span> <span class='ocrx_word' id='word_1_612' title='bbox 1685 2310 1803 2336; x_wconf 81' lang='lat' dir='ltr'>damnis</span> <span class='ocrx_word' id='word_1_613' title='bbox 1818 2310 1996 2343; x_wconf 75' lang='lat' dir='ltr'>injuriisque</span> <span class='ocrx_word' id='word_1_614' title='bbox 2011 2310 2147 2343; x_wconf 74' lang='lat' dir='ltr'>irrogatis</span> <span class='ocrx_word' id='word_1_615' title='bbox 2164 2309 2345 2341; x_wconf 53' lang='lat' dir='ltr'>satisfaciam</span> <span class='ocrx_word' id='word_1_616' title='bbox 2361 2311 2437 2343; x_wconf 77' lang='lat' dir='ltr'>quod</span> 
     </span>
     <span class='ocr_line' id='line_1_87' title="bbox 1427 2358 2437 2392; baseline 0 -7"><span class='ocrx_word' id='word_1_617' title='bbox 1427 2359 1450 2385; x_wconf 83' lang='lat' dir='ltr'>si</span> <span class='ocrx_word' id='word_1_618' title='bbox 1467 2359 1565 2385; x_wconf 83' lang='lat' dir='ltr'>dictus</span> <span class='ocrx_word' id='word_1_619' title='bbox 1577 2367 1673 2385; x_wconf 57' lang='lat' dir='ltr'>munies</span> <span class='ocrx_word' id='word_1_620' title='bbox 1689 2359 1862 2384; x_wconf 78' lang='lat' dir='ltr'>mandatum</span> <span class='ocrx_word' id='word_1_621' title='bbox 1876 2358 2069 2392; x_wconf 77' lang='lat' dir='ltr'>apostolicum</span> <span class='ocrx_word' id='word_1_622' title='bbox 2085 2358 2247 2392; x_wconf 74' lang='lat' dir='ltr'>neglexerit</span> <span class='ocrx_word' id='word_1_623' title='bbox 2261 2358 2437 2392; x_wconf 79' lang='lat' dir='ltr'>adimplere.</span> 
     </span>
     <span class='ocr_line' id='line_1_88' title="bbox 1427 2407 2438 2441; baseline 0.001 -8"><span class='ocrx_word' id='word_1_624' title='bbox 1427 2416 1514 2441; x_wconf 82' lang='lat' dir='ltr'>super</span> <span class='ocrx_word' id='word_1_625' title='bbox 1537 2407 1708 2441; x_wconf 82' lang='lat' dir='ltr'>praemissis</span> <span class='ocrx_word' id='word_1_626' title='bbox 1733 2407 1897 2440; x_wconf 78' lang='lat' dir='ltr'>inquirant.</span> <span class='ocrx_word' id='word_1_627' title='bbox 1922 2410 1949 2433; x_wconf 85' lang='lat' dir='ltr'>et</span> <span class='ocrx_word' id='word_1_628' title='bbox 1970 2415 2044 2440; x_wconf 85' lang='lat' dir='ltr'>quae</span> <span class='ocrx_word' id='word_1_629' title='bbox 2065 2407 2247 2439; x_wconf 76' lang='lat' dir='ltr'>invenerint,</span> <span class='ocrx_word' id='word_1_630' title='bbox 2272 2407 2328 2441; x_wconf 87' lang='lat' dir='ltr'>ipsi</span> <span class='ocrx_word' id='word_1_631' title='bbox 2347 2415 2438 2441; x_wconf 86' lang='lat' dir='ltr'>papae</span> 
     </span>
     <span class='ocr_line' id='line_1_89' title="bbox 1428 2454 2331 2490; baseline 0 -8"><span class='ocrx_word' id='word_1_632' title='bbox 1428 2457 1580 2483; x_wconf 79' lang='lat' dir='ltr'>intiment.</span> <span class='ocrx_word' id='word_1_633' title='bbox 1600 2471 1630 2473; x_wconf 97' lang='lat'><strong>—</strong></span> <span class='ocrx_word' id='word_1_634' title='bbox 1649 2457 1735 2487; x_wconf 67' lang='lat' dir='ltr'>(um.</span> <span class='ocrx_word' id='word_1_635' title='bbox 1752 2456 1794 2486; x_wconf 82' lang='lat'>19.</span> <span class='ocrx_word' id='word_1_636' title='bbox 1814 2457 1833 2481; x_wconf 84' lang='lat' dir='ltr'>f.</span> <span class='ocrx_word' id='word_1_637' title='bbox 1849 2454 2127 2490; x_wconf 73' lang='lat' dir='ltr'>111[105]v⁰;an11.</span> <span class='ocrx_word' id='word_1_638' title='bbox 2141 2456 2223 2484; x_wconf 78' lang='lat' dir='ltr'>XIII.</span> <span class='ocrx_word' id='word_1_639' title='bbox 2237 2465 2260 2482; x_wconf 83' lang='lat' dir='ltr'>c.</span> <span class='ocrx_word' id='word_1_640' title='bbox 2274 2456 2331 2487; x_wconf 87' lang='grc'>39.)</span> 
     </span>
    </p>

    <p class='ocr_par' dir='ltr' id='par_1_12' title="bbox 1427 2557 2438 2702">
     <span class='ocr_line' id='line_1_90' title="bbox 1470 2557 2436 2593; baseline 0.001 -8"><span class='ocrx_word' id='word_1_641' title='bbox 1470 2570 1482 2582; x_wconf 70' lang='grc' dir='ltr'>ιι</span> <span class='ocrx_word' id='word_1_642' title='bbox 1511 2581 1528 2585; x_wconf 90' lang='grc'>..</span> <span class='ocrx_word' id='word_1_643' title='bbox 1555 2558 1674 2591; x_wconf 71' lang='lat' dir='ltr'>decano,</span> <span class='ocrx_word' id='word_1_644' title='bbox 1697 2580 1713 2585; x_wconf 83' lang='grc'>,.</span> <span class='ocrx_word' id='word_1_645' title='bbox 1734 2558 1853 2585; x_wconf 61' lang='grc'>1111111111</span> <span class='ocrx_word' id='word_1_646' title='bbox 1876 2562 1901 2585; x_wconf 76' lang='lat' dir='ltr'>et</span> <span class='ocrx_word' id='word_1_647' title='bbox 1925 2558 2073 2593; x_wconf 63' lang='lat' dir='ltr'>magistro</span> <span class='ocrx_word' id='word_1_648' title='bbox 2097 2557 2251 2585; x_wconf 60' lang='grc' dir='ltr'>λιιι-(11101111</span> <span class='ocrx_word' id='word_1_649' title='bbox 2273 2558 2436 2590; x_wconf 74' lang='lat' dir='ltr'>Bethania,</span> 
     </span>
     <span class='ocr_line' id='line_1_91' title="bbox 1427 2609 2438 2649; baseline -0.001 -9"><span class='ocrx_word' id='word_1_650' title='bbox 1427 2612 1573 2640; x_wconf 75' lang='lat' dir='ltr'>canonico</span> <span class='ocrx_word' id='word_1_651' title='bbox 1591 2610 1894 2649; x_wconf 60' lang='lat' dir='ltr'>Cczmerszcen[sibus]⁸</span> <span class='ocrx_word' id='word_1_652' title='bbox 1918 2611 1961 2639; x_wconf 90' lang='lat' dir='ltr'>Ut</span> <span class='ocrx_word' id='word_1_653' title='bbox 1982 2609 2166 2640; x_wconf 84' lang='lat' dir='ltr'>secularem</span> <span class='ocrx_word' id='word_1_654' title='bbox 2190 2611 2371 2647; x_wconf 86' lang='lat' dir='ltr'>potentiam</span> <span class='ocrx_word' id='word_1_655' title='bbox 2388 2611 2438 2639; x_wconf 91' lang='lat' dir='ltr'>di-</span> 
     </span>
     <span class='ocr_line' id='line_1_92' title="bbox 1427 2663 2436 2702; baseline -0.001 -10"><span class='ocrx_word' id='word_1_656' title='bbox 1427 2664 1510 2694; x_wconf 78' lang='lat' dir='ltr'>lecto</span> <span class='ocrx_word' id='word_1_657' title='bbox 1538 2663 1606 2692; x_wconf 83' lang='lat' dir='ltr'>filio</span> <span class='ocrx_word' id='word_1_658' title='bbox 1635 2663 1739 2691; x_wconf 88' lang='lat' dir='ltr'>nobili</span> <span class='ocrx_word' id='word_1_659' title='bbox 1767 2663 1837 2692; x_wconf 87' lang='lat' dir='ltr'>viro</span> <span class='ocrx_word' id='word_1_660' title='bbox 1862 2663 2042 2702; x_wconf 87' lang='lat' dir='ltr'>R[oberto].</span> <span class='ocrx_word' id='word_1_661' title='bbox 2077 2663 2190 2692; x_wconf 87' lang='lat' dir='ltr'>comiti</span> <span class='ocrx_word' id='word_1_662' title='bbox 2212 2663 2436 2697; x_wconf 77' lang='lat' dir='ltr'>Atrebatensi.</span> 
     </span>
    </p>
   </div>
   <div class='ocr_carea' id='block_1_12' title="bbox 1427 2715 2437 2923">
    <p class='ocr_par' dir='ltr' id='par_1_13' title="bbox 1427 2715 2437 2923">
     <span class='ocr_line' id='line_1_93' title="bbox 1427 2715 2437 2754; baseline 0 -9"><span class='ocrx_word' id='word_1_663' title='bbox 1427 2725 1583 2754; x_wconf 82' lang='lat' dir='ltr'>germano</span> <span class='ocrx_word' id='word_1_664' title='bbox 1607 2716 1773 2745; x_wconf 80' lang='lat' dir='ltr'>carissimi</span> <span class='ocrx_word' id='word_1_665' title='bbox 1802 2716 1835 2744; x_wconf 89' lang='lat' dir='ltr'>in</span> <span class='ocrx_word' id='word_1_666' title='bbox 1864 2716 1997 2746; x_wconf 90' lang='lat' dir='ltr'>Christo</span> <span class='ocrx_word' id='word_1_667' title='bbox 2028 2715 2087 2744; x_wconf 85' lang='lat' dir='ltr'>filii</span> <span class='ocrx_word' id='word_1_668' title='bbox 2121 2716 2226 2745; x_wconf 86' lang='lat' dir='ltr'>nostri</span> <span class='ocrx_word' id='word_1_669' title='bbox 2251 2739 2271 2744; x_wconf 92' lang='lat'>..</span> <span class='ocrx_word' id='word_1_670' title='bbox 2299 2717 2437 2745; x_wconf 87' lang='lat' dir='ltr'>Francie</span> 
     </span>
     <span class='ocr_line' id='line_1_94' title="bbox 1459 2847 2342 2877; baseline 0 -6"><span class='ocrx_word' id='word_1_671' title='bbox 1459 2849 1478 2871; x_wconf 88' lang='lat'>1.</span> <span class='ocrx_word' id='word_1_672' title='bbox 1499 2851 1546 2872; x_wconf 77' lang='lat' dir='ltr'>Ms.</span> <span class='ocrx_word' id='word_1_673' title='bbox 1563 2858 1569 2871; x_wconf 84' lang='lat'>.·</span> <span class='ocrx_word' id='word_1_674' title='bbox 1587 2855 1706 2871; x_wconf 80' lang='lat' dir='ltr'>causam.</span> <span class='ocrx_word' id='word_1_675' title='bbox 1722 2861 1753 2864; x_wconf 96' lang='lat'><strong>—</strong></span> <span class='ocrx_word' id='word_1_676' title='bbox 1770 2847 1842 2871; x_wconf 84' lang='lat' dir='ltr'>Dans</span> <span class='ocrx_word' id='word_1_677' title='bbox 1859 2848 1884 2870; x_wconf 88' lang='lat' dir='ltr'>la</span> <span class='ocrx_word' id='word_1_678' title='bbox 1900 2847 1976 2877; x_wconf 69' lang='lat' dir='ltr'>piece</span> <span class='ocrx_word' id='word_1_679' title='bbox 1992 2847 2157 2877; x_wconf 75' lang='lat' dir='ltr'>precedente</span> <span class='ocrx_word' id='word_1_680' title='bbox 2175 2857 2179 2869; x_wconf 73' lang='grc' dir='ltr'><strong>ι</strong></span> <span class='ocrx_word' id='word_1_681' title='bbox 2198 2856 2208 2868; x_wconf 74' lang='lat' dir='ltr'>u</span> <span class='ocrx_word' id='word_1_682' title='bbox 2223 2855 2314 2871; x_wconf 81' lang='lat' dir='ltr'>causa.</span> <span class='ocrx_word' id='word_1_683' title='bbox 2332 2857 2342 2870; x_wconf 80' lang='grc' dir='ltr'><strong>υ</strong></span> 
     </span>
     <span class='ocr_line' id='line_1_95' title="bbox 1457 2891 2437 2923; baseline 0 -7"><span class='ocrx_word' id='word_1_684' title='bbox 1457 2893 1470 2916; x_wconf 61' lang='lat'>*2</span> <span class='ocrx_word' id='word_1_685' title='bbox 1498 2892 1547 2916; x_wconf 90' lang='lat' dir='ltr'>Ms.</span> <span class='ocrx_word' id='word_1_686' title='bbox 1566 2901 1571 2915; x_wconf 92' lang='lat'><em>:</em></span> <span class='ocrx_word' id='word_1_687' title='bbox 1589 2896 1624 2915; x_wconf 85' lang='lat' dir='ltr'>et.</span> <span class='ocrx_word' id='word_1_688' title='bbox 1644 2906 1672 2908; x_wconf 97' lang='lat'><strong>—</strong></span> <span class='ocrx_word' id='word_1_689' title='bbox 1693 2892 1730 2916; x_wconf 85' lang='lat' dir='ltr'>Le</span> <span class='ocrx_word' id='word_1_690' title='bbox 1747 2896 1801 2915; x_wconf 86' lang='lat' dir='ltr'>mot</span> <span class='ocrx_word' id='word_1_691' title='bbox 1818 2900 1830 2913; x_wconf 88' lang='lat'>«</span> <span class='ocrx_word' id='word_1_692' title='bbox 1847 2891 1910 2914; x_wconf 89' lang='lat' dir='ltr'>inde</span> <span class='ocrx_word' id='word_1_693' title='bbox 1927 2899 1938 2913; x_wconf 89' lang='lat'>»</span> <span class='ocrx_word' id='word_1_694' title='bbox 1955 2894 1995 2914; x_wconf 82' lang='lat' dir='ltr'>est</span> <span class='ocrx_word' id='word_1_695' title='bbox 2013 2891 2127 2914; x_wconf 79' lang='lat' dir='ltr'>restitue</span> <span class='ocrx_word' id='word_1_696' title='bbox 2144 2891 2178 2915; x_wconf 88' lang='lat' dir='ltr'>ici</span> <span class='ocrx_word' id='word_1_697' title='bbox 2197 2891 2302 2922; x_wconf 74' lang='lat' dir='ltr'>d&#39;apres</span> <span class='ocrx_word' id='word_1_698' title='bbox 2318 2893 2343 2915; x_wconf 88' lang='lat' dir='ltr'>la</span> <span class='ocrx_word' id='word_1_699' title='bbox 2361 2893 2437 2923; x_wconf 61' lang='lat' dir='ltr'>pii-ce</span> 
     </span>
    </p>
   </div>
   <div class='ocr_carea' id='block_1_13' title="bbox 1427 2937 1601 2967">
    <p class='ocr_par' dir='ltr' id='par_1_14' title="bbox 1427 2937 1601 2967">
     <span class='ocr_line' id='line_1_96' title="bbox 1427 2937 1601 2967; baseline -0.011 -6"><span class='ocrx_word' id='word_1_700' title='bbox 1427 2937 1601 2967; x_wconf 73' lang='lat' dir='ltr'>precedente.</span> 
     </span>
    </p>
   </div>
  </div>
 </body>
</html>
