2553 3526
280 341 336 369 607
1009 324 1249 358 REGISTRES
1271 323 1327 352 DE
1351 314 1574 351 GREGOIRE
1597 321 1655 351 tx.
2327 320 2388 350 503

285 405 452 434 securitatis
465 403 510 430 his
527 402 576 437 qui
588 400 738 429 Ecclesiae
750 399 955 427 adhaeserant,
970 398 1118 429 praestare
1129 391 1289 422 noluerint,

283 463 388 489 eosque
409 453 444 479 de
466 451 574 478 litteris
590 447 845 485 praecedentibus,
871 445 907 472 ad
936 445 1045 477 legatos
1072 441 1108 468 ab
1128 441 1191 475 ipso
1218 447 1293 473 papa

283 503 416 534 directis,
438 500 576 527 certiores
593 498 674 525 facit.
690 511 721 515 —
736 497 822 528 (nm.
838 495 912 521 PER.
929 493 949 519 f.
966 492 1000 518 15
1016 496 1050 523 1⁸⁰,
1066 495 1096 516 ιιο
1111 489 1168 520 69.)

325 611 337 623 «
357 596 390 635 [.
414 594 588 633 patriarche
609 590 814 628 stagninarum.
836 611 855 616 ..
875 585 1108 622 salzeburgensi
1124 583 1294 620 archiepis-

282 660 351 687 copo
370 654 394 677 cl
420 671 438 676 ..
461 648 593 683 episcopo
615 642 833 680 Ralispancnsi,
861 645 886 668 el
908 639 1025 667 dilectis
1046 638 1123 673 filiis
1145 636 1295 664 nobilibus

287 704 363 733 viris
376 698 567 739 L[s1(!)›‹rI«Io].
586 697 707 726 Austris]
722 700 747 723 ct
763 694 891 731 styrie&
912 689 1100 730 [qm-nardo}
1121 688 1290 723 Carinlhie,

285 763 309 784 ri
332 752 469 792 Hylam}
488 745 638 780 ,ῑΙει-ιιηῐεῖ
655 747 806 783 ilia—ihus]
828 744 1028 781 Recepimus
1046 751 1150 780 nupcr
1166 740 1295 770 litteras

285 812 423 837 vestras.
443 806 529 834 inter
542 802 605 832 alia
619 800 828 831 continentes
845 805 993 834 supereo
1010 794 1096 833 quod
1113 791 1296 823 venerabili

290 860 385 890 fratri
403 863 514 887 nostro
534 879 553 884 ..
579 843 757 884 Sabinensi
774 851 926 889 episcopo
944 853 974 878 et
992 847 1112 877 dilecto
1127 846 1195 875 filio
1219 854 1296 874 nos-

291 920 338 943 tro
356 909 516 951 T[llome].
538 908 626 938 tituli
643 908 761 937 Sancte
779 904 900 934 Sabine
918 901 1101 940 presbitero
1121 897 1295 928 cardinali.

289 964 476 1004 Apostolicc
508 961 602 992 Sedis
628 958 758 996 legatis,
787 955 1017 985 mandavimus
1041 957 1073 982 ut
1100 953 1133 981 in
1165 950 1297 987 negotio

288 1017 463 1057 procedere
486 1024 550 1044 non
572 1013 741 1043 deberent.
762 1018 818 1038 vos
842 1008 1023 1046 plurimum
1040 1004 1223 1037 ammirari,
1241 1012 1298 1041 pe-

288 1076 394 1101 tcntcs
412 1078 470 1099 nos
491 1066 660 1097 attendere
679 1065 713 1093 in
732 1063 791 1092 hac
813 1066 904 1100 parte
925 1064 1086 1098 quantuni
1107 1056 1227 1086 honori
1242 1056 1298 1085 de-

288 1129 422 1161 rogetur
439 1120 598 1151 Ecclesie.
617 1119 645 1147 si
662 1126 699 1147 ea
717 1125 779 1154 que
798 1124 855 1153 pro
874 1122 953 1152 pace
970 1111 1133 1150 promissa
1150 1110 1297 1143 fuerunt,

289 1179 325 1207 in
344 1176 476 1205 irritum
498 1176 705 1203 revocentur.
728 1170 825 1199 Sane.
849 1176 923 1196 cnm
943 1165 1007 1194 viri
1027 1164 1102 1194 sitis
1122 1162 1250 1201 providi
1269 1167 1300 1191 et

288 1228 436 1262 discreti,
462 1235 526 1256 non
544 1225 651 1255 solum
674 1223 709 1252 in
731 1219 962 1251 ammiratione
988 1222 1095 1247 vestra
1119 1216 1297 1249 miramur,

293 1283 352 1314 sed
371 1282 470 1311 ctiam
489 1278 615 1309 turbari
631 1277 780 1314 cogimur
794 1279 823 1303 et
840 1272 976 1307 moveri,
997 1280 1071 1300 cum
1090 1269 1266 1299 nolueritis
1276 1270 1298 1303 ³,

290 1336 390 1366 etiam
415 1333 564 1363 absoluto
586 1330 752 1367 Principe,
776 1327 842 1356 nisi
861 1326 953 1364 prius
973 1324 1109 1353 inventa
1132 1323 1195 1357 via,
1222 1331 1301 1351 cau-

291 1390 415 1418 tionem
431 1389 579 1425 prestare
594 1383 746 1422 petitam:
761 1389 817 1418 per
836 1378 923 1417 quod
939 1377 1011 1407 sine
1029 1381 1167 1413 treugua
1180 1379 1209 1404 et
1222 1383 1300 1412 pace

287 1443 499 1472 remanerent
510 1435 661 1475 expositi,
677 1434 734 1473 qni
744 1432 891 1463 Ecclesie
905 1430 1119 1460 adheserunt.
1134 1429 1300 1461 Preterea,

292 1498 406 1525 contra
423 1496 516 1530 pacta
534 1494 565 1519 ct
580 1488 744 1527 promissa
763 1490 872 1515 vestra
889 1488 920 1513 et
936 1484 1076 1512 formam
1100 1484 1302 1518 acceptatam

289 1548 331 1578 ab
346 1547 428 1585 ipso.
443 1543 564 1574 nobilis
577 1542 626 1570 vir
643 1548 752 1570 comes
768 1537 932 1575 Roget-ius
951 1535 1047 1566 terris
1060 1543 1142 1573 quas
1157 1533 1298 1567 tenebat,

293 1600 400 1631 extitit
427 1597 599 1636 spoliatus.
625 1599 654 1623 et
674 1594 708 1622 in
725 1596 866 1622 tractatu
883 1589 973 1628 pacis
996 1588 1130 1627 quidam
1148 1586 1303 1617 Gaietani

289 1655 385 1693 juxta
417 1651 585 1681 civitatem
613 1655 727 1677 eorum
754 1649 832 1674 sunt
855 1643 950 1681 capti,
980 1650 1015 1671 ac
1043 1639 1301 1673 Beneventanis,

293 1706 440 1737 Ecclesie
460 1706 607 1734 Romane
628 1699 794 1732 fidelibus,
821 1698 954 1734 frugum
976 1702 1112 1725 suarum
1129 1698 1177 1723 est
1200 1693 1305 1722 inter-

293 1761 381 1790 dicta
395 1756 545 1787 collectio
561 1764 597 1784 ac
615 1754 725 1791 aliqua
743 1751 922 1783 devastata,
940 1753 970 1778 et
986 1745 1147 1777 nonnulla
1158 1745 1229 1775 loca
1241 1754 1305 1783 que

295 1816 451 1843 tenentur
475 1818 531 1847 per
555 1806 748 1839 Ecclesiam,
774 1807 851 1833 sunt
875 1802 1022 1831 obsessa.
1042 1799 1150 1833 Unde,
1176 1798 1204 1827 si
1231 1806 1306 1836 pre-

294 1866 397 1894 missa
414 1863 592 1899 diligenter
607 1858 819 1889 considerare
835 1854 958 1887 velitis,
976 1852 1153 1882 miratione
1168 1851 1306 1888 dignum

297 1917 468 1947 videbitis.
496 1914 583 1953 quod
607 1911 720 1942 fuistis
744 1918 843 1947 super
868 1907 1023 1937 mandato
1047 1909 1160 1934 nostro
1181 1903 1305 1933 mirati.

298 1972 406 2008 Quare
424 1968 538 1999 sciatis
553 1975 612 1996 nos
629 1963 835 2003 injuncxissc
853 1960 971 1998 legatis
992 1958 1129 1991 eisdem,
1145 1962 1181 1986 ut
1198 1955 1307 1985 nulla-

295 2030 392 2055 tenus
409 2023 444 2052 in
462 2020 593 2058 negotio
613 2019 685 2057 ipso
706 2015 893 2055 procedant,
915 2013 981 2043 nisi
998 2012 1090 2050 prius
1109 2011 1234 2049 prefato
1253 2018 1307 2039 co-

297 2078 370 2107 miti
387 2081 461 2110 eto,
480 2080 513 2104 ut
531 2075 566 2103 in
583 2073 660 2106 alia,
683 2078 788 2108 usque
810 2069 844 2097 in
868 2068 980 2097 finem.
1001 2067 1075 2095 Dat.
1092 2063 1260 2098 Laterani,
1280 2063 1308 2092 V

298 2139 402 2160 nonas
416 2128 504 2167 julii.
525 2140 537 2153 ›>

368 2286 488 2316 (3120
704 2282 809 2309 Grotta
824 2280 955 2307 Ferrata,
972 2277 1005 2303 12
1019 2276 1118 2310 juillet
1134 2272 1236 2309 [1230]

334 2351 478 2385 Episcopo
507 2345 666 2374 Sabinensi
691 2348 720 2371 ct
746 2343 887 2373 Thomae,
914 2339 996 2367 tituli
1025 2339 1152 2365 Sanctae
1181 2336 1309 2363 Sabinae

298 2400 470 2435 presbytero
496 2394 653 2425 cardinali,
679 2391 850 2427 apostolicis
879 2389 995 2423 legatis,
1020 2387 1141 2413 mandat
1164 2388 1310 2419 quatenus

298 2449 460 2476 secundum
488 2453 594 2472 novam
619 2445 756 2473 formam,
780 2440 834 2467 sub
858 2447 910 2466 sua
931 2438 1011 2464 bulla
1033 2436 1225 2462 interclusam
1235 2434 1254 2466 ¹,
1278 2434 1309 2460 in

299 2497 415 2531 negotio
432 2495 512 2529 pacis
530 2492 699 2527 procedant.
718 2504 749 2508 —-
766 2489 853 2520 (Rea.
869 2487 944 2514 PER.
961 2487 981 2512 t'.
998 2485 1031 2511 15
1048 2489 1082 2516 r0,
1098 2493 1126 2510 n.
1141 2480 1270 2517 70›{71].)

341 2605 353 2618 α
376 2591 409 2629 [..
428 2591 562 2627 episcopo
578 2585 740 2616 Sabinensi
756 2588 780 2612 c!
802 2579 946 2621 T[h0me].
966 2579 1052 2608 {ilztli
1074 2579 1181 2607 Sancte
1203 2577 1311 2605 Sabine

333 2698 353 2721 1.
371 2699 422 2720 Ms-
439 2705 445 2719 .·
461 2696 524 2725 Syr.

330 2744 352 2767 2.
374 2745 415 2766 Au
431 2742 486 2764 lieu
504 2740 537 2763 de
554 2747 558 2762 :
577 2741 617 2766 B.,
640 2736 795 2762 Carinlhie,
813 2736 835 2757 el
857 2736 896 2761 0.,
915 2732 1040 2755 Mer-anie
1057 2730 1189 2757 ducibus,
1210 2729 1234 2751 le
1255 2735 1313 2750 nia-

300 2788 405 2812 nuscrit
425 2786 517 2808 donne
537 2784 562 2806 la
583 2783 663 2813 lecon
679 2780 837 2810 triplement
861 2777 966 2800 fautive
983 2782 988 2798 :
1007 2777 1045 2803 0.,
1065 2774 1208 2797 Carinlhie
1227 2775 1251 2795 et
1271 2774 1314 2799 B.,

300 2833 422 2856 Moravie
444 2830 576 2852 (lucibus.
598 2839 627 2843 -
653 2823 771 2849 Richard
797 2822 830 2845 de
849 2820 1058 2845 SamGermano
1081 2818 1149 2841 ecrit
1171 2817 1204 2840 de
1226 2816 1313 2839 meme

302 2876 502 2900 constamment
514 2874 572 2895 dux
590 2870 712 2894 Morauie
730 2874 799 2898 pour
813 2868 872 2889 dux
888 2865 1025 2888 Meranie.

333 2921 354 2943 3.
372 2919 448 2943 Nous
465 2921 630 2940 retrouvons
645 2914 689 2939 ici,
704 2916 729 2935 et
746 2912 814 2934 dans
829 2913 905 2933 toute
919 2909 944 2932 la
957 2906 1077 2932 seconde
1092 2906 1179 2936 partie
1194 2905 1228 2928 de
1241 2907 1313 2928 cette

301 2965 389 2995 prece,
412 2964 451 2986 les
473 2960 650 2991 expressions
667 2958 768 2981 memes
788 2956 821 2979 de
840 2955 866 2978 la
880 2955 959 2978 lettre
976 2952 1022 2983 qui
1040 2950 1157 2982 precede
1175 2952 1218 2979 (11⁰
1232 2949 1313 2975 6168).

337 3009 358 3031 4.
379 3007 452 3031 C'est
462 3007 488 3029 la
501 3005 597 3029 ce'dule
614 3003 660 3033 qui
676 3002 741 3025 suit.

1372 388 1534 424 presbitero
1549 387 1717 421 cardinali,
1734 386 1899 424 Apostolice
1915 386 2001 415 Sedis
2021 386 2138 423 leyatis.
2157 386 2313 424 Receptis
2327 386 2387 415 lit-

1373 439 1454 470 teris
1480 439 1611 473 vestris,
1643 444 1673 469 et
1701 443 1767 468 tam
1793 438 1861 468 hiis
1885 447 1948 476 que
1978 438 2236 468 continebantur
2259 438 2294 467 in
2325 439 2386 474 eis,

1375 501 1474 531 quam
1490 492 1668 530 propositis
1687 501 1704 521 a
1721 491 1850 521 nuntiis
1867 490 2044 528 Principis,
2071 490 2267 528 diligentius
2284 491 2388 521 intel-

1374 545 1482 580 lectis,
1504 549 1575 584 post
1599 549 1775 574 tractatum
1798 544 1966 574 diutinum
1990 552 2065 573 curn
2082 543 2243 574 fratribus
2261 544 2387 574 nostris

1377 602 1407 627 et
1424 598 1617 628 collationes
1636 597 1850 636 multiplices,
1870 601 2003 634 propter
2025 596 2130 626 multa
2145 597 2339 634 gravamina
2355 600 2390 627 et

1376 651 1524 690 pericula
1545 651 1768 685 imminentia,
1792 650 1933 679 formam
1958 649 2182 687 concepimus,
2205 658 2304 687 quam
2325 649 2391 679 sub

1377 703 1469 733 bulla
1491 708 1603 733 nostra
1630 703 1794 732 mittimus
1818 701 2048 731 interclusam.
2077 701 2238 738 Quocirca
2262 701 2389 732 discre-

1380 757 1461 785 tioni
1483 761 1602 786 vestre.
1621 756 1659 786 de
1682 756 1845 785 dictorum
1866 755 2008 784 fratrum
2029 759 2217 784 nostrorum
2233 754 2389 789 consilio,

1381 818 1436 846 per
1457 808 1637 847 apostolica
1664 809 1786 846 scripta
1809 807 2005 837 mandamus
2024 811 2188 845 quatenus
2204 815 2321 837 secure
2336 816 2390 837 se-

1380 862 1524 891 cundum
1547 862 1688 891 formam
1711 861 1849 891 eandem
1873 860 1907 889 in
1935 860 2112 890 commisso
2139 859 2233 889 vobis
2258 860 2394 897 negotio

1380 914 1577 953 procedatis,
1595 914 1662 943 nisi
1678 914 1761 943 forte
1780 913 1883 948 vobis,
1903 913 1960 951 qui
1981 913 2077 951 plene
2100 912 2241 942 novistis
2265 912 2393 950 negotii

1381 967 1651 997 circumstantias
1678 967 1872 1000 universas,
1905 965 1996 995 aliud
2018 966 2124 1003 magis
2154 965 2264 995 visum
2290 965 2396 996 fuerit

1382 1021 1546 1059 expedire,
1564 1020 1599 1048 in
1618 1019 1773 1049 omnibus
1790 1019 1866 1048 aliis
1885 1019 2024 1048 formam
2041 1018 2135 1048 vobis
2153 1018 2307 1048 traditam
2322 1027 2394 1048 ser-

1382 1073 1500 1103 vaturi.
1519 1074 1591 1102 Dat.
1611 1073 1698 1111 apud
1713 1073 1871 1111 Cryptam
1887 1073 2068 1106 Ferratam,
2088 1072 2155 1101 1111
2175 1071 2252 1101 idus
2268 1071 2358 1110 julii.
2378 1084 2393 1098 »

1454 1250 1568 1277 (3121
1811 1243 1960 1283 [Ocelum]

1425 1326 1438 1339 a
1465 1312 1593 1342 Amotis
1616 1312 1763 1341 exercitu
1787 1316 1816 1341 et
1840 1311 2089 1341 obsidionibus.
2117 1315 2149 1340 et
2172 1311 2398 1341 restitutioni-

1383 1367 1445 1395 bus
1478 1366 1591 1395 sactis.
1626 1370 1721 1402 prout
1755 1374 1859 1402 nuper
1888 1364 1981 1394 vobis
2011 1364 2163 1393 dedimus
2191 1364 2226 1393 in
2258 1365 2398 1395 manda-

1384 1419 1457 1449 tis¹.
1485 1427 1568 1448 cum.
1598 1417 1781 1447 secundum
1804 1422 1979 1446 tractatum
2004 1416 2166 1451 habitum,
2190 1417 2341 1447 Gaietam
2365 1421 2401 1448 et

1385 1472 1468 1502 alias
1489 1476 1592 1500 terras
1617 1475 1647 1500 et
1673 1479 1842 1508 personas,
1869 1470 1955 1499 sicut
1976 1470 2204 1507 scriptumest
2229 1470 2262 1499 in
2289 1471 2397 1500 forma

1385 1525 1476 1563 pacis
1500 1524 1593 1553 vobis
1613 1523 1742 1559 tradita,
1767 1523 1915 1552 Ecclesia
1939 1527 2050 1552 tenere
2075 1523 2191 1552 debeat
2215 1523 2256 1552 ad
2277 1532 2400 1553 manus

1386 1574 1494 1612 suas2,
1513 1578 1615 1607 donec
1638 1577 1691 1606 via
1711 1577 1915 1611 inveniatur,
1938 1585 2001 1615 que
2018 1585 2092 1605 cum
2108 1576 2234 1606 honore
2250 1576 2401 1608 Ecclesie

1386 1631 1495 1662 valeat
1517 1630 1680 1668 acceptari
1697 1640 1702 1658 :
1730 1629 1836 1667 primo
1854 1631 2041 1663 tractetur-³,
2069 1629 2107 1659 de
2126 1629 2294 1659 communi
2311 1629 2402 1660 bona

1387 1685 1568 1717 voluntate,
1593 1683 1632 1713 de
1656 1683 1708 1711 via
1732 1682 1935 1712 invenienda
1956 1691 2055 1720 super
2076 1682 2164 1711 facto
2187 1682 2348 1720 predict0;
2369 1687 2405 1713 et

1389 1738 1467 1777 quia
1490 1738 1599 1775 ipsum
1623 1735 1793 1773 negotium
1813 1735 1848 1764 in
1870 1740 1905 1765 se·
1929 1735 2069 1764 arduum
2091 1739 2150 1769 est,
2173 1741 2205 1765 et
2226 1735 2405 1766 hincinde

1388 1790 1491 1820 multe
1509 1789 1719 1824 difficultates
1736 1792 1926 1821 occurrunt,
1945 1796 2053 1817 annus
2070 1787 2111 1817 ad
2132 1787 2194 1817 hoc
2210 1788 2317 1825 detur,
2335 1789 2402 1819 nisi

1390 1843 1513 1882 ant[ea]
1533 1843 1585 1871 via
1604 1842 1710 1872 valeat
1729 1841 1896 1875 inveniri;
1920 1841 1960 1870 ad
1979 1850 2076 1879 quam
2093 1841 2331 1871 inveniendam
2348 1850 2407 1872 cu-

1389 1906 1460 1927 ram
1478 1901 1508 1926 et
1525 1895 1786 1926 sollicitudinem
1798 1894 1951 1924 volumus
1969 1893 2143 1930 adhibe1·e;
2161 1903 2221 1924 nec
2238 1895 2405 1926 terminus

1390 1951 1457 1980 nisi
1473 1950 1512 1979 de
1529 1957 1693 1979 consensu
1714 1948 1859 1986 partium
1878 1947 2021 1977 ulterius
2045 1952 2256 1986 prorogetur,
2280 1948 2340 1978 sed
2360 1949 2404 1984 si,

1391 2004 1477 2042 quod
1501 2001 1605 2032 absit!
1634 2001 1725 2030 infra
1746 2001 1872 2030 dictum
1896 2000 2076 2030 terminum
2098 2000 2153 2030 via
2175 2000 2312 2030 inventa
2336 2010 2402 2031 non

1389 2057 1502 2087 fuerit.
1530 2060 1648 2085 extunc
1667 2063 1725 2092 per
1743 2053 1885 2083 arbitros
1903 2053 2038 2083 interim
2060 2053 2230 2091 eligendos
2250 2055 2404 2092 proceda·

1391 2116 1444 2139 tur
1469 2109 1503 2138 in
1533 2108 1601 2141 via,
1626 2112 1662 2136 ut
1684 2106 1809 2136 dictum
1834 2110 1894 2141 est,
1922 2106 2142 2140 invenienda;
2170 2115 2310 2145 quorum
2337 2108 2407 2138 duo

1391 2163 1458 2192 sint
1475 2171 1513 2191 ex
1524 2165 1615 2199 parte
1626 2159 1783 2195 Ecclesie,
1799 2163 1828 2189 et
1845 2159 1909 2188 duo
1923 2168 1961 2188 ex
1974 2163 2066 2196 parte
2081 2160 2312 2197 Imperatoris;
2330 2161 2402 2199 qui,

1391 2215 1421 2244 si
1437 2213 1636 2244 concordare
1657 2221 1722 2242 non
1749 2216 1893 2250 possent,
1919 2211 2074 2250 quintum
2097 2212 2234 2250 eligant,
2262 2217 2294 2243 et
2315 2213 2408 2244 dicto

1392 2267 1528 2306 majoris
1551 2266 1656 2304 partis
1678 2269 1798 2299 stetur;
1822 2264 1870 2294 ita
1890 2268 2001 2294 tamen
2024 2264 2112 2302 qnod
2128 2266 2310 2303 Imperator
2326 2271 2408 2297 ante

1392 2319 1634 2350 absolutionem
1650 2318 1774 2357 jurabit
1794 2317 1880 2356 quod
1898 2317 2064 2356 predictas
2082 2322 2186 2348 terras
2203 2323 2234 2348 et
2249 2318 2409 2351 homines

1391 2373 1524 2403 interim
1542 2381 1649 2410 neque
1665 2372 1700 2401 in
1722 2371 1873 2410 personis
1892 2380 1998 2409 neque
2015 2371 2050 2400 in
2070 2371 2171 2402 rebus
2187 2372 2331 2403 offendet.
2354 2373 2406 2403 vel

1393 2426 1516 2456 offendi
1534 2425 1714 2463 permittet,
1733 2429 1763 2454 ct
1779 2424 1867 2453 viam
1889 2432 1947 2462 per
1967 2428 2144 2454 tractatum
2160 2424 2212 2454 vel
2228 2425 2408 2455 arbitrium

1392 2480 1563 2509 inventam
1583 2477 1785 2507 observabit.
1805 2476 1899 2512 Quod
1921 2477 1949 2506 si
1973 2481 2087 2506 contra
2107 2477 2247 2511 veniret,
2271 2482 2412 2508 senten-

1393 2532 1474 2562 tiam
1497 2529 1852 2561 excommunicationis
1876 2529 2034 2564 incurret,
2056 2538 2120 2567 que
2136 2529 2172 2558 in
2188 2529 2261 2568 ipsa
2276 2530 2409 2560 absolu-

1393 2585 1483 2614 tione
1503 2593 1521 2613 a
1536 2582 1788 2622 cardinal[ibus]
1806 2586 1854 2612 est
1866 2581 2020 2617 ferenda;
2037 2586 2179 2620 etsuper
2193 2582 2261 2613 hiis
2276 2583 2412 2614 litteras

1394 2647 1472 2668 suas
1489 2637 1591 2671 dabit,
1616 2645 1717 2666 aurea
1733 2635 1824 2665 bulla
1844 2635 2003 2666 munitas.
2020 2636 2068 2665 De
2083 2635 2221 2665 offensis
2237 2636 2338 2666 etiam
2352 2646 2409 2667 re-

1395 2689 1578 2724 mittendis,
1599 2688 1783 2718 secundum
1804 2688 1947 2717 formam
1967 2687 2133 2723 traditam,
2158 2688 2352 2719 Lombardis
2375 2694 2414 2720 et»

1428 2810 1449 2833 1.
1466 2809 1508 2833 Cf.
1525 2815 1621 2838 supra,
1639 2812 1668 2830 η’
1684 2807 1753 2836 6168,
1771 2809 1801 2830 in
1817 2808 1883 2836 fine.

1426 2854 1440 2878 ‘2
1467 2853 1508 2877 Gt.
1523 2859 1619 2882 supra,
1636 2858 1663 2875 n,
1679 2851 1739 2876 6154
1756 2854 1782 2874 et
1798 2851 1868 2875 6159.

1427 2899 1451 2922 3.
1472 2898 1510 2921 La
1526 2897 1587 2927 plus
1604 2895 1709 2926 grande
1724 2895 1813 2925 partie
1831 2895 1865 2918 de
1885 2901 1916 2918 ee
1939 2895 1986 2925 qui
2009 2895 2065 2918 suit
2084 2902 2114 2918 se
2131 2898 2272 2924 retrouve‚
2289 2897 2413 2920 mutatis

1396 2943 1554 2970 mutandis,
1568 2941 1636 2964 dans
1649 2941 1674 2963 la
1686 2940 1776 2968 lettre,
1792 2939 1853 2970 deja
1868 2939 1948 2967 citee,
1965 2939 2014 2963 des
2031 2949 2042 2960 u
2056 2940 2197 2970 principes
2208 2939 2318 2970 Imperii
2331 2949 2353 2969 υ,
2369 2940 2411 2963 du

1395 2987 1425 3011 ‘33
1438 2987 1527 3017 Jutllet
1541 2985 1661 3012 suivant,
1679 2983 1809 3014 analysee
1826 2984 1887 3014 plus
1902 2983 1968 3007 haut
1983 2990 2050 3007 sous
2067 2984 2093 3007 le
2107 2988 2136 3007 n·
2151 2983 2206 3007 414.
