2553 3526
163 309 220 338 549
1000 299 1244 343 QUINZIEME
1267 300 1425 336 ANNEE.
2208 320 2264 348 550

163 375 295 405 eosdem
320 373 605 411 archiepiscopum
627 378 657 403 et
682 374 836 412 priorem,
865 374 1016 412 pluribus
1034 381 1173 410 occupa-

163 427 310 457 tionibus
337 427 529 464 impeditos,
556 427 725 464 negotium
750 427 858 465 ipsum
885 436 948 456 11011
975 430 1112 464 poterat.
1138 430 1172 454 ut

163 480 313 518 exigebat
335 480 420 510 dicte
440 480 579 509 ecclesie
604 480 798 514 necessitas,
821 480 978 518 expediri,
998 484 1028 509 et
1045 487 1172 508 correc-

163 534 252 563 tione
280 533 367 562 idem
398 533 499 562 abbas
526 533 625 562 etiam
655 532 837 570 indigebat,
873 556 891 561 ..
921 532 1031 562 abbati
1059 531 1171 561 Sancti

162 586 320 617 Victoris,
346 608 365 614 ..
390 585 514 615 decano
537 590 567 615 et
592 609 611 614 ..
636 585 870 615 archidiacono
897 584 1170 623 Parisien[sibus]

162 638 251 668 inter
267 643 375 668 cetera
392 638 543 668 dedimus
568 638 602 667 in
623 638 788 667 mandatis
811 643 856 672 ut,
880 638 1098 676 personaliter
1118 647 1171 667 ac-

163 691 317 721 cedentes
337 691 376 720 ad
390 691 508 723 locum,
528 700 564 720 ac
577 691 614 720 de
632 696 718 720 statu
738 691 844 728 ipsius
858 691 996 720 ecclesie
1011 691 1049 720 de
1062 691 1169 728 plano,

162 744 235 774 sine
252 744 391 782 strepitu
405 744 536 783 judicii,
560 743 700 773 sollicite
724 744 945 782 inquirentes,
964 748 994 773 et
1011 744 1171 773 habentes

162 806 219 835 pre
247 797 352 827 oculis
380 796 486 826 solum
517 798 632 832 Deum,
666 797 869 834 corrigerent
895 801 925 826 et
952 798 1172 826 reformarent

161 850 297 884 ibidem,
313 854 378 879 tam
395 850 428 878 in
447 850 552 888 capite
570 858 668 888 quam
686 850 719 878 in
734 850 901 885 membris,
920 859 982 888 que
995 850 1171 879 correctio-

162 903 216 932 nis
240 907 270 932 et
296 902 545 932 reformationis
568 901 699 941 offi[cio]
724 907 896 932 noscerent
922 903 1083 940 indigere.
1109 903 1172 933 Sed

161 955 238 994 ipsi,
263 955 435 985 deviantes
458 955 593 984 omnino
618 964 635 984 a
659 956 789 984 tramite
813 956 963 987 rationis,
985 961 1015 985 et
1032 957 1171 985 formam

161 1007 309 1038 mandati
328 1008 500 1046 apostolici
518 1016 582 1037 non
600 1013 782 1041 servantes,
807 1013 935 1046 recepto
952 1009 991 1038 ab
1009 1009 1125 1039 abbate
1143 1015 1174 1039 et

162 1061 333 1092 canonicis
350 1061 541 1100 juramento
564 1061 602 1090 de
626 1061 765 1091 dicenda
790 1070 888 1099 super
914 1066 1000 1091 statu
1024 1063 1171 1101 ejusdem

161 1115 301 1145 ecclesie
328 1114 477 1149 veritate,
504 1115 756 1149 mandaverunt,
781 1115 814 1143 in
835 1115 954 1144 virtute
971 1115 1170 1149 obedientie,

161 1168 255 1207 prius
285 1177 383 1206 quam
417 1167 457 1197 ad
488 1167 632 1206 aliquam
661 1167 914 1206 inquisitionem
945 1169 1169 1205 procederent,

161 1221 286 1251 eisdem
304 1220 415 1250 abbati
432 1226 462 1250 et
475 1221 665 1255 conventui,
681 1225 715 1249 ut
732 1221 842 1258 sigilla
859 1221 990 1258 propria
1006 1222 1039 1250 in
1057 1231 1171 1251 eorum

159 1274 316 1304 manibus
333 1274 555 1312 resignarent,
574 1278 605 1304 et
625 1274 845 1303 inhibuerunt
867 1283 907 1303 ne
924 1274 1105 1304 venderent
1123 1275 1172 1304 vi-

161 1337 251 1364 num,
279 1327 330 1358 vel
352 1327 486 1357 bladum
512 1336 570 1357 seu
595 1327 661 1356 alia
683 1326 830 1361 mobilia,
857 1337 915 1357 nec
939 1328 1173 1359 contraherent

160 1385 312 1410 mutuum
329 1389 386 1419 pro
403 1380 604 1410 necessariis
621 1380 786 1418 expensis,
800 1380 951 1410 abbatem
967 1381 1088 1418 ipsum,
1107 1391 1171 1412 non

159 1433 346 1463 convictum
359 1432 571 1471 aliquatenus
586 1441 645 1462 nec
663 1433 864 1467 consessum,
883 1442 940 1470 per
951 1442 1170 1472 consequens,

159 1486 200 1516 ab
227 1485 530 1520 amministratione
555 1494 630 1520 sua,
658 1490 819 1524 quantum
845 1485 885 1515 ad
910 1485 971 1515 hec
992 1487 1171 1524 spectabat,

159 1538 340 1569 amovendo
349 1538 641 1577 contrajustitiam
653 1538 704 1568 vel
719 1543 841 1568 temere
858 1539 1101 1577 suspendendo.
1120 1541 1168 1575 Et,

157 1591 236 1622 licet
253 1591 332 1621 dicti
351 1591 452 1621 abbas
472 1596 503 1622 et
527 1596 711 1621 conventus
733 1596 883 1629 peterent
908 1596 943 1621 ut
964 1598 1172 1623 removerent

159 1644 320 1684 quosdam
345 1653 383 1674 ex
409 1644 630 1682 scriptoribus
656 1644 906 1682 inquisitionis,
932 1654 990 1682 pro
1021 1654 1058 1674 eo
1085 1647 1172 1684 quod

157 1697 227 1727 illis
249 1697 308 1736 qui
333 1697 455 1727 dictam
478 1697 737 1736 inquisitionem
758 1702 871 1727 contra
894 1697 1035 1727 eundem
1058 1708 1171 1736 prose-

159 1750 347 1790 quebantur
363 1750 527 1785 abbatem,
546 1750 794 1780 attestationum
811 1751 950 1788 copiam,
969 1756 1044 1781 ante
1062 1752 1171 1790 publi-

159 1803 323 1834 cationem
342 1812 467 1839 earum,
492 1807 614 1833 temere
636 1803 801 1833 faciebant
819 1814 824 1832 :
847 1803 911 1842 ipsi
929 1808 1038 1834 tamen
1057 1805 1170 1844 inqui-

158 1857 278 1887 sitores
301 1856 362 1887 1106
383 1857 512 1887 efficere
537 1861 732 1890 renuerunt,
764 1861 795 1886 et
818 1858 1170 1888 excommunicationis

158 1911 360 1941 sententiam
379 1919 478 1949 quam
501 1911 648 1948 prefatus
673 1910 774 1940 abbas
798 1910 918 1940 tulerat
943 1911 977 1940 in
1003 1912 1168 1949 Egidium,

158 1963 355 1994 canonicum
373 1963 480 2001 ipsius
497 1963 648 1997 ecclesie,
666 1973 723 2001 pro
738 1973 774 1993 eo
792 1964 878 2002 quod
895 1965 1053 2002 quosdam
1068 1965 1171 1996 libros

158 2017 318 2056 ejusdem,
345 2015 494 2046 valentes
520 2016 607 2046 ultra
630 2021 762 2046 centum
786 2016 888 2046 libras
911 2017 1166 2055 Turonensium,

159 2069 346 2100 temeritate
376 2069 509 2107 propria
540 2069 656 2099 exinde
683 2074 878 2107 asportarat,
904 2069 996 2099 nulla
1018 2071 1171 2101 satisfac-

159 2123 248 2152 tione
266 2122 404 2160 prestita
423 2121 474 2152 vel
496 2122 596 2152 etiam
613 2122 788 2160 promissa,
810 2131 868 2152 seu
887 2123 1041 2153 cautione
1058 2124 1096 2153 de
1120 2134 1171 2154 re—

159 2175 338 2205 stituendis
350 2175 432 2213 ipsis
446 2179 588 2212 recepta,
605 2176 893 2213 contrajustitiam
908 2175 1115 2211 relaxarunt;
1135 2187 1171 2206 ac

160 2237 224 2258 non
240 2227 351 2262 simul,
370 2228 427 2257 sed
446 2227 587 2266 quilibet
604 2237 716 2258 eorum
739 2238 795 2266 per
818 2238 863 2262 se,
885 2234 984 2259 testes
1001 2231 1172 2260 examina-

159 2282 248 2318 bant,
268 2281 354 2319 quod
371 2281 410 2310 de
425 2281 499 2319 jure
522 2290 585 2310 non
604 2285 764 2319 poterant,
790 2290 864 2311 cum
887 2282 993 2311 tribus
1011 2288 1097 2313 esset
1114 2293 1172 2313 ne-

159 2333 284 2371 gotium
315 2333 542 2368 commissum,
573 2338 604 2363 et
633 2342 696 2363 non
725 2334 862 2364 cuilibet
892 2335 1101 2373 singillatim.
1134 2337 1172 2366 Et

159 2396 361 2426 quamquam
389 2387 508 2425 prefati
535 2387 637 2417 abbas
660 2392 691 2417 et
717 2393 899 2418 conventus
924 2389 1030 2426 parati
1061 2395 1172 2420 essent

159 2440 333 2470 ostendere
366 2440 452 2478 quod
483 2440 570 2469 idem
599 2440 755 2477 Egidius,
784 2441 953 2477 negotium
981 2441 1172 2480 hujusmodi

158 2502 379 2531 prosequens,
422 2497 487 2522 tam
521 2492 559 2522 de
598 2493 694 2522 bonis·
727 2493 898 2531 cujusdam
933 2494 1099 2532 prioratus
1132 2496 1171 2525 ad

159 2545 333 2576 ecelesiam
359 2545 465 2583 ipsam
494 2546 691 2583 spectantis,
716 2547 810 2583 cujus
833 2547 1172 2578 amministrationem

115 2620 119 2624 .
160 2602 322 2628 tenuerat.
343 2607 441 2636 quam
461 2598 499 2627 de
517 2598 592 2627 aliis
610 2598 705 2628 bonis
727 2599 812 2628 dicte
835 2599 986 2635 ecclesie,
1010 2600 1172 2631 habuerat

159 2651 245 2690 quod
273 2651 312 2680 ad
334 2659 494 2688 expensas
518 2652 724 2680 necessarias
749 2652 777 2681 ei
802 2652 952 2682 sufficere
975 2653 1170 2684 debuisset:

157 2703 377 2742 inquisitores
395 2708 504 2733 tamen
523 2704 598 2741 ipsi,
617 2704 657 2733 ad
674 2704 705 2733 id
722 2714 785 2733 non
801 2705 1013 2736 admittentes
1026 2707 1170 2742 eosdem,

159 2756 318 2786 ducentas
345 2756 448 2786 libras
474 2757 719 2786 Turonensium
748 2758 854 2787 eidem
879 2758 965 2788 ultra
992 2758 1076 2789 illud
1101 2760 1172 2789 dari

158 2809 375 2845 mandarunt3
403 2814 434 2839 et
457 2809 651 2839 accedentes
674 2810 713 2839 ad
738 2810 907 2840 civitatem
931 2811 1169 2847 Senonensem,

159 2871 258 2892 causa
274 2862 426 2892 faciende
442 2862 686 2900 inquisitionis,
706 2872 742 2892 ac
760 2872 816 2901 per
833 2863 943 2901 plures
961 2864 1031 2895 dies
1046 2874 1171 2895 moram

157 2915 319 2945 facientes
336 2914 471 2949 ibidem,
495 2924 569 2944 cum
590 2915 726 2953 triginta
743 2916 942 2954 equitaturis
965 2921 996 2946 et
1020 2917 1172 2947 multitu-

158 2968 236 2997 dine
252 2967 437 3002 hominum,
463 2967 549 2997 bona
571 2968 678 3006 ipsius
700 2968 839 2999 ecclesie
859 2969 1074 3008 prodigaliter
1094 2979 1172 3001 con-

1257 372 1447 408 sumebant,
1476 374 1522 403 ita
1547 375 1642 413 quod,
1670 385 1726 413 pro
1754 381 1894 414 quatuor
1920 378 2048 409 vicibus
2075 382 2194 419 quibus
2223 384 2262 412 ad

1254 424 1508 462 inquisitionem
1540 428 1725 457 faciendam
1759 434 1935 464 venerunt,
1968 436 2076 468 preter
2104 434 2261 465 victualia

1255 477 1367 514 panis,
1392 478 1480 513 vini,
1506 480 1573 509 seni
1597 485 1627 509 et
1649 490 1795 516 annone,
1823 492 1885 520 que
1906 491 2099 522 receperunt
2125 496 2143 516 a
2166 488 2266 517 cella-

1255 530 1305 559 rio
1322 531 1460 561 ecclesie
1482 534 1686 571 supradicte,
1708 536 1873 572 octoginta
1894 546 2022 567 marcas
2040 541 2167 576 argenti
2185 550 2264 570 ean-

1255 582 1327 612 dem
1351 585 1536 621 ecclesiam,
1556 586 1633 616 licet
1654 589 1827 617 memorati
1852 589 1952 619 abbas
1972 595 2002 620 et
2025 598 2205 623 conventus
2227 595 2262 623 in

1255 640 1319 665 tam
1338 639 1466 674 magnis
1484 640 1636 677 expensis
1654 641 1755 669 nimis
1771 643 1901 671 onerari
1916 652 1949 672 se
1962 644 2120 679 dicerent,
2136 646 2263 677 solvere

1254 690 1494 728 compulerunt.
1520 694 1654 730 Propter
1672 703 1734 732 que
1759 695 1941 725 sentientes
1963 697 2109 727 indebite
2129 708 2162 727 se
2189 710 2263 737 gra-

1253 743 1335 774 vari.
1363 744 1400 773 ad
1428 749 1573 774 nostram
1603 746 1766 776 duxerunt
1790 748 1993 778 audientiam
2018 751 2261 788 appellandum.

1255 792 1317 825 Sed
1336 796 1396 832 illi,
1418 798 1637 835 appellatione
1654 804 1852 838 contempta,
1877 801 2024 831 tulerunt
2041 807 2263 835 excommuni-

1254 848 1394 878 cationis
1407 851 1606 880 sententiam
1623 851 1657 880 in
1675 852 1818 881 eosdem.
1835 854 1948 883 Dictus
1962 863 2037 884 vero
2049 856 2262 893 Godesridus,

1254 909 1444 938 processum
1467 902 1704 941 inquisitorum
1727 904 1873 942 ipsorum
1898 906 2068 937 exhibens.
2094 911 2264 947 proposuit

1255 962 1292 983 ex
1310 954 1446 983 adverso
1472 955 1568 993 quod,
1594 956 1641 985 eis
1661 957 1694 985 in
1718 958 1894 987 commisso
1916 959 1980 987 sibi
2002 961 2133 997 negotio
2150 971 2264 999 proce-

1256 1006 1410 1036 dentibus
1427 1008 1518 1046 juxta
1537 1009 1689 1038 traditam
1713 1010 1795 1047 ipsis
1820 1011 1970 1046 formam,
1989 1018 2189 1044 memoratus
2206 1015 2264 1044 ab·

1256 1059 1323 1094 has,
1344 1064 1379 1088 ut
1394 1061 1630 1090 correctionem
1649 1062 1819 1100 effugeret,
1844 1064 1877 1092 in
1903 1065 2134 1102 appellationis
2152 1076 2262 1097 vocem

1257 1111 1422 1142 malitiose
1446 1115 1606 1151 prorupit.
1628 1115 1690 1144 Sed
1709 1116 1926 1153 inquisitores
1943 1118 2073 1155 prefati,
2093 1128 2156 1148 non
2173 1120 2265 1150 defe-

1257 1169 1366 1194 rentes
1399 1166 1612 1203 appellationi
1639 1168 1720 1206 ejus,
1753 1169 1839 1198 sicut
1870 1170 1968 1198 etiam
2002 1180 2060 1200 1166
2088 1172 2259 1209 debebant,

1257 1219 1609 1249 excommunicationis
1637 1220 1785 1250 tulerunt
1809 1223 2009 1252 sententiam
2040 1224 2073 1252 in
2103 1225 2262 1260 eundem;

1256 1271 1313 1308 qui
1334 1271 1572 1302 nichilominus
1596 1273 1705 1310 ipsum
1727 1273 1764 1303 G.
1790 1279 1820 1303 et
1840 1275 1996 1312 quosdam
2023 1278 2264 1308 concanonicos

1257 1333 1345 1354 suos.
1364 1329 1436 1362 post
1450 1325 1704 1363 appellationem
1723 1327 1762 1356 ad
1780 1336 1838 1356 nos
1856 1328 2002 1366 legitime
2020 1330 2260 1368 interpositam,

1257 1386 1369 1407 eorum
1390 1378 1591 1415 prioratibus
1613 1379 1777 1417 spoliavit,
1801 1381 1945 1410 similem
1966 1382 1999 1411 in
2017 1382 2105 1420 ipsos
2123 1383 2161 1413 de
2177 1384 2264 1414 facto

1257 1431 1456 1460 sententiam
1476 1432 1725 1469 promulgando.
1744 1438 1773 1463 et
1794 1443 1850 1471 per
1867 1434 1951 1464 bone
1967 1437 2125 1466 memorie
2143 1437 2191 1476 [..]
2211 1447 2263 1467 ar-

1257 1483 1504 1522 chiepiscopum
1536 1485 1781 1521 Senonensem,
1811 1486 1874 1516 loci
1898 1487 2127 1523 diocesanum,
2159 1499 2177 1519 a
2200 1500 2264 1528 quo

1256 1535 1404 1573 legitime
1430 1537 1540 1567 fuerat
1565 1543 1790 1575 provocatum,
1809 1543 1874 1568 tam
1896 1540 2019 1570 dictmn
2040 1541 2090 1577 G„
2110 1547 2182 1580 post
2202 1543 2264 1572 iter

1256 1594 1422 1627 arreptum
1448 1590 1487 1619 ad
1507 1591 1624 1620 Sedem
1644 1591 1869 1629 Apostolicam
1891 1593 2057 1628 veniendi,
2076 1604 2175 1633 quam
2192 1605 2264 1625 eos-

1255 1643 1329 1672 dem
1352 1643 1592 1673 concanonicos
1617 1644 1750 1677 vinculo
1772 1647 2123 1677 excommunicationis
2146 1657 2264 1686 procu-

1255 1696 1339 1726 ravit
1356 1696 1506 1733 astringi.
1528 1698 1801 1728 Procuratoribus
1818 1699 1921 1736 igitur
1932 1699 2014 1737 ipsis
2028 1700 2263 1732 insistentibus

1254 1749 1479 1787 prosecutioni
1493 1749 1724 1787 appellationis
1736 1750 1926 1789 hujusmodi
1939 1756 1969 1781 et
1980 1753 2167 1790 petentibus
2179 1764 2264 1784 com-

1254 1802 1341 1831 mitti
1371 1803 1593 1839 cognitionem
1618 1803 1734 1841 ipsius,
1765 1808 1795 1833 et
1814 1804 1900 1834 dicto
1927 1805 2108 1835 Gotifrido¹
2132 1812 2263 1845 petente

1255 1855 1431 1885 adventum
1457 1855 1674 1893 quorumdam
1698 1857 1997 1887 concanonicorum
2019 1868 2164 1895 suorum,
2193 1861 2260 1899 qui,

1255 1912 1290 1936 ut
1309 1907 1448 1941 dicebat,
1474 1916 1531 1945 pro
1547 1907 1739 1946 hujusmodi
1756 1909 1887 1946 negotio
1904 1910 1943 1939 ad
1963 1910 2079 1940 Sedem
2097 1913 2263 1950 Apostoli-

1255 1969 1325 1990 cam
1343 1960 1543 1990 accedebant
1560 1965 1590 1990 et
1612 1961 1647 1989 in
1670 1961 1753 2004 mari
1777 1971 1851 1991 cum
1868 1962 2004 2000 prelatis
2027 1964 2154 1994 noviter
2178 1966 2263 2003 capti

1255 2016 1376 2047 erant‘1,
1398 2022 1472 2043 cum
1493 2023 1549 2051 per
1568 2014 1658 2051 ipsos
1676 2015 1782 2051 magis
1802 2024 1974 2052 possemus
1990 2016 2123 2051 instrui,
2148 2027 2263 2056 exper-

1255 2069 1318 2098 tari
1336 2079 1342 2097 :
1362 2078 1432 2104 nos,
1451 2069 1529 2108 quia
1549 2069 1587 2098 de
1611 2069 1744 2098 illorum
1768 2070 1910 2100 adventu
1934 2071 2026 2100 nulla
2049 2072 2144 2102 nobis
2165 2074 2264 2103 certi-

1255 2122 1332 2152 tudo
1362 2122 1474 2157 fiebat,
1510 2123 1711 2161 expeditioni
1740 2124 1864 2161 negotii
1895 2133 1930 2153 ac
1956 2129 2021 2153 tam
2052 2126 2264 2163 presentibus

1255 2184 1354 2214 quam
1371 2176 1566 2205 absentibus
1579 2176 1748 2205 canonicis
1761 2185 1906 2214 congrue
1921 2178 2091 2215 providere
2104 2179 2263 2213 volentes,

1254 2237 1307 2263 ne,
1336 2238 1393 2266 per
1416 2229 1683 2267 prorogationem
1710 2229 1828 2267 ipsius,
1854 2230 1982 2267 prefata
2005 2231 2144 2261 ecclesia
2166 2242 2264 2270 grave

1254 2282 1441 2312 incurreret
1470 2282 1723 2317 detrimentum,
1758 2292 1776 2312 a
1806 2282 1904 2312 dictis
1935 2285 2204 2321 procuratoribus
2234 2291 2264 2315 ct

1254 2334 1433 2364 Godefrido
1453 2334 1491 2364 de
1512 2335 1629 2364 stando
1650 2335 1815 2364 mandatis
1841 2335 1999 2370 Ecclesie,
2028 2336 2055 2364 si
2080 2339 2263 2367 sententias

1254 2387 1343 2425 ipsas
1360 2387 1547 2416 constiterit
1559 2388 1648 2426 J'uste
1665 2387 1759 2421 latas,
1778 2388 2081 2426 receptajuratoria
2097 2390 2261 2425 cautione,

1254 2439 1402 2478 impendi
1422 2439 1470 2469 eis
1487 2439 1707 2469 absolutionis
1725 2440 1925 2469 beneficium
1942 2441 2083 2470 fecimus
2100 2442 2139 2470 ad
2156 2447 2263 2472 caute-

1253 2492 1328 2528 lam,
1350 2497 1392 2527 et,
1411 2493 1619 2522 attendentes
1638 2492 1725 2530 quod
1742 2492 1849 2530 ipsius
1864 2492 2002 2523 ecclesie
2019 2498 2123 2523 status
2143 2504 2208 2529 vos,
2225 2495 2263 2524 de

1255 2554 1395 2584 quorum
1412 2545 1708 2583 circumspectione
1724 2545 1931 2581 confidimus,
1947 2545 2050 2576 latere
2067 2556 2130 2576 non
2145 2552 2261 2585 potest,

1255 2607 1328 2628 cum
1359 2598 1433 2627 sitis
1459 2597 1529 2627 loco
1562 2597 1674 2632 vicini,
1702 2597 1794 2627 vobis
1816 2598 1985 2636 negotium
2010 2599 2119 2637 ipsum
2148 2600 2262 2629 remit-

1255 2651 1364 2686 tendo,
1390 2651 1430 2680 ad
1454 2659 1509 2680 vos
1532 2650 1673 2680 eundem
1696 2646 1918 2688 processum³,
1943 2651 2126 2689 sigillatum
2152 2651 2262 2689 sigillo

1289 2802 1307 2825 1.
1325 2803 1387 2827 Sic,-
1405 2802 1465 2831 plus
1483 2802 1548 2824 haut
1565 2805 1591 2824 et
1607 2802 1668 2831 plus
1685 2802 1742 2829 bas,
1761 2803 1938 2829 Godesridus.

1285 2846 1308 2868 Q.
1323 2845 1364 2870 Cf.
1380 2853 1476 2875 supra,
1494 2853 1520 2868 n.
1535 2845 1605 2869 6063.

1286 2891 1308 2914 3.
1328 2891 1347 2914 ll
1370 2891 1447 2921 s'agit
1469 2891 1504 2913 du
1523 2890 1619 2920 proces
1642 2890 1690 2913 des
1712 2890 1879 2920 enqueteurs
1900 2890 2022 2914 nomines
2042 2892 2184 2921 beaucoup
2203 2891 2262 2921 plus

1254 2936 1331 2965 haut,
1347 2936 1393 2965 qui
1408 2937 1469 2958 sont
1486 2933 1572 2958 l'abbe
1589 2934 1622 2957 de
1643 2934 1831 2958 Saint-Victor
1847 2937 1873 2957 et
1888 2934 1928 2957 les
1944 2934 2035 2964 doyen
2050 2938 2075 2958 et
2092 2934 2263 2958 archidiacre

1256 2979 1288 3003 de
1304 2979 1392 3003 Paris.
