2553 3526
250 263 305 293 347
975 253 1213 286 REGISTRES
1237 251 1290 280 DE
1314 243 1534 280 GREGOIRE
1559 251 1614 280 IX.
2286 249 2344 279 348

252 331 364 357 Montis
382 329 518 357 Neronis,
536 328 665 361 ejus-leni
683 327 805 355 ordinis,
824 325 970 351 Callensis
987 321 1138 349 ‹elim-cesis.
1156 320 1185 345 in
1205 318 1255 344 ab·

253 379 348 405 batcm
365 378 557 411 postulatum,
569 377 613 402 iux
624 375 716 400 cuerit
729 375 877 400 idoneum.
887 388 917 390 ff
930 372 977 405 qui
988 371 1162 405 postulatus,
1174 375 1256 400 prop-

252 430 295 453 ter
307 427 421 452 viarum
436 425 621 451 ‹listi-rimina.
635 422 834 456 Apostolican]
852 421 956 447 Sedent
973 428 1022 453 pro
1034 415 1257 443 confirmatione

253 478 278 501 et
297 474 502 501 benedictione
516 472 685 499 obtinendis
696 479 750 495 nun
763 473 873 503 poterat
887 468 978 495 adire.
988 482 1017 484 —
1029 467 1053 492 ei
1068 465 1155 491 iaciat
1167 464 1257 489 bene-

252 524 413 549 ‹tii-tionem
433 521 576 555 impendiv
595 519 775 552 recipiatque
792 518 827 543 ab
848 526 879 542 eo
905 524 954 549 pro
976 514 1106 541 Ecclesia
1126 513 1256 538 Romana

254 572 406 598 fidelitatis
434 571 649 603 jurauwntuim
671 566 803 600 alioquin
830 565 923 591 cidem
953 562 1129 590 monasterio
1155 560 1257 587 Sancti

255 621 333 648 Petri
367 620 450 645 saciat
481 627 530 652 per
560 616 733 643 electionem
757 614 929 640 canonicam
954 613 988 638 cle
1010 620 1131 645 persona
1154 610 1258 635 idonea

257 669 416 703 provideri.
440 667 571 697 μ-(1ἰΕ«’;.
590 665 633 696 20,
650 666 668 690 f.
686 665 718 690 36
733 668 775 693 v⁴';
793 671 862 689 ann.
881 662 963 691 XIV,
981 670 1004 687 c.
1022 660 1097 690 208.)

297 816 307 828 κ
330 826 348 831 ..
367 804 498 839 episcopo
520 801 690 837 Enyubino.
717 799 761 828 Ex
784 802 873 836 parte
897 796 1092 825 dilectorum
1117 794 1259 822 tiliorum

255 860 436 886 conventus
460 853 653 883 monasterii
680 851 791 882 Sancti
820 850 907 880 Petri
935 850 973 878 de
1003 849 1113 878 Massa
1139 847 1261 876 Montis

255 909 410 939 Neronisv
432 907 559 937 ordinis
586 905 691 935 sancti
713 904 896 934 Benedicti.
919 901 1083 933 Callensis
1106 899 1259 930 diocesis,

255 962 318 992 fuit
341 960 542 999 propositum
569 967 677 988 coram
706 957 800 986 uoltis
830 955 927 994 quod.
955 953 1155 983 monasterio
1178 952 1260 990 ipso.

255 1015 341 1054 quod
358 1015 397 1044 ad
413 1015 595 1043 Romanam
618 1011 797 1041 Ecclesiam
817 1009 907 1039 nullo
924 1008 1066 1046 pertinet
1083 1006 1261 1037 mediante,

256 1068 384 1098 abbatis
414 1067 574 1103 regimine
600 1065 774 1094 destituto,
802 1063 901 1092 iidem
929 1065 1123 1099 potestatem
1153 1059 1262 1096 provi-

256 1121 354 1150 dendi
378 1120 464 1149 dicto
485 1118 687 1148 monasterio
713 1117 751 1146 de
772 1124 910 1154 persona
930 1114 1048 1143 idonea
1074 1112 1201 1141 duobus
1226 1120 1262 1140 ex

256 1175 327 1212 ipso
344 1177 507 1203 conventu
526 1170 697 1200 monacbis
722 1169 903 1207 plenariam
925 1170 1171 1197 concesserunt,
1190 1173 1263 1202 pro-

256 1227 425 1256 mittentes
442 1225 535 1254 illum
556 1224 701 1261 recipere
728 1223 759 1251 in
784 1221 949 1251 abbatem.
971 1220 1009 1249 de
1033 1228 1097 1257 quo
1114 1218 1177 1256 ipsi
1201 1217 1264 1246 duo

257 1280 415 1309 ducerent
431 1276 679 1316 providemlum.
702 1274 826 1304 Prefati
843 1282 919 1303 vero
936 1271 1102 1306 monachi,
1121 1270 1264 1308 Spiritus

259 1333 370 1363 Sancti
402 1332 507 1369 gratia
532 1331 694 1363 invocata,
728 1328 884 1357 dilectum
912 1326 1017 1355 lilium
1048 1323 1264 1362 Hugolinum,

258 1385 456 1415 monachum
473 1382 667 1413 monasterii
685 1380 797 1411 Sancti
812 1379 965 1410 Geruntii
983 1378 1158 1411 Callensis,
1177 1377 1265 1415 ejus-

258 1440 331 1469 dem
351 1437 489 1471 ordinis,
514 1437 632 1466 virum.
656 1440 691 1464 ut
712 1438 877 1464 asserunt,
902 1431 1074 1470 providum
1096 1434 1126 1460 et
1146 1430 1266 1459 hones—

260 1498 340 1523 tum,
364 1500 400 1520 ac
424 1490 457 1519 in
479 1488 712 1527 spiritualibus
737 1492 767 1516 et
789 1485 1025 1523 temporalibus
1046 1484 1267 1520 circumspec-

261 1552 340 1576 tum,
359 1543 516 1573 canonice
540 1551 576 1571 ac
602 1540 807 1570 concorditer
833 1537 1059 1577 postularunt:
1083 1537 1176 1575 cujus
1193 1545 1267 1574 pos-

696 1593 842 1632 predicto
885 1596 1048 1621 conventu
1094 1598 1267 1619 assensum

259 1651 464 1682 unanimiter
492 1649 705 1688 prebuerunt7
732 1647 826 1676 nobis
848 1645 1020 1675 humiliter
1044 1643 1268 1682 supplicantes

260 1710 305 1740 ut,
329 1714 403 1735 cuni
420 1703 518 1733 rectis
542 1700 818 1740 dispositionibus
838 1698 941 1728 nichil
960 1698 1077 1727 debeat
1093 1696 1268 1726 difficulta-

261 1598 415 1628 tulationi
458 1605 572 1625 omnes
615 1595 653 1623 de

260 1762 302 1791 tis
320 1760 443 1790 afferri.
462 1764 504 1793 et,
522 1762 653 1796 propter
672 1757 800 1785 viarum
820 1753 1024 1783 discrimina.
1050 1752 1136 1782 idem
1157 1756 1269 1789 postu-

259 1814 346 1843 latus
365 1816 507 1851 nequeat
523 1809 746 1849 Apostolicam
768 1807 885 1838 Sedem
908 1806 998 1835 adire
1018 1815 1075 1843 pro
1094 1805 1270 1834 confirma-

260 1868 362 1897 tionis
400 1871 430 1896 et
460 1863 703 1895 benedictionis
732 1870 869 1891 munere
906 1859 1106 1889 obtinendo.
1141 1857 1270 1887 admitti

260 1920 517 1959 postulationem
534 1917 724 1957 hujusmodi
742 1921 772 1946 et
788 1914 940 1944 benedici
959 1913 1100 1943 eundem
1124 1912 1271 1950 postula-

262 1981 330 2004 tum
348 1974 381 2002 in
399 1973 466 2002 illis
485 1971 634 2010 partiluis
650 1970 896 1999 mandaremus.
914 1967 1056 2005 Ideoque
1074 1966 1270 1995 mandamus

262 2032 437 2067 (pendentis,
464 2026 492 2055 si
520 2025 579 2054 tibi
603 2023 789 2053 constiterit
817 2022 939 2050 dictum
969 2019 1207 2049 monasterium
1232 2019 1270 2048 ad

262 2090 321 2110 nos
339 2079 429 2109 nullo
453 2078 560 2108 medio
577 2077 754 2115 pertinere,
776 2074 938 2112 inquisita
962 2073 1000 2102 de
1026 2072 1120 2101 modo
1137 2071 1271 2101 electio-

263 2134 326 2163 nis.
346 2132 466 2162 studiis
483 2130 677 2168 eligentium
699 2133 726 2158 et
752 2127 908 2166 postulati
927 2126 1056 2155 meritis
1077 2125 1272 2162 diligentius

263 2187 413 2216 veritate.
439 2185 467 2214 si
487 2183 744 2222 postulationem
761 2181 867 2219 ipsam
888 2179 1058 2209 inveneris
1077 2179 1114 2208 de
1132 2187 1273 2216 persona

262 2240 382 2269 idonea
399 2237 556 2268 canonice
573 2237 642 2265 fore
661 2236 793 2265 factam.
815 2238 846 2263 et
871 2232 999 2262 abbatis
1017 2232 1068 2260 sui
1089 2240 1272 2260 consensus

263 2291 451 2322 accesserit.
473 2299 544 2319 eam
562 2287 741 2327 apostolica
766 2284 985 2326 [auctoritate]
1010 2285 1197 2314 admittens.
1224 2285 1273 2313 sa-

264 2332 332 2374 cias
350 2344 456 2373 eidem
477 2342 621 2371 debitam
640 2339 862 2370 obedientiam
888 2343 918 2368 et
941 2337 1160 2367 reverentiam
1181 2336 1274 2366 exhi-

264 2398 334 2427 beri
352 2406 388 2426 ac
405 2405 526 2425 munus
543 2393 785 2424 benedictionis
803 2391 959 2430 impendi.
977 2395 1169 2428 recepturus
1184 2389 1223 2418 ab
1238 2398 1274 2419 eo

264 2449 482 2488 postmodum,
502 2457 558 2486 pro
580 2447 676 2477 nobis
695 2451 726 2475 et
749 2447 897 2475 Romana
923 2443 1081 2476 Ecclesia,
1104 2442 1275 2471 fidelitatis

265 2504 360 2533 solite
375 2503 614 2541 juramentum,
631 2501 725 2539 juxta
743 2499 882 2528 formam
900 2506 997 2536 quam
1025 2496 1084 2525 tibi
1106 2495 1167 2525 sub
1185 2495 1276 2524 bulla

266 2562 378 2586 nostra
395 2555 558 2584 mittimus
576 2553 804 2582 interclusam.
827 2551 985 2589 Alioquin
1006 2549 1109 2579 facias
1126 2549 1189 2586 ipsi
1207 2558 1276 2578 mo—

266 2609 412 2638 nasterio
430 2608 467 2637 de
486 2616 626 2645 persona
649 2606 767 2635 idonea
792 2614 849 2643 per
870 2603 1065 2633 electionem
1083 2602 1276 2631 canonicam

266 2662 442 2700 provideri.
477 2660 742 2690 Contradietores
775 2664 836 2688 etc.
868 2658 1020 2687 Formam
1048 2660 1157 2685 autem
1183 2655 1276 2694 jura-

266 2714 369 2743 menti
387 2713 472 2751 quod
496 2713 566 2750 ipse
586 2711 756 2749 prestabit,
781 2710 819 2740 dc
843 2709 942 2739 verbo
961 2708 1001 2737 ad
1020 2707 1155 2737 verbum
1181 2707 1276 2737 nobis

266 2776 323 2804 per
340 2767 409 2805 ejus
429 2770 576 2803 patentes
592 2764 730 2798 litteras,
752 2772 810 2792 suo
827 2761 938 2799 sigillo
955 2761 1113 2798 signatasy
1134 2769 1190 2798 per
1207 2769 1277 2798 pro-

267 2820 375 2857 prium
404 2818 557 2847 nuntium
586 2817 793 2855 ‹tpiamtocius
820 2815 986 2845 destinare
1010 2822 1177 2852 procures.
1202 2814 1275 2842 Dat.

268 2872 440 2906 Laterani,
473 2872 553 2900 VIII
584 2870 741 2899 kalendas
771 2868 950 2903 februarii,
982 2876 1068 2896 anno
1100 2865 1277 2904 quartode-

267 2926 363 2955 cimo.
387 2937 398 2950 υ

1409 317 1525 344 5352
1936 318 2056 346 Latran,
2070 317 2084 343 4
2103 325 2178 343 mars
2192 317 2270 343 1241.

1374 379 1469 405 Fratri
1500 379 1667 409 Witletmo,
1694 379 1923 413 paenitentiario
1949 387 2010 409 suo,
2036 379 2156 405 mandat
2187 382 2341 412 quatenus,

1339 427 1569 459 siAmalricum,
1587 428 1725 454 comitem
1744 427 1856 454 Montis
1871 427 1976 458 Fortis,
1991 427 2039 461 qui
2057 427 2086 453 in
2101 427 2207 453 Terrae
2217 427 2345 453 Sanctae

1339 474 1503 501 subsidium
1522 479 1643 501 venerat
1662 478 1689 501 et
1706 484 1722 502 a
1740 476 1911 502 Sarracenis
1930 475 2084 502 tenebatur
2096 475 2236 501 carcerali
2252 477 2345 501 eusto—

1339 524 1405 550 diae
1437 524 1635 557 mancipatus,
1667 524 1789 558 pecunia
1821 524 1927 550 redimi
1957 524 2124 557 contigerit,
2145 524 2182 553 ei,
2212 532 2261 557 pro
2284 524 2346 557 ejus

1340 573 1553 606 redemptione,
1576 573 1706 606 quinque
1728 574 1813 599 milia,
1832 581 1997 599 marcarum
2019 573 2133 606 argenti
2154 573 2189 599 de
2210 573 2346 606 redemp-

1340 622 1471 648 tionibus
1495 623 1764 653 crucesignatorum
1794 625 1821 648 et
1848 622 1951 655 legatis
1972 621 2079 648 Terrae
2104 622 2230 648 Sanctae
2252 621 2348 656 [cxlii-

1340 668 1428 703 beat].
1445 685 1475 688 μ
1490 671 1576 701 (Rea.
1587 670 1631 702 20,
1646 672 1664 697 f.
1680 671 1713 697 36
1724 675 1766 702 v“;
1785 680 1853 697 ann.
1867 671 1949 698 XIV.
1965 679 1989 697 c.
2002 670 2066 702 209;
2079 685 2109 688 —
2124 671 2256 698 Monimo
2268 670 2348 701 1193,

1342 719 1442 749 f.188;
1462 733 1491 736 —
1510 719 1794 750 Porwmsr10996)

1385 840 1396 853 «
1415 829 1519 856 Fratri
1543 829 1696 863 uillelmo,
1723 829 1944 865 pettilenliario
1965 829 2102 857 nostrffl.⁴
2122 827 2203 858 Cum
2229 827 2351 857 nobilis

1344 881 1393 909 vir
1423 880 1647 919 A[malricus].
1675 890 1783 911 comes
1809 882 1931 911 Montis
1959 882 2077 913 Fortis,
2106 882 2163 920 qui
2189 881 2222 910 in
2252 882 2352 911 Terre

1345 934 1463 963 Sancte
1480 934 1667 963 subsidium
1691 939 1837 968 venerat,
1858 944 1873 963 a
1897 935 2089 964 Sarracenis
2111 939 2262 964 teneatur
2281 943 2352 963 car-

1345 986 1445 1016 cerali
1462 987 1610 1016 custodie
1626 987 1845 1025 mancipatus,
1864 992 1894 1017 et
1911 987 2046 1025 dignum
2061 987 2149 1017 situt
2165 987 2354 1025 Apostolica

1346 1040 1446 1069 Sedes
1464 1049 1562 1078 super
1580 1039 1777 1070 liberatione
1796 1041 1875 1070 dicti
1893 1041 2023 1070 comitis
2045 1050 2081 1070 eo
2107 1041 2226 1070 fortius
2242 1041 2353 1070 inten-

1345 1093 1421 1122 dere
1438 1093 1578 1127 studeat‚
1597 1102 1661 1132 quo
1678 1093 1825 1123 Ecclesia
1842 1093 1902 1123 Dei
1916 1094 2135 1132 redemptioni
2150 1093 2353 1131 captivorum

1347 1146 1524 1184 specialius
1545 1151 1675 1175 tenetur
1692 1147 1838 1176 astricta.
1857 1151 1888 1176 et
1902 1146 1988 1176 idem
2006 1155 2114 1176 comes
2132 1156 2168 1175 ac
2187 1146 2355 1184 predeces-

1347 1209 1438 1229 sores
1469 1200 1520 1229 sui
1546 1199 1579 1228 in
1609 1200 1746 1229 servitio
1772 1200 1831 1229 Dei
1860 1204 1891 1229 et
1915 1199 2106 1230 Christiane
2131 1200 2206 1229 fidei
2235 1200 2355 1229 fortius

1347 1253 1522 1282 insudasse
1559 1257 1741 1282 noscuntur
1779 1263 1784 1281 :
1825 1253 2029 1290 presentium
2065 1252 2125 1281 tibi
2160 1253 2356 1282 auctoritate

1348 1305 1529 1345 dis[tricte]
1569 1306 1781 1344 precipiendo
1817 1306 2013 1335 mandamus
2047 1310 2211 1344 quatenus
2249 1305 2356 1335 eidem

1348 1359 1471 1389 comiti.
1489 1359 1517 1388 si
1534 1368 1608 1388 eum
1627 1359 1767 1396 pecunia
1786 1359 1904 1388 redimi
1924 1359 2110 1396 contigerit,
2130 1368 2186 1396 pro
2206 1359 2356 1397 redemp—

1350 1413 1437 1442 tione.
1462 1421 1522 1441 sua
1549 1412 1696 1450 quinque
1724 1412 1830 1441 millia
1856 1421 2042 1441 marcarum
2069 1412 2214 1449 argenti,
2245 1412 2272 1441 si
2299 1421 2358 1450 pro

1350 1465 1471 1495 minori
1489 1465 1606 1495 redimi
1623 1474 1687 1494 non
1706 1465 1825 1503 poterit
1845 1465 2043 1503 quantitate,
2066 1465 2104 1494 de
2122 1465 2358 1503 redemptioni-

1350 1520 1410 1548 bus
1435 1519 1741 1556 crucesignatorum
1765 1524 1795 1548 et
1819 1518 1937 1556 legatis
1958 1519 2057 1548 Terre
2084 1519 2214 1548 Sancte.
2243 1519 2270 1547 si
2295 1528 2359 1557 qua

1351 1573 1436 1611 apud
1463 1572 1592 1611 aliquos
1622 1573 1721 1602 Terre
1748 1573 1893 1610 predicte
1926 1577 2078 1610 poterunt
2110 1573 2268 1606 inveniri,
2296 1582 2360 1611 que

1350 1626 1559 1664 Templariis,
1585 1625 1821 1663 Hospitalariis
1841 1630 1872 1655 et.
1893 1625 1968 1655 aliis
1993 1626 2182 1664 specialiter
2201 1635 2264 1655 non
2284 1631 2361 1655 sunt

1352 1679 1390 1708 ad
1408 1683 1532 1708 certum
1551 1688 1646 1708 usum
1662 1688 1679 1707 a
1696 1678 1961 1717 ‹111itmscu1n131ue
1976 1678 2105 1713 collata,
2122 1683 2152 1708 et
2167 1678 2234 1708 hiis
2251 1688 2362 1717 excep-

1352 1733 1394 1762 tis
1418 1742 1480 1771 que
1504 1742 1520 1761 a
1546 1732 1629 1762 bone
1653 1732 1811 1762 memorie
1837 1755 1856 1760 ..
1881 1732 2091 1762 Norwicensi
2115 1732 2267 1771 episcopo
2285 1738 2363 1762 sunt

1353 1785 1478 1816 relicta,
1502 1795 1560 1823 per
1581 1794 1699 1814 manus
1722 1785 1834 1815 dilecti
1861 1785 1920 1814 filii
1944 1785 2146 1815 ..Ostiensis
2163 1786 2308 1824 episcopi
2332 1791 2363 1816 et

1352 1838 1463 1868 dilecti
1480 1838 1540 1867 tilii
1558 1838 1662 1867 nostri
1680 1837 1727 1877 [..]
1745 1837 1833 1867 tituli
1851 1838 1969 1868 Sancte
1991 1839 2094 1868 Mai-ie
2111 1839 2362 1877 Transtyberim

1353 1891 1529 1929 presbiteri
1546 1890 1737 1921 cardinalis.
1757 1891 1790 1919 in
1811 1891 1959 1929 ejusdem
1975 1891 2074 1921 Terre
2092 1892 2278 1921 subsidium
2294 1901 2362 1922 ero-

1354 1944 1470 1982 gandas
1499 1944 1645 1982 qualibet
1670 1943 1862 1973 difficultate
1889 1948 2024 1977 semota,
2050 1944 2205 1974 exhibere
2226 1946 2360 1981 curetis,

1353 1998 1540 2028 detentores
1558 2006 1671 2027 eorum
1688 1997 1727 2026 ad
1744 1998 1891 2035 ipsorum
1911 1997 2161 2031 exhibitionem,
2180 1998 2363 2028 monitione

1354 2051 1527 2089 premissa,
1559 2059 1615 2088 per
1639 2059 1812 2079 censuram
1840 2050 2110 2085 ecclesiasticam,
2143 2051 2363 2089 appellatione

1354 2108 1489 2137 remota,
1516 2108 1681 2141 cogentes.
1710 2103 1926 2140 man[datuni]
1951 2104 2126 2143 n[ostrum]
2144 2103 2278 2143 t[aliter]
2300 2105 2362 2133 im-

1355 2156 1511 2194 [pleturi]⁷
1535 2156 1620 2194 quod
1651 2156 1688 2185 de
1712 2156 1797 2185 bono
1823 2156 2010 2186 obedientie
2035 2156 2195 2196 postsitis]
2222 2158 2363 2197 mesi-ito]

1355 2210 1590 2239 commendari.
1615 2211 1687 2239 Dat,
1714 2209 1883 2244 Laterani,
1912 2210 1979 2239 IIII
2001 2218 2104 2239 nonas
2128 2211 2254 2245 martii,
2277 2220 2364 2241 anno

1355 2263 1613 2302 quartodecimo.
1635 2275 1646 2288 »

1428 2436 1546 2463 5353

1393 2497 1538 2524 Abbatem
1561 2501 1589 2524 et
1609 2500 1789 2523 conventum
1812 2497 1846 2523 de
1866 2497 2051 2524 Crucelanda
2074 2499 2117 2529 (z
2137 2498 2299 2531 Croylancl)
2321 2507 2366 2525 ro-

1358 2550 1406 2580 gat
1422 2550 1450 2573 et
1471 2550 1567 2573 monet
1588 2551 1619 2573 ut
1635 2547 1680 2580 jus
1703 2549 1874 2580 patronatus
1889 2547 2016 2580 alicujus
2032 2547 2183 2575 ecclesiae.
2201 2548 2284 2581 cujus
2304 2548 2367 2574 red>

1904 2436 2026 2467 Lati-an,
2044 2436 2200 2462 1⁹¹1'evrier
2214 2436 2292 2463 1241.

1392 2662 1412 2684 l.
1429 2661 1507 2685 Cette
1523 2662 1595 2684 bulte
1614 2668 1629 2684 a
1648 2661 1691 2684 ete
1713 2661 1822 2690 refaite;
1842 2661 1868 2684 la
1891 2660 2017 2684 derniere
2033 2661 2130 2691 partie,
2148 2661 2245 2692 depuis
2262 2669 2268 2686 :
2286 2672 2297 2683 (ι
2314 2662 2366 2686 Os-

1358 2706 1456 2729 tiensis
1477 2706 1600 2736 episcopi
1616 2714 1639 2734 n,
1656 2713 1721 2729 avec
1738 2706 1762 2728 la
1783 2705 1855 2734 date,
1872 2705 1994 2729 deborde
2010 2705 2077 2729 dans
2092 2706 2118 2729 la
2137 2713 2240 2737 marge;
2258 2714 2294 2730 on
2309 2708 2367 2730 voit

1359 2753 1511 2774 nettement
1524 2757 1577 2780 que
1593 2750 1633 2774 les
1648 2751 1716 2774 trois
1732 2750 1820 2780 lignes
1836 2751 1882 2780 qui
1899 2750 2047 2780 precedent
2066 2753 2136 2774 cette
2153 2751 2278 2775 addition
2295 2759 2366 2774 mar-

1358 2795 1448 2825 ginale
1465 2799 1514 2818 ont
1530 2795 1572 2818 ete
1588 2795 1721 2825 grattees;
1743 2802 1778 2819 on
1804 2802 1979 2825 remarquera
1999 2803 2052 2826 que
2073 2796 2098 2818 la
2118 2796 2204 2826 pie'ce,
2227 2797 2289 2819 bien
2313 2803 2366 2827 que

1360 2839 1514 2869 paraissant
1535 2839 1663 2863 adressee
1682 2839 1696 2862 ἐι
1717 2846 1771 2863 une
1788 2840 1865 2863 seule
1881 2846 2018 2870 personne
2043 2848 2048 2864 ;
2067 2848 2080 2862 ι(
2100 2841 2192 2864 Fratri
2217 2842 2367 2869 Willelmo,

1359 2885 1561 2912 penitenliario
1584 2887 1678 2907 nostro
1700 2892 1722 2913 n,
1742 2887 1820 2914 porte
1838 2891 1900 2907 vers
1916 2884 1941 2907 la
1957 2884 1992 2907 fin
2007 2891 2012 2907 :
2035 2892 2046 2906 «
2064 2885 2194 2908 exhibere
2211 2885 2314 2909 curetis
2328 2903 2367 2914 ...,

1361 2930 1491 2957 cogentes
1552 2936 1575 2954 υ,
1592 2934 1697 2950 comme
1713 2927 1753 2950 s'il
1769 2935 1788 2958 y
1805 2928 1877 2950 avait
1892 2927 2030 2958 plusieurs
2047 2927 2251 2951 destinataires.
