2553 3526
175 271 192 300 9
1020 265 1254 302 TREIZtEME
1278 266 1435 302 ANNEE.
2236 275 2270 304 10

176 342 267 368 ratus
284 338 396 371 abbas,
416 343 562 367 nostram
579 343 711 367 coactus
729 339 818 367 adire
843 339 1053 376 presentiam.
1075 347 1131 376 pro
1151 346 1185 366 se

176 401 213 421 ac
237 396 400 421 conventu
426 391 572 429 predicto
600 392 695 421 nobis
720 391 893 422 humiliter
916 392 1111 430 supplicavit
1138 396 1184 421 ut.

175 452 250 473 cum
267 444 330 482 ipsi
348 444 530 482 predictum
549 453 700 473 mansum
719 449 749 473 et
769 445 928 482 quasdam
945 444 1184 482 possessiones,

175 496 216 526 ab
235 497 282 526 eis
303 497 392 535 justo
416 497 594 534 emptionis
617 502 647 526 et
671 497 860 526 donationis
884 497 990 529 titulo„
1011 497 1185 526 accedente

175 557 340 580 consensu
362 549 440 579 dicti
462 550 604 579 comitis.
627 550 820 588 acquisitos.
844 560 900 588 per
923 551 1060 585 triginta
1081 559 1185 579 annos

176 606 208 632 et
229 601 371 640 amplius
395 603 529 640 pacifice
552 603 789 640 possedissent,
812 612 848 633 ac
870 612 926 641 pro
950 604 1031 641 ipsis
1056 612 1186 641 posses-

177 655 328 685 sionibus
345 660 376 685 et
393 664 518 689 manso,
542 656 575 684 in
593 664 656 694 quo
674 656 856 693 grangiam,
880 665 943 685 non
969 656 1092 694 absque
1118 665 1186 685 ma-

177 708 252 745 gnis
262 709 415 746 expensis
427 713 455 738 et
467 708 648 741 laboribus,
663 713 930 743 construxerunt,
945 709 1052 738 dictus
1063 709 1186 746 episco-

176 769 247 799 pus,
261 765 433 799 postquam
446 761 532 791 idem
546 762 721 791 comitatus
733 762 865 791 nomine
880 762 1025 791 Ecclesie
1038 763 1185 792 Romane

178 814 328 852 pervenit
341 814 380 844 ad
394 823 480 844 eum.
499 823 635 844 censum
652 824 799 844 aunuum
815 816 973 853 receperit
991 816 1030 845 ab
1048 816 1183 850 eisdem,

177 867 225 897 eis
238 876 336 905 super
348 867 407 897 hoc
423 872 559 905 paterna
571 868 748 897 subvenire
763 868 968 906 providentia
982 878 1183 898 curaremus.

177 921 245 950 Nos
261 920 373 957 igitur,
396 921 443 950 sic
462 921 537 959 jura
560 921 735 950 comitatus
755 921 901 959 ejusdem
925 931 1056 951 servare
1075 922 1187 951 volen-

176 977 235 1009 tes,
256 973 343 1011 quod
359 973 499 1003 aliorum
513 973 656 1011 justitia.
675 978 705 1003 et
724 974 877 1011 precipue
896 974 1007 1003 divine
1025 974 1113 1003 laudi
1132 983 1186 1003 va—

177 1025 336 1055 cantium.
356 1035 420 1055 non
437 1025 577 1055 ledatur.
598 1026 795 1055 mandamus
814 1032 990 1064 quatenus.
1009 1027 1037 1055 si
1057 1032 1105 1056 est
1128 1027 1184 1061 ita,

177 1077 398 1108 inhibitiones
422 1078 613 1117 hujusmodi
637 1084 840 1110 revocantes,
859 1084 890 1109 et
912 1079 1035 1108 dictum
1060 1080 1187 1117 episeo-

175 1139 253 1169 pum
277 1140 313 1160 ac
339 1131 410 1169 ejus
435 1131 562 1170 bajulos
589 1132 784 1161 auctoritate
812 1137 922 1161 nostra
951 1137 985 1161 ut
1010 1132 1050 1161 ab
1074 1142 1186 1161 eorum

177 1184 356 1222 superbiis
373 1184 532 1214 desistant
552 1185 698 1223 injuriis.
715 1190 972 1222 compescentes,
988 1185 1026 1215 de
1044 1185 1140 1223 plano
1158 1191 1188 1215 et

177 1237 250 1267 sine
267 1237 405 1275 strepitu
422 1237 540 1276 judicii
558 1246 620 1276 que
641 1242 718 1267 sunt
735 1247 797 1276 que
815 1237 959 1267 alienata
975 1238 1141 1269 dicuntur.
1158 1244 1187 1268 et

176 1290 216 1320 de
243 1290 506 1320 circumstantiis
536 1291 703 1320 universis
733 1291 968 1321 alienationem
998 1291 1189 1329 hujusmodi

177 1343 458 1381 contingentibus,
476 1344 686 1382 inquirentes
707 1344 836 1382 plenius
854 1344 1038 1377 veritatem,
1057 1354 1120 1383 que
1136 1346 1188 1374 in-

177 1396 347 1433 veneritis,
373 1397 469 1427 nobis
489 1397 631 1426 fideliter
652 1397 853 1429 rescribatis,
878 1400 1075 1435 pretigentes
1092 1398 1189 1427 dictis

178 1449 290 1479 abbati
317 1454 348 1479 et
372 1450 549 1480 conventui
575 1450 754 1479 terminum
778 1451 1035 1488 peremptorium
1057 1460 1188 1489 compe-

181 1507 313 1539 tentem,
345 1512 409 1541 quo
437 1512 494 1541 per
522 1507 767 1541 procuratorem
796 1503 951 1533 idoneum
979 1508 1189 1542 compareant

179 1564 289 1585 coram
314 1556 422 1592 nohis,
446 1561 477 1585 ut
501 1566 601 1594 super
625 1556 685 1586 hoc
708 1556 794 1595 quod
818 1557 970 1594 expedire
995 1557 1188 1588 viderimus,

180 1608 408 1647 disponamus.
432 1609 525 1646 Quod
551 1610 578 1639 si
606 1618 669 1639 11011
696 1618 810 1639 omnes
836 1615 897 1639 etc.
923 1611 996 1639 Dat.
1022 1610 1186 1639 Laterani.

180 1662 212 1692 11
228 1670 333 1692 nonas
352 1661 477 1700 aprilis,
497 1671 583 1692 anno
601 1662 838 1692 tertiodecimo.
861 1675 873 1688 »

249 1861 367 1889 4802

216 1924 312 1952 Priori
329 1924 364 1950 de
384 1924 487 1950 Monte
512 1924 618 1955 Aoum),
641 1923 848 1951 Cluniacensis
871 1924 994 1956 ordinis,
1019 1925 1189 1952 0161001011-

180 1973 272 2000 tensis
286 1972 438 2003 dioecesis,
453 1972 602 2006 significat
616 1981 645 1998 se
661 1972 797 2006 episcopo
811 1972 967 1999 Aniciensi
982 1974 1087 1999 iterum
1108 1983 1189 2000 man-

178 2022 264 2048 dasse
280 2024 435 2056 quatenus,
450 2029 507 2047 non
522 2020 708 2047 obstantibus
723 2021 897 2054 quibusdam
916 2022 1140 2055 exceptionibus
1155 2031 1189 2049 ex

180 2074 263 2106 parte
278 2070 383 2097 decani
397 2073 425 2096 et
445 2069 569 2104 capituli
594 2070 735 2096 ecclesiae
756 2070 927 2096 Aniciensis
952 2071 1104 2104 oppositis.
1129 2080 1190 2105 per-

180 2122 316 2146 sonatum
332 2119 382 2153 qui
400 2118 563 2152 vulgariter
579 2118 740 2145 vocabatur
756 2119 866 2144 abbatia
877 2118 1010 2151 Secareti,
1024 2120 1053 2145 in
1066 2121 1191 2147 eeclesia

180 2167 348 2200 Aniciensi‚
365 2167 505 2201 magistro
522 2167 667 2199 Beraudo,
683 2167 776 2201 ipsius
794 2175 885 2201 papae
899 2168 1088 2199 subdiacono,
1107 2177 1190 2203 prae-

181 2217 343 2244 centoriam
367 2216 593 2249 Lugdunensem
617 2215 792 2249 resignanti,
810 2216 965 2244 conferret,
983 2220 1009 2243 et
1027 2217 1144 2243 irritum
1164 2222 1191 2244 et

181 2267 271 2294 inane
286 2266 443 2293 decernere
459 2265 599 2299 quicquid
614 2264 649 2291 de
664 2265 763 2291 eodem
780 2269 938 2299 personatu
954 2268 1054 2292 eontra
1071 2267 1191 2293 manda-

181 2318 245 2342 tum
261 2314 456 2349 apostolicum
475 2314 565 2340 fuerit
581 2316 761 2340 attentatum
776 2322 782 2344 ;
804 2314 830 2340 ei
855 2314 977 2340 mandat
994 2318 1149 2348 quatenus.
1167 2316 1190 2342 si

181 2364 280 2391 dictus
292 2362 464 2390 Aniciensis
481 2363 634 2396 episcopus
649 2363 823 2389 mandatum
840 2363 1034 2396 apostolieum
1054 2365 1191 2398 neglexe-

181 2413 222 2440 rit
237 2413 412 2447 adimplere,
433 2412 496 2446 ipse
520 2411 595 2438 illud
614 2411 734 2445 exsequi
759 2420 815 2438 non
837 2412 966 2438 omittat.
985 2427 1017 2430 —
1040 2414 1127 2443 (Rea.
1148 2414 1190 2444 19,

182 2462 202 2488 f.
217 2461 269 2488 106
285 2459 359 2496 [100]
373 2467 405 2486 v⁰
418 2469 424 2493 3
439 2469 510 2488 ann.
525 2460 608 2492 XIII,
625 2469 649 2486 6.
668 2460 720 2491 1Ο;
738 2475 769 2478 -
787 2461 824 2486 ef.
841 2467 937 2493 supra,
955 2464 983 2486 n⁰
1000 2461 1092 2492 4636.)

779 1862 900 1894 Latran,
915 1862 930 1888 6
946 1863 1022 1889 avril
1038 1863 1116 1889 1239.

224 2577 236 2592 α
259 2588 279 2596 ..
306 2565 407 2603 priori
427 2564 461 2592 de
479 2564 574 2592 Monte
594 2564 697 2598 Acuta,
726 2564 937 2593 Cluniacensis
962 2565 1093 2596 ordinis,
1124 2567 1193 2595 Cla-

181 2618 384 2648 romonteasis
414 2618 549 2646 diocesis.
583 2617 647 2646 Sua
678 2616 774 2646 nobis
815 2617 972 2654 magister
1008 2619 1192 2650 Beraudus.

181 2671 362 2702 canonicus
394 2670 599 2706 Aniciensis,
631 2670 854 2700 subdiaconus
887 2676 1009 2706 noster,
1034 2673 1193 2710 petitione

184 2724 381 2755 monstravit
399 2723 497 2762 quod,
525 2732 598 2752 cum
620 2723 699 2752 olim
724 2723 765 2753 ei.
791 2723 1097 2755 archidiaconatum
1119 2726 1193 2756 Cla-

185 2781 429 2807 romontensem
458 2777 492 2806 in
519 2776 674 2806 manibus
706 2776 829 2805 nostris
861 2776 964 2807 libere
995 2779 1192 2816 resignanti.

183 2830 424 2869 precentoriam
460 2829 716 2867 Lugdunensem
748 2829 786 2858 de
816 2830 922 2866 gratia
958 2831 1194 2862 contulerimus

184 2883 321 2922 speciali
340 2893 346 2912 :
373 2883 452 2922 quia
466 2883 500 2912 in
525 2882 665 2912 ecclesia
683 2882 909 2919 Lugdunensi,
929 2888 1061 2921 propter
1078 2894 1194 2922 graves

185 2935 382 2965 inimicitias
410 2944 490 2973 quas
521 2934 620 2964 hahet
650 2934 786 2970 ibidem,
816 2934 952 2964 timebat
979 2936 1194 2968 residentiam

1268 337 1375 367 facere
1394 340 1611 376 personalem,
1631 341 1811 370 veum-abili
1827 341 1920 369 fratri
1939 346 2049 370 nostro
2066 365 2084 370 ..
2100 342 2269 371 Aniciensi

1268 390 1420 428 episcopo
1443 393 1564 421 nostris
1585 393 1735 422 dedimus
1756 393 1875 422 litteris
1893 394 1927 422 in
1947 394 2122 424 mandatis.
2148 399 2181 423 ut
2199 404 2270 431 per-

1269 449 1419 473 sonatum
1451 446 1507 483 qui
1534 445 1713 483 vulgariter
1742 448 1861 475 abbatia
1891 448 2024 476 Secureli
2058 452 2201 476 vocatur.
2237 447 2269 476 in

1268 497 1407 527 ecclesia
1422 499 1594 528 Aniciensi
1609 504 1790 531 vacantem,
1809 500 1926 529 eidem.
1946 500 2123 537 predictam
2141 509 2273 537 precen-

1269 550 1385 579 toriam
1403 552 1597 588 resignanti.
1626 553 1804 582 conferret.
1831 553 1953 582 Verum
1978 562 2014 581 ex
2039 558 2128 590 parte
2151 552 2197 591 [..]
2221 553 2271 582 de-

1268 603 1342 632 cani
1367 608 1394 633 et
1420 604 1555 641 capituli
1582 605 1812 634 Anicicnsium
1843 614 1952 634 coram
1978 605 2089 634 eodem
2121 605 2272 642 episcopo

1268 657 1329 685 fuit
1354 658 1546 694 excipiendo
1570 659 1772 696 propositum
1801 659 1897 697 quod,
1928 668 2000 688 cum
2027 658 2134 687 littere
2157 658 2212 687 ille
2234 658 2271 687 de

1269 710 1434 747 prebenda
1459 711 1734 745 Claromontensi,
1776 721 1872 750 quam
1912 716 1980 749 post
2013 711 2270 746 1·⁴‘·si7;nationem

1269 763 1346 791 dicti
1365 763 1653 793 archidiaconatus
1670 765 1818 799 retinuit,
1838 764 1961 793 nullam
1978 765 2123 793 facerent
2136 764 2271 793 mentio-

1270 826 1359 846 nem.
1388 818 1437 845 et¹
1463 817 1535 846 licet
1561 814 1800 847 Bertrandus²,
1824 818 1880 855 qui
1908 818 2030 847 dictum
2061 822 2271 855 personatum

1268 869 1423 898 obtinuit.
1451 870 1551 899 suerit
1573 870 1605 898 in
1631 870 1820 907 episcopum
1841 870 2071 899 Yivarienscm
2093 869 2215 899 electus
2241 874 2271 899 et

1269 922 1366 951 etiam
1387 923 1612 951 confirmatus.
1638 923 1715 960 quia
1741 927 1847 952 tamen
1872 932 1991 951 munus
2013 922 2271 951 cons=1·c1·ationis

1269 974 1374 1003 adliuc
1389 984 1452 1003 non
1471 975 1574 1012 potuit
1588 975 1748 1004 obtinere.
1766 984 1972 1013 nequaquam
1992 979 2185 1012 perscmatus
2203 975 2271 1012 ipse

1269 1027 1403 1056 vacabat
1421 1037 1426 1055 z
1445 1036 1501 1065 per
1517 1027 1644 1056 litteras
1659 1028 1747 1064 ipsas
1765 1036 1863 1064 super
1879 1027 1938 1056 boc
1956 1027 2128 1064 procedere
2146 1027 2182 1056 dc
2199 1027 2272 1063 jure

1271 1089 1334 1109 non
1354 1084 1479 1117 poterat
1497 1089 1554 1109 nec
1580 1079 1737 1109 debebat:
1765 1080 1996 1117 propterquod
2017 1080 2121 1109 eidem
2144 1080 2273 1115 negotio

1270 1133 1377 1162 dictus
1411 1133 1583 1170 episcopus
1618 1132 1833 1170 supersedere
1870 1133 2011 1161 curavit.
2051 1133 2158 1168 Quare
2188 1132 2274 1161 idem

1272 1186 1429 1222 magister
1446 1186 1540 1214 nobis
1558 1185 1730 1214 humiliter
1746 1185 1942 1222 supplicavit
1963 1190 1995 1213 ut
2013 1194 2111 1222 super
2131 1185 2190 1213 boc
2211 1184 2275 1213 sibi

1271 1238 1442 1276 providere
1466 1255 1503 1258 —
1527 1247 1719 1267 curaremus
1742 1255 1790 1265 —.
1815 1238 1886 1267 Dat.
1914 1237 2080 1272 Laterani,
2099 1238 2178 1266 VIII
2202 1237 2274 1265 idus

1272 1291 1398 1329 aprilis,
1417 1300 1503 1320 anno
1522 1290 1777 1320 tertio‹lecimo³.
1802 1302 1812 1315 11

1343 1490 1460 1518 4803

1307 1553 1525 1580 Areliidiacoim
1541 1553 1576 1579 de
1592 1553 1719 1579 Derham
1738 1554 1783 1583 (Ξ
1796 1553 1966 1583 Dereham),
1983 1552 2184 1578 Norwicensis
2200 1552 2277 1578 dioe-

1872 1491 1991 1521 Latran,
2007 1490 2022 1516 9
2037 1490 2112 1515 avril
2126 1490 2204 1515 1239.

1272 1603 1356 1633 cesis,
1369 1602 1487 1628 mandat
1499 1605 1643 1635 quatenus
1655 1602 1798 1628 Tbomam
1813 1601 1966 1632 clericum,
1978 1601 2108 1634 ejusdem
2122 1601 2272 1632 dioecesis,

1273 1666 1304 1669 —
1327 1651 1387 1684 qui,
1405 1659 1490 1677 causa
1507 1650 1583 1676 inter
1602 1650 1697 1684 ipsum
1716 1654 1741 1676 et
1760 1650 1913 1683 Hugonem
1931 1650 1966 1676 de
1984 1649 2071 1676 Bilne
2091 1652 2135 1681 (z
2156 1650 2276 1682 Bilney)

1272 1700 1412 1726 clericum
1434 1708 1520 1733 super
1545 1699 1669 1725 ecclesia
1691 1699 1726 1725 de
1752 1699 1911 1725 Kimburle
1932 1700 1974 1728 (·T
1997 1698 2186 1731 Kimberley)
2208 1706 2278 1731 pen-

1272 1750 1370 1781 dente,
1390 1749 1419 1775 in
1437 1749 1564 1775 termino
1581 1748 1714 1782 partibus
1735 1748 1871 1781 praefixo,
1893 1755 1942 1780 per
1957 1749 2013 1773 tres
2031 1755 2144 1773 menses
2160 1755 2279 1780 exspec-

1272 1801 1366 1829 tatus,
1393 1806 1562 1831 comparere
1588 1805 1644 1823 non
1667 1801 1836 1827 curaverat,
1864 1810 1894 1814 —
1919 1796 1948 1822 in
1974 1795 2109 1829 expensis
2138 1795 2280 1828 legitimis

1272 1847 1366 1873 eidem
1384 1846 1501 1880 Hugoni
1515 1846 1691 1872 condemnet
1703 1849 1730 1871 et
1744 1845 1779 1871 ad
1794 1844 1969 1871 solutionem
1986 1843 2142 1870 earundem
2158 1852 2207 1877 per
2216 1851 2280 1869 cen-

1272 1904 1369 1922 suram
1394 1894 1626 1921 ecelesiasticam
1651 1894 1821 1927 compellat,
1844 1893 1993 1926 praedicto
2017 1892 2134 1923 Hugoni
2159 1892 2281 1918 licentia

1273 1944 1308 1971 ad
1326 1944 1441 1978 propria
1456 1942 1623 1969 revertendi
1644 1950 1791 1968 concessa.
1809 1956 1840 1959 —
1863 1941 1949 1972 (Rae.
1972 1940 2017 1972 19,
2040 1941 2059 1966 f.
2080 1940 2130 1966 107
2146 1938 2218 1974 [101]
2236 1948 2279 1971 1·⁰;

1272 2002 1341 2019 ann.
1360 1992 1558 2021 X111.c.11.)

1316 2106 1327 2119 ι(
1350 2116 1368 2121 ..
1387 2093 1604 2122 archidiacono
1616 2092 1649 2120 cle
1661 2092 1802 2125 Derltaon7
1817 2091 2017 2119 *vorzeit-ensis
2029 2090 2163 2117 diocesis.
2178 2088 2283 2118 Dilec-

1275 2152 1327 2176 tus
1343 2146 1433 2175 filius
1452 2146 1548 2182 Hugo
1572 2145 1610 2173 de
1627 2143 1749 2183 Biln[e]
1777 2143 1916 2173 clericus
1934 2151 1993 2172 sua
2010 2142 2104 2171 nobis
2124 2142 2281 2179 petitione

1274 2199 1471 2229 monstravit
1488 2198 1586 2236 quod,
1604 2206 1678 2227 cum
1695 2205 1828 2226 causam
1843 2205 1905 2234 que
1923 2196 2010 2225 inter
2027 2195 2133 2233 ipsum
2149 2199 2179 2224 et
2195 2194 2281 2223 Tho-

1275 2261 1360 2281 mam
1377 2251 1545 2281 clericum.
1562 2249 1789 2280 Norwicensis
1802 2249 1955 2280 diocesis,
1974 2256 2071 2286 super
2087 2246 2224 2277 ecclesia
2242 2246 2279 2275 de

1275 2304 1475 2343 Kimburl[e]
1499 2303 1646 2338 vertitur,
1675 2312 1732 2340 per
1758 2301 2011 2340 appellationem
2034 2301 2138 2338 ipsius
2156 2300 2279 2338 H[ugo-

1275 2357 1339 2396 nis]
1365 2357 1404 2386 ad
1427 2365 1485 2385 nos
1509 2355 1662 2387 delatam,
1683 2377 1702 2383 ..
1732 2354 1834 2392 priori
1861 2354 1908 2382 tui
1926 2353 2118 2382 monasterii
2144 2352 2279 2390 ejusque

1274 2410 1397 2447 college
1416 2409 1476 2439 sub
1495 2418 1531 2438 ea
1544 2409 1653 2438 *soi-ma
1673 2407 1864 2437 duxerimus
1882 2405 2158 2437 committendam,
2178 2409 2211 2433 ut
2230 2404 2280 2441 ip-

1275 2473 1344 2493 sam
1368 2463 1456 2492 infra
1482 2466 1553 2491 octo
1576 2470 1707 2490 menses
1731 2464 1802 2498 post
1825 2458 2067 2496 susceptionem
2094 2457 2278 2486 litterarum

1277 2521 1464 2546 nostrarum
1483 2515 1522 2544 ad
1538 2523 1595 2543 nos
1614 2513 1831 2543 remitterent.
1850 2512 2047 2549 pretigentes
2062 2510 2279 2548 partibuster-

1308 2637 1327 2659 1.
1345 2635 1383 2659 La
1399 2635 1497 2665 phrase
1514 2641 1519 2655 :
1538 2642 1548 2654 a
1566 2636 1592 2656 et.
1609 2633 1671 2655 licet
1733 2632 1791 2661 ipse
1808 2631 1921 2653 vacabat
1944 2638 1965 2658 »,
1987 2636 2020 2652 uc
2040 2636 2069 2652 se
2090 2632 2217 2659 rapporte
2234 2635 2281 2658 pas

1275 2679 1553 2710 grammaticalement
1569 2677 1583 2699 a
1600 2683 1630 2699 ce
1648 2676 1694 2706 qui
1713 2674 1828 2705 precede
1851 2678 1877 2697 et
1899 2674 2023 2704 pourrait
2043 2674 2098 2696 etre
2120 2673 2185 2695 misc
2206 2676 2282 2695 entre

1275 2724 1460 2755 parentheses.

1305 2768 1327 2791 Q.
1345 2768 1387 2791 On
1404 2774 1437 2790 ne
1454 2768 1599 2789 rencontre
1617 2772 1666 2795 pas
1682 2764 1714 2787 de
1731 2769 1905 2794 personnage
1922 2762 1957 2784 du
1974 2768 2036 2784 nom
2054 2761 2086 2784 de
2100 2762 2282 2789 Bertrarzdus,

1276 2812 1360 2842 parmi
1383 2812 1420 2834 les
1441 2811 1561 2840 eve‘ques
1578 2809 1610 2832 de
1628 2809 1752 2835 viviers,
1774 2807 1789 2830 a
1810 2810 1881 2830 cette
1903 2806 2023 2836 epoque‚
2046 2806 2112 2828 mais
2132 2805 2283 2828 seulement

1276 2857 1472 2883 Bermum1us,
1496 2854 1592 2884 appele
1622 2853 1696 2875 aussi
1725 2851 1893 2878 bernoinus,
1917 2857 1962 2880 qui
1986 2849 2099 2879 siegeait
2121 2855 2154 2872 en
2179 2848 2235 2871 1222
2258 2852 2283 2870 et

1277 2907 1377 2924 encore
1393 2906 1425 2922 en
1445 2898 1511 2921 1242.
1529 2897 1570 2921 Cf.
1588 2898 1675 2920 Gallia
1693 2896 1865 2923 christiana,
1881 2897 1899 2916 t.
1917 2893 1978 2916 XVI
1995 2893 2084 2921 (1505),
2101 2892 2151 2915 col.
2168 2892 2283 2915 562-564.

1308 2944 1329 2967 3.
1349 2946 1419 2966 Ms.:
1436 2942 1612 2965 duodecimo.
