2553 3526
297 286 352 317 543
1022 273 1261 307 izEGIsTREs
1284 271 1338 300 DE
1361 262 1583 299 GREGOIRE
1608 271 1665 299 ιχ.
2338 267 2393 296 544

369 352 487 381 6084

334 416 477 449 Episcopo
491 412 665 440 Placentino
681 410 828 443 significat
846 403 1133 437 Robertuui,Sa11cti
1152 399 1305 429 Eustachii

870 348 990 377 Lati-an,
1007 345 1023 371 8
1038 343 1135 377 juillet
1153 340 1232 367 1241.

300 466 456 491 diaconum
483 462 677 491 cardinalem,
702 467 759 485 non
785 457 941 484 admisisse
964 454 1130 481 Martinum
1151 449 1306 479 Johannis.

301 513 475 540 canonicum
501 509 694 537 Placentinae
715 506 866 536 ecclesiae,
890 504 939 537 qui
961 503 1056 536 ipsum
1076 501 1244 534 episcopum
1272 496 1309 522 ab

301 560 559 589 administratione
581 558 764 591 episcopatus
787 553 917 580 amoveri
940 550 1073 586 pluribus
1093 549 1128 575 de
1150 547 1246 574 causis
1263 553 1309 579 pe-

303 611 392 641 tebat,
414 609 449 635 ad
471 606 688 634 accusationem
710 611 796 637 quam
824 604 927 628 contra
949 600 1044 633 ipsum
1072 597 1241 631 episcopum
1264 594 1310 620 in-

303 662 414 685 strucre
432 657 576 686 voluerat,
594 656 621 679 et
638 662 667 679 se
682 653 778 686 ipsum
800 658 905 684 papam
921 647 997 682 quod
1014 655 1030 673 a
1046 645 1196 680 praedicto
1213 641 1310 669 cardi-

305 708 365 733 nali
394 714 480 739 supcr
511 706 562 730 hoc
594 705 703 729 lactum
734 702 839 730 tuerat,
870 698 1053 724 confirmare.
1086 709 1117 712 —
1146 694 1232 724 (Ram.
1265 690 1310 721 20,

306 759 324 782 t.
346 756 378 781 87
396 759 434 784 r⁴';
460 761 529 779 ann.
552 752 619 778 XV.
637 759 661 777 c.
680 750 730 779 98:
749 763 779 766 —
797 749 834 774 ct'.
852 753 947 779 supra,
965 748 993 771 n⁰
1008 743 1100 773 5964.)

348 870 359 881 «ι
382 878 400 884 ..
419 856 551 892 episcopo
574 852 760 881 Placentino.
779 848 917 878 Volente
938 850 1052 875 contra
1071 848 1100 873 te
1124 843 1158 871 in
1180 840 1313 870 modum

307 906 529 939 accusationis
542 913 637 942 agere
655 903 798 933 Martino
814 898 991 933 Johannis,
1007 895 1166 927 canonico
1180 893 1314 923 Placen-

309 963 375 991 tine
399 960 548 993 ecclesie,
572 966 630 987 nos
658 956 717 986 tibi
741 960 771 985 et
797 954 872 992 ipsi,
894 951 980 990 apud
1004 950 1123 980 Sedem
1149 945 1314 985 Apostoli-

309 1024 379 1045 cam
397 1011 597 1045 constitutis,
619 1010 775 1039 dilectum
793 1006 898 1035 tilium
921 1008 1071 1034 nostrum
1095 997 1314 1040 R[obertum],

309 1067 419 1098 Sancti
437 1064 608 1096 Eustachii
627 1063 802 1092 diaconum
819 1057 1033 1089 cardinalem,
1053 1054 1204 1085 dedimus
1222 1051 1317 1081 audi-

310 1128 424 1151 torem.
438 1120 555 1150 Coram
571 1126 634 1156 quo
652 1118 853 1154 proponente
866 1112 951 1141 dicto
965 1109 1108 1140 Martino
1121 1106 1317 1137 electionem

311 1175 348 1204 de
369 1178 398 1203 tc
415 1173 448 1202 in
467 1172 580 1202 eadem
601 1168 740 1199 ecclesia
764 1168 832 1196 fore
857 1165 968 1194 minus
990 1161 1148 1192 canonice
1171 1157 1318 1189 celebra-

312 1233 388 1257 tam,
408 1226 567 1264 pluraque
584 1222 747 1253 obiciente
764 1219 905 1249 crimina
918 1221 1032 1247 contra
1051 1220 1091 1248 te,
1110 1217 1319 1252 propterque

312 1280 442 1319 petebat
473 1283 502 1307 te
536 1277 725 1314 episcopum
757 1282 821 1302 non
850 1268 1071 1309 pronuntiari,
1104 1264 1249 1296 amoveri
1279 1263 1319 1293 ab

313 1333 520 1371 episcopatus
538 1326 837 1359 amministratione
861 1333 898 1353 ac
916 1332 974 1361 pro
996 1318 1187 1360 hujusmodi
1207 1316 1320 1346 crimi-

315 1387 413 1416 nibus
429 1383 589 1414 canonica
611 1389 695 1419 pena
718 1378 839 1417 puniri,
865 1386 902 1407 ex
925 1380 1016 1414 parte
1040 1379 1096 1403 tua
1112 1371 1220 1402 extitit
1240 1369 1321 1399 alle-

315 1445 427 1477 gatum
444 1436 530 1476 quod
546 1435 650 1465 idem¹
674 1433 713 1462 ad
732 1430 977 1462 accusationem
999 1431 1113 1457 contra
1134 1430 1164 1454 te
1186 1432 1250 1453 non
1269 1422 1322 1452 de-

315 1493 412 1522 bebatv
443 1489 583 1524 admitti,
616 1497 652 1517 ex
684 1495 721 1516 eo
751 1484 849 1523 quod,
882 1489 957 1512 tuus
984 1479 1143 1510 inimicus
1169 1475 1322 1515 capitalis

316 1546 478 1579 existens,
503 1546 614 1580 utpote
637 1540 694 1579 qui
716 1543 821 1568 status
843 1541 874 1566 et
898 1534 1046 1565 omnium
1070 1533 1230 1562 bonorum
1249 1538 1322 1559 con-

317 1604 366 1628 tra
387 1603 417 1628 te
440 1604 549 1626 coram
569 1593 664 1623 nobis
686 1595 832 1621 moverat
855 1588 1063 1628 questionem
1085 1595 1121 1614 ac
1143 1584 1270 1613 dixerat
1294 1586 1323 1611 te

317 1661 381 1681 non
413 1650 603 1688 episcopum
627 1650 658 1676 et
681 1645 754 1674 idco
778 1641 1008 1673 amovendum.
1038 1644 1067 1668 tc
1092 1636 1246 1676 plurimis
1271 1635 1324 1664 in-

313 1704 424 1744 juriis,
456 1700 623 1732 convitiis,
657 1697 807 1727 infamiis
838 1700 868 1725 et
898 1691 1160 1723 detractionibus
1188 1688 1325 1719 lacessi-

317 1758 380 1792 vit,
409 1755 484 1785 aliis
511 1753 626 1782 multis
650 1760 707 1789 pro
730 1755 758 1779 te
785 1748 824 1778 ad
850 1745 1075 1785 repellendum
1102 1752 1177 1773 eum
1205 1742 1244 1771 ab
1271 1750 1325 1770 ac-

317 1809 473 1843 cusando,
496 1805 682 1836 rationibus
699 1800 909 1832 introductis.
931 1799 1020 1828 Idem
1038 1805 1114 1827 vero
1132 1794 1323 1829 cardinalis,

317 1863 440 1893 auditis
471 1865 501 1890 et
531 1857 710 1889 intellectis
743 1854 922 1891 diligenter
949 1860 1012 1890 que
1041 1851 1176 1879 fuerunt
1209 1856 1326 1886 propo-

318 1917 382 1945 sita
405 1922 514 1944 coram
537 1921 585 1946 eo,
613 1909 775 1947 nobisque
799 1916 835 1936 ac
857 1904 1017 1935 fratribus
1037 1902 1160 1932 nostris
1185 1900 1326 1930 lideliter

318 1967 476 1999 recitatis.
497 1966 535 1995 de
548 1963 701 1994 mandato
721 1965 832 1990 nostro
850 1964 880 1990 et
897 1959 1036 1988 fratrum
1051 1960 1237 1986 nostrorum
1253 1962 1326 1983 con-

319 2022 406 2057 silio,
431 2020 471 2049 ad
494 2016 739 2048 accusationem
763 2019 852 2042 tuam
878 2011 1019 2041 cundem
1041 2008 1237 2039 canonicum
1262 2016 1325 2036 non

320 2073 465 2103 admisit.
484 2072 514 2102 ei
531 2079 629 2108 super
643 2069 703 2098 hoc
718 2066 889 2097 silentium
908 2063 1118 2102 imponendo,
1134 2061 1327 2098 cumipsum

320 2128 359 2157 ad
376 2126 409 2156 id
426 2125 511 2154 malo
530 2123 597 2153 zelo
610 2121 734 2151 moveri
754 2129 791 2149 ex
808 2117 993 2157 perspicuis
1012 2115 1143 2144 inditiis
1161 2113 1328 2143 constitis-

321 2185 384 2214 set,
410 2182 503 2217 prout
525 2177 558 2206 in
583 2174 703 2204 litteris
727 2172 806 2202 dicti
828 2169 1007 2201 cardinalis
1028 2167 1187 2197 confectis
1211 2166 1328 2195 exinde

320 2233 452 2271 plenius
475 2229 674 2259 continetur.
698 2227 766 2256 Nos
790 2224 902 2262 igitur,
921 2222 1007 2261 quod
1028 2221 1067 2250 ab
1091 2220 1204 2250 eodem
1221 2218 1329 2248 cardi-

322 2285 389 2315 nali
407 2293 505 2322 super
521 2282 581 2311 hoc
596 2282 718 2310 factum
732 2283 791 2308 cst.
806 2282 912 2307 ratum
930 2275 1102 2304 habentes.
1121 2273 1203 2302 illud
1221 2276 1330 2301 aucto-

322 2340 418 2368 ritate
441 2335 620 2375 apostolica
640 2334 875 2363 contii-mamus
899 2334 929 2359 et
952 2327 1116 2367 presentis
1139 2325 1253 2364 scripti
1274 2334 1330 2363 pa-

323 2391 461 2421 trocinio
476 2387 731 2418 communimus.
750 2383 843 2414 Nulli
855 2391 931 2419 ergo
945 2385 1055 2410 nostre
1067 2378 1330 2409 confirmationis

323 2450 381 2473 «etc.
404 2444 438 2472 si
458 2442 532 2481 quis
549 2445 659 2470 autem
681 2444 739 2469 etc.
764 2438 836 2467 Dat.
862 2434 1028 2468 Laterani,
1046 2433 1126 2463 VIII
1148 2432 1222 2461 idus
1240 2431 1328 2470 julii,

323 2505 409 2525 anno
425 2493 682 2533 quintodecimo.
704 2504 715 2516 n

396 2673 514 2700 6⁰85

360 2736 481 2765 Cantori
504 2733 738 2767 Nigripmitcnsi,
764 2740 815 2757 nec
837 2739 892 2756 non
917 2729 1027 2755 decano
1050 2731 1075 2754 et
1101 2726 1190 2761 priori
1215 2725 1333 2759 Templi

899 2667 1020 2697 Latran,
1037 2665 1052 2691 8
1066 2664 1164 2697 juillet
1182 2663 1260 2689 1241.

324 2785 445 2812 Domini
473 2781 708 2810 Atheniensibus
734 2779 837 2807 scribit
862 2779 897 2804 de
924 2776 1095 2811 quaestione
1118 2775 1189 2801 olim
1216 2774 1335 2800 suborta

325 2836 402 2861 iuter
418 2833 552 2860 abbatem
572 2833 811 2862 conventumque
829 2826 1000 2854 monasterii
1024 2825 1058 2851 de
1075 2824 1246 2858 Dalphinis,
1269 2822 1335 2850 Cis-

360 2951 379 2975 l.
396 2947 565 2973 Uest-a-dire
583 2946 722 2968 Martinus
736 2943 885 2967 Johannts.

1387 336 1540 362 terciensis
1560 337 1682 367 ordinis,
1700 345 1734 362 ex
1751 344 1810 362 una
1828 338 1920 370 parte,
1938 339 1965 361 et
1983 335 2141 362 Florettan]
2153 356 2159 365 ,
2180 342 2300 361 uxoren]
2321 333 2393 360 olim

1388 384 1434 415 P.‚
1451 384 1557 410 militis
1573 384 1826 418 Nigripontenffls,
1839 391 1872 409 ex
1887 384 1990 415 altera,
2008 391 2094 416 super
2108 382 2196 409 casali
2214 382 2249 408 de
2263 381 2395 413 Liconia,

1389 432 1488 465 eisque
1509 432 1629 458 mandat
1646 435 1801 465 quatenus,
1823 446 1853 449 —
1871 440 1949 463 cum,
1966 431 2047 457 dicta
2063 431 2193 457 Floretta
2208 430 2330 457 interim
2348 430 2396 456 de-

1390 481 1521 512 cedente,
1545 481 1687 514 praedicti
1709 480 1799 507 abbas
1820 483 2041 513 conventusque
2057 479 2247 510 Vermiliam.
2269 487 2395 505 sororem

1391 529 1521 562 ejusdem
1536 530 1683 555 Florettae
1695 529 1897 563 superstitem,
1911 537 2007 554 coram
2021 528 2093 562 ipsis
2105 531 2223 554 cantore
2235 530 2263 554 et
2276 527 2398 559 decano,

1391 586 1444 604 nec
1466 587 1520 604 non
1539 586 1634 604 coram
1658 578 1804 611 (piendam
1824 578 1964 609 Henrico,
1986 577 2127 603 canonico
2143 576 2332 606 Atheniensi,
2350 576 2397 602 cui

1392 627 1577 661 postmodum
1611 636 1686 661 papa
1713 627 1809 661 ipsum
1842 626 1967 660 priorem
1997 626 2115 660 Templi
2141 626 2261 652 Domini
2288 625 2316 651 in
2347 626 2400 651 hoc

1394 676 1509 709 negotio
1534 676 1754 709 subrogaverat.
1777 674 1996 706 convenissent,
2024 677 2052 701 et
2075 674 2227 708 praedicta
2252 673 2401 700 Vermilia

1394 732 1490 750 coram
1508 725 1549 751 eis
1566 725 1706 758 quasdam
1723 724 1910 758 exceptiones
1929 731 2015 757 super
2035 724 2206 757 quaestione
2227 722 2402 749 hereditatis

1394 772 1560 806 objecisset,
1585 774 1781 807 praetendens
1797 782 1826 799 se
1845 773 1949 799 sororis
1971 775 2175 806 praemortuae
2190 772 2325 799 heredem
2344 780 2400 798 non

1395 830 1467 852 esse,
1484 822 1562 848 unde
1583 822 1612 848 in
1635 830 1722 848 causa
1743 822 1842 848 nullus
1864 830 2013 855 processus
2034 820 2152 847 habitus
2170 822 2274 851 fuerat,
2298 835 2330 838 —
2352 821 2403 847 he—

1396 870 1464 896 rede
1480 870 1573 903 ipsius
1589 870 1746 899 Florettae,
1764 870 1786 896 si
1805 878 1889 903 quem
1913 878 1974 896 esse
1990 869 2167 896 constiterit.
2185 869 2285 899 citato,
2300 871 2361 900 aut,
2379 868 2403 895 si

1398 919 1497 944 nullus
1515 919 1597 944 heres
1617 921 1767 952 appareat.
1792 918 1860 944 dato
1879 920 2010 944 curatore
2031 917 2125 949 bonis,
2150 917 2178 944 in
2198 917 2299 943 eadem
2318 925 2406 943 causa

1398 967 1558 1001 procedant
1580 966 1740 993 secundum
1765 966 1879 992 litteras
1897 966 1932 992 ad
1953 966 2030 1000 ipsos
2049 968 2197 992 cantorem
2215 968 2244 991 et
2260 965 2404 992 decanum

1400 1024 1452 1041 nec
1467 1023 1524 1041 non
1537 1015 1573 1041 ad
1584 1015 1713 1049 ipsorum
1726 1015 1879 1047 collegam,
1890 1014 2031 1040 videlicet
2045 1014 2080 1040 ad
2093 1014 2277 1048 praedictum
2295 1013 2408 1040 Henri-

1400 1073 1478 1096 cum,
1493 1065 1552 1097 jam
1570 1064 1708 1090 directas.
1726 1078 1758 1081 —
1775 1063 1862 1093 (ΒΕΘ.
1879 1062 1924 1094 20,
1942 1064 1962 1088 f.
1983 1062 2017 1089 87
2035 1066 2078 1094 v·';
2099 1071 2168 1089 ann.
2186 1063 2253 1095 XV,
2266 1071 2291 1089 c.
2306 1062 2356 1094 99;
2374 1077 2407 1080 —

1401 1114 1438 1138 cf.
1456 1119 1552 1145 supra,
1570 1121 1586 1138 n
1616 1112 1696 1144 2671,
1713 1112 1793 1143 3214,
1811 1111 1890 1143 3583,
1907 1111 1977 1137 4390
1992 1114 2020 1137 et
2033 1111 2126 1141 5204.)

1444 1226 1455 1239 a
1477 1235 1497 1242 ..
1515 1214 1634 1242 cantori
1655 1214 1895 1251 Niqriponlensi,
1918 1235 1936 1240 t.
1957 1213 2067 1241 decano
2086 1218 2111 1241 el
2135 1235 2153 1240 ..
2177 1213 2277 1249 priori
2296 1213 2410 1249 Templi

1403 1268 1525 1295 Domini
1539 1267 1809 1304 Mhenienjsibus}
1826 1265 1979 1296 Exhibita
2000 1265 2095 1294 nobis
2114 1265 2309 1295 dilectorum
2325 1264 2412 1294 filio-

1403 1328 1476 1349 rum
1495 1342 1512 1348 ..
1535 1319 1665 1348 abbatis
1689 1324 1719 1349 et
1743 1323 1924 1348 conventus
1948 1317 2143 1347 monasterii
2163 1317 2202 1347 de
2222 1317 2410 1355 Dalphinis,

1403 1372 1638 1403 Cisterciensis
1668 1371 1813 1405 ordinis,
1844 1371 1959 1409 petitio
1986 1370 2178 1400 continebat
2206 1370 2303 1409 quod,
2336 1379 2411 1400 cum

1403 1425 1482 1455 olim
1498 1425 1586 1455 inter
1602 1425 1691 1463 ipsos
1710 1429 1741 1455 et
1762 1425 1927 1463 quondam
1944 1424 2125 1454 Florectam
2139 1428 2157 1459 ¹,
2179 1433 2314 1453 uxorem
2333 1423 2413 1453 olim

1405 1480 1453 1514 P.‚
1473 1478 1590 1507 militis
1613 1478 1896 1516 Nigripontensis,
1919 1486 2018 1515 super
2040 1476 2142 1506 casali
2167 1477 2206 1506 de
2227 1476 2364 1506 Liconia
2383 1481 2414 1506 et

1405 1531 1618 1570 pertinentiis
1640 1531 1711 1570 ejus
1732 1530 1906 1569 questione
1930 1530 2075 1560 suborta.
2101 1534 2174 1568 post
2193 1530 2342 1560 diversas
2358 1529 2415 1559 lit·

1406 1590 1493 1615 teras
1509 1585 1587 1614 hinc
1604 1584 1681 1614 inde
1700 1588 1765 1613 tam
1783 1593 1800 1613 a
1824 1583 1906 1613 Sede
1931 1582 2119 1621 Apostolica
2140 1592 2239 1622 quam
2259 1592 2277 1612 a
2296 1582 2416 1620 legatis

1406 1639 1513 1676 ipsius
1532 1637 1715 1676 adjudices
1741 1637 1889 1666 diversos
1912 1636 2073 1666 obtentas.
2092 1645 2226 1666 causam
2245 1636 2364 1674 ipsam,
2383 1640 2418 1665 ut

1406 1695 1598 1730 parceretur
1614 1690 1784 1720 laboribus
1800 1695 1832 1719 et
1850 1689 2014 1727 expensis,
2041 1689 2081 1718 ad
2103 1698 2240 1719 examen
2261 1688 2418 1727 apostoli-

1409 1754 1482 1774 cum
1508 1744 1700 1773 duxerimus
1727 1742 1944 1772 revocandam
1972 1752 1978 1770 :
2007 1742 2156 1780 partibus
2187 1742 2272 1780 apud
2300 1742 2418 1772 Sedem

1409 1796 1631 1835 Apostolicam
1651 1795 1841 1825 constitutis
1863 1794 2019 1825 dilectum
2042 1794 2148 1824 filium
2173 1799 2322 1824 nostrum
2339 1795 2420 1835 R[o-

1408 1849 1560 1889 bertum]v
1582 1849 1695 1879 Sancti
1719 1848 1891 1878 Eustachii
1912 1848 2088 1877 diaconum
2106 1847 2320 1882 cardinalem,
2341 1857 2420 1878 con-

1409 1903 1571 1934 cessimus
1584 1902 1780 1932 auditorem.
1797 1901 1916 1931 Coram
1928 1910 1992 1939 quo
2005 1900 2063 1930 lite
2076 1900 2223 1938 legitime
2237 1905 2421 1931 contestata

1410 1961 1440 1987 et
1457 1966 1493 1986 ex
1513 1960 1603 1994 parte
1621 1955 1783 1984 dictorum
1801 1954 1930 1984 abbatis
1955 1958 1985 1984 et
2007 1958 2189 1983 conventus
2212 1954 2252 1983 ad
2275 1954 2420 1984 fundan-

1410 2010 1484 2039 dam
1501 2008 1721 2038 intentionem
1741 2016 1834 2037 suam
1852 2006 2051 2045 quibusdam
2075 2007 2309 2036 instrumentis
2327 2007 2420 2037 exhi-

1410 2063 1506 2097 bitis,
1533 2061 1644 2091 littera
1669 2069 1765 2098 greca
1789 2060 1960 2094 consectis,
1985 2059 2064 2098 quia
2087 2059 2125 2089 de
2146 2059 2280 2089 illorum
2306 2065 2421 2090 tenore

1411 2115 1506 2153 plene
1522 2114 1650 2152 liquere
1668 2122 1732 2143 non
1751 2117 1888 2151 poterat,
1907 2122 2040 2142 causam
2058 2112 2162 2147 vobis,
2180 2112 2241 2142 filii
2258 2117 2372 2142 cantor
2389 2117 2420 2143 et

1411 2169 1544 2203 decane,
1572 2176 1608 2197 ac.
1634 2167 1799 2205 quondam
1823 2166 2004 2205 Henr[ico],
2029 2167 2188 2196 canonico
2209 2167 2419 2197 Atheniensi.

1412 2221 1473 2251 sub
1499 2230 1536 2251 ea
1561 2221 1667 2250 forma
1691 2220 1845 2249 duximus
1871 2219 2142 2249 committendam
2168 2224 2214 2255 ut,
2239 2220 2375 2258 prestito
2403 2230 2423 2250 a

1412 2275 1562 2314 partibus
1583 2273 1770 2312 calumpnie
1787 2273 1988 2312 juramento,
2011 2277 2041 2302 et
2059 2273 2311 2311 probationibus
2329 2273 2422 2303 exhi-

1413 2328 1492 2357 bitis
1520 2327 1597 2356 hinc
1628 2327 1704 2356 inde
1735 2327 1886 2364 receptis,
1921 2335 2054 2355 causam
2085 2326 2190 2364 ipsam
2220 2326 2424 2357 sufficienter

1413 2381 1609 2410 instructam
1630 2379 1670 2409 ad
1690 2388 1748 2409 nos
1768 2379 1936 2409 remittere
1957 2379 2132 2408 curaretis.
2155 2379 2316 2417 Cumque,
2337 2379 2424 2409 dicta

1414 2433 1566 2468 Floretta,
1588 2441 1662 2471 que,
1683 2437 1827 2470 tempore
1844 2437 1930 2461 mote
1947 2431 2027 2467 litis,
2047 2440 2099 2461 res
2111 2431 2149 2461 de
2163 2431 2285 2470 quibus
2301 2432 2420 2469 agitur,

1414 2485 1614 2524 possidebat,
1633 2485 1767 2515 interim
1783 2484 1972 2519 decedente,
1990 2484 2109 2523 prefati
2126 2484 2227 2514 abbas
2243 2489 2273 2514 et
2285 2493 2428 2515 conven-

1415 2544 1467 2568 tus
1484 2534 1711 2569 Ve1-miliam2,
1726 2546 1872 2567 sororem
1885 2538 1956 2576 ejus
1968 2537 2192 2575 superstitem,
2209 2537 2249 2567 ad
2265 2547 2363 2576 quam
2380 2538 2424 2567 vi-

1415 2591 1578 2621 debantur
1595 2600 1646 2620 res
1662 2591 1744 2629 ipse,
1768 2591 1990 2621 successionis
2009 2591 2094 2630 jure,
2119 2590 2287 2625 translate,
2305 2600 2425 2621 conve-

1416 2644 1526 2674 nerint
1543 2653 1652 2673 coram
1672 2644 1777 2680 vobis,
1795 2643 1978 2682 excipiente
1994 2644 2067 2682 ipsa
2083 2643 2180 2682 quod,
2203 2643 2291 2673 dicta
2313 2652 2427 2674 sorore

1416 2706 1477 2727 sua
1497 2696 1627 2726 sublata
1643 2697 1681 2726 de
1699 2697 1818 2731 medio,
1841 2696 1932 2726 nulla
1957 2696 1991 2725 in
2013 2696 2134 2726 litteris
2155 2697 2278 2726 nostris
2302 2697 2428 2727 mentio

1451 2802 1469 2825 l.
1489 2804 1549 2827 Sic.-
1571 2802 1631 2832 plus
1655 2802 1722 2829 loin,
1747 2804 1876 2825 Ftoretta.
1891 2814 1922 2818 —
1946 2801 2019 2825 C'est
2038 2802 2088 2825 elle
2110 2801 2294 2825 evidemment
2317 2802 2363 2832 qui
2385 2805 2426 2825 est

1418 2847 1548 2877 designee
1565 2854 1612 2877 par
1628 2846 1752 2870 l'Initiale
1766 2848 1794 2870 F.
1810 2846 1878 2870 dans
1894 2847 1932 2869 les
1949 2846 2041 2877 pieces
2058 2847 2117 2871 3583
2132 2850 2158 2870 et
2172 2846 2241 2872 4390.

1448 2891 1472 2915 2.
1491 2891 1564 2915 C'est
1576 2891 1626 2915 elle
1645 2897 1708 2914 sans
1727 2890 1811 2914 doute
1827 2891 1873 2921 qui
1892 2894 1933 2915 est
1951 2891 2081 2922 designee
2100 2898 2148 2922 par
2167 2891 2292 2915 l'initiale
2311 2893 2340 2916 V.
2357 2891 2427 2916 dans

1418 2937 1443 2960 la
1460 2935 1537 2966 piece
1549 2935 1617 2959 5204.
