2553 3526
320 276 355 303 97
1050 271 1287 302 REGIsTREs
1311 270 1365 299 DE
1389 265 1611 301 GREGOIRE
1637 272 1694 301 IX.
2385 274 2422 302 ‘28

318 343 409 369 sionis
420 342 555 368 districte
568 341 710 375 pract‘dpit
724 344 755 367 ut
767 341 803 367 al)
814 341 948 374 episcopo
964 340 1091 366 Mon—nsi
1108 339 1326 365 n‹›vit=·1·ete‹t·to

319 391 406 417 faciat
422 390 631 416 mercatoribus
644 390 784 416 Romanis
797 389 932 415 satisfieri
951 389 986 414 de
998 388 1122 414 summis
1134 387 1275 420 pecuniae
1285 386 1326 411 eis

315 440 351 466 ab
363 439 484 465 ecclesia
501 438 629 464 Metensi
643 437 762 464 debitis.
776 445 849 470 quac
867 436 1041 464 satisfactio.
1056 440 1117 469 post
1135 435 1267 461 diversas
1280 434 1326 460 litr

318 492 393 514 teras
421 497 433 513 a
441 487 596 521 postolicas
620 490 645 511 ct
675 487 782 511 multos
809 494 975 518 processus.
1001 493 1055 510 non
1080 484 1215 510 obstante
1235 482 1326 516 quod.

317 538 440 566 Tboma,
464 539 591 562 sam-tat·
610 536 738 561 Sabinae
760 534 931 568 presbytero
948 534 1105 560 cardinali.
1133 533 1270 559 faciente.
1291 532 1326 557 ad

317 586 506 612 amicabilem
531 584 773 617 compositionem
794 586 890 616 partes
907 583 1099 613 devenerant,
1125 582 1254 607 nondum
1278 589 1328 614 po-

319 638 413 660 tuerat
431 634 556 660 obtineri
573 641 577 660 :
596 632 722 658 <liversis
736 632 887 657 mandatis
901 632 977 657 idem
994 631 1143 664 negotium
1159 630 1328 663 contingen-

320 684 397 709 tibus
410 682 543 715 adjut-tis.
559 696 589 699 ff
607 682 692 712 (Item.
712 681 754 711 19,
774 682 791 706 t'.
806 680 857 706 110
869 678 999 714 [104Jv‘·;
1017 688 1086 705 ann.
1103 680 1184 707 XIII.
1197 688 1220 704 e.
1237 679 1269 704 35
1281 686 1286 709 ;
1298 693 1328 695 -

320 732 451 758 Mortem
469 730 545 759 1192.
565 732 583 755 1‘.
602 730 669 759 3163
684 743 714 746 ——
730 728 1010 759 ot·.s11prt1,11.3714,
1021 728 1100 758 3721,
1114 727 1182 753 3877
1196 730 1223 752 et
1238 726 1329 756 4341.)

365 846 375 856 α
399 833 527 860 ..ublmli
540 832 645 860 Sancti
656 832 734 859 Petri
745 831 913 861 bert-ensis.
926 830 1182 858 Cczllittlaunensis
1195 829 1329 856 ‹tm-esis.

322 886 456 915 Totiens
482 894 538 922 pro
565 885 695 919 nef-'otio
722 888 941 913 111ercatorum
971 884 1194 912 Romanorum
1218 886 1332 910 contra

324 939 406 967 bone
436 938 592 967 memoris¹
620 937 666 976 [a]
692 937 892 974 episcopum,
927 936 1193 973 p1·e‹lecess‹;›rem
1221 934 1331 963 dilecti

325 991 385 1020 tilii
405 1015 423 1019 ..
443 991 549 1022 electi,
566 996 596 1020 et
609 990 782 1019 ecclesiam
797 990 962 1018 Metenses
974 997 1032 1017 nos
1044 987 1186 1026 oportuit
1204 987 1332 1016 litteras

325 1044 446 1074 litteris
470 1044 649 1075 inculcare,
674 1049 703 1073 et
733 1048 788 1072 tot.
814 1043 1010 1071 auctoritate
1038 1042 1222 1070 litterarum
1245 1041 1333 1078 ipsa-

325 1107 409 1126 rum.
437 1097 541 1126 habiti
566 1102 640 1125 sunt
669 1105 854 1134 processus,
879 1100 913 1124 ut
939 1096 989 1124 vix
1014 1094 1199 1132 questionis
1222 1094 1333 1131 liujus-

325 1151 423 1180 modi.
444 1160 506 1179 non
529 1150 638 1178 minus
658 1150 839 1178 inveterate
865 1157 962 1186 quam
982 1147 1112 1179 veteris,
1133 1147 1247 1175 audire
1265 1154 1334 1183 pos-

325 1204 429 1232 simus
458 1203 526 1232 lieri
554 1203 768 1231 mentionem.
801 1201 893 1230 Sicut
919 1201 1006 1229 enim
1039 1204 1237 1229 mercatores
1271 1199 1333 1236 ipsi

325 1257 419 1285 nobis
446 1255 698 1285 lacrimabiliter
726 1259 803 1283 sunt
831 1253 1015 1291 conquesti,
1043 1262 1117 1281 cum
1143 1252 1232 1281 olim.
1264 1256 1335 1290 post

323 1310 471 1338 diversas
486 1309 614 1338 litteras
632 1318 649 1337 a
666 1308 760 1337 nobis
776 1307 954 1345 adjudices
972 1306 1120 1335 diversos
1135 1306 1286 1335 obtentas
1304 1310 1335 1334 et

323 1372 496 1401 processus
514 1362 644 1390 habitos
666 1370 721 1399 per
738 1360 880 1390 easdem.
899 1365 969 1397 post
987 1359 1115 1388 labores
1133 1358 1334 1396 multiplices

324 1421 354 1446 et
376 1425 547 1453 expensas.
569 1415 698 1444 tandem
724 1414 848 1443 eisdem
869 1413 1021 1451 episcopo
1043 1417 1073 1441 ct
1095 1412 1334 1441 ima-(tatoribus

324 1469 409 1507 apud
438 1469 554 1498 Scdem
580 1467 802 1505 Apostolicam
828 1466 1018 1495 constitutis
1045 1465 1201 1495 dilectum
1229 1464 1334 1493 tilium

324 1528 472 1552 nostrum
492 1521 689 1560 T[liomam],
708 1521 826 1550 Sancte
848 1519 970 1549 Sabine
990 1519 1210 1557 presbiterum
1228 1518 1335 1547 cardi-

326 1576 443 1610 nalem,
479 1575 742 1604 concesserimus
769 1573 962 1603 auditorem.
991 1573 1062 1610 ipso
1088 1572 1265 1602 mediante.
1296 1571 1335 1600 ad

325 1628 597 1667 compositionem
613 1626 834 1656 amicabilem.
851 1635 913 1655 non
928 1630 1037 1655 tamen
1049 1625 1173 1663 absque
1188 1625 1335 1662 ipsorum

324 1687 543 1711 mercatorum
554 1681 755 1718 gravamine.
771 1679 990 1711 devenerunt:
1005 1679 1039 1707 in
1052 1687 1117 1716 qua
1131 1678 1218 1707 inter
1228 1682 1337 1706 cetera

325 1736 514 1765 continetur
531 1740 566 1764 ut
583 1735 672 1763 infra
691 1743 744 1763 sex
763 1742 867 1762 annos
885 1742 899 1761 a
920 1738 1064 1770 tempore
1086 1731 1335 1769 compositionis

325 1790 483 1828 ejusdem.
505 1789 542 1817 de
560 1788 724 1817 fructibus
742 1792 772 1817 et
790 1786 1004 1825 proventibus
1023 1795 1059 1815 ac
1076 1785 1236 1815 subsidiis
1254 1785 1337 1822 epis-

325 1847 459 1880 copatus
480 1841 636 1871 Metensis
661 1845 747 1870 esset
769 1840 816 1869 eis
842 1839 988 1877 plenarie
1009 1839 1227 1872 satisfactum,
1247 1838 1337 1867 solu-

326 1896 413 1924 tione
444 1894 633 1933 hujusmodi
666 1893 767 1922 debiti
797 1891 1087 1930 proportionaliter
1114 1892 1147 1920 in
1176 1891 1335 1920 nundinis

325 1949 437 1978 Sancti
461 1948 605 1984 Remigii
627 1947 801 1976 Treceusis
821 1946 906 1984 apud
929 1947 1049 1975 Trecas
1072 1946 1168 1974 annis
1192 1945 1334 1982 singulis

323 2002 486 2032 facienda.
513 2006 541 2030 te
567 2006 597 2030 et
623 2025 641 2029 ..
670 2000 781 2030 Sancti
798 1999 985 2030 Vincentii¹
1012 1998 1129 2027 abbate
1152 1999 1331 2031 fructuum,

323 2060 541 2093 proventuum
559 2059 589 2083 et
611 2053 838 2083 subsidiorum
860 2053 1008 2090 ipsorum
1030 2051 1261 2080 collectoribus
1279 2050 1335 2079 de-

324 2109 458 2146 putatis.
490 2108 526 2136 Et
552 2107 627 2136 licet
652 2116 669 2135 a
697 2111 840 2143 tempore
869 2104 1118 2142 compositionis
1143 2104 1248 2141 ipsius
1271 2103 1334 2132 duo

323 2163 457 2192 termini
476 2162 543 2191 sint
561 2161 674 2198 elapsi,
697 2160 822 2197 prefato
840 2159 992 2196 episcopo
1010 2158 1139 2187 sublato
1157 2158 1195 2187 de
1214 2157 1330 2189 medio.

324 2221 351 2246 et
374 2215 459 2253 apud
484 2219 512 2244 te
533 2224 568 2243 ac
590 2213 731 2244 eundem
751 2212 902 2241 abbatem
927 2216 1109 2249 opportune
1135 2210 1331 2241 institerint.

324 2279 358 2299 ac
382 2269 481 2297 etiam
504 2268 702 2305 importune.
728 2274 929 2304 quamquam
955 2265 1013 2293 tibi
1038 2268 1068 2293 et
1092 2264 1197 2293 eidem
1223 2263 1333 2292 abbati

324 2322 477 2359 subpena
491 2319 842 2351 excommunicationis
852 2318 1001 2347 districte
1014 2317 1205 2346 duxerimus
1221 2317 1334 2354 injun-

324 2375 466 2411 gendum
482 2378 515 2403 ut
529 2373 748 2403 intenderetis
760 2372 799 2401 ad
814 2371 1041 2401 executionem
1055 2370 1201 2399 mandati
1216 2370 1331 2399 nostri.

323 2428 482 2457 dilatione
513 2436 549 2455 ac
579 2425 791 2456 excusatione
824 2424 1044 2454 cessantibus.
1077 2423 1265 2460 diligenter.
1298 2422 1332 2451 in

325 2481 416 2510 nullo
434 2486 541 2510 tamen
558 2488 691 2518 prorsus
709 2478 917 2508 satisfactum
935 2477 998 2506 fuit
1015 2475 1255 2505 mercatoribus
1268 2484 1334 2504 me-

325 2534 476 2567 moratis;
493 2541 594 2571 quare
609 2532 750 2570 dampna
767 2531 880 2568 gravia
895 2535 926 2560 et
942 2538 1102 2567 expensas
1113 2538 1176 2558 nou
1188 2528 1333 2557 modicas

324 2589 547 2619 incurrerunt.
578 2590 673 2623 prout
707 2584 801 2614 nobis
832 2584 870 2613 de
904 2576 1143 2621 compositione
1174 2582 1330 2620 predicta.

324 2649 421 2679 quam
440 2648 498 2669 nos
515 2643 619 2668 ratam
638 2638 809 2668 babemus.
826 2642 891 2665 tam
910 2646 966 2674 per
987 2635 1171 2665 auditorem
1192 2634 1333 2664 eundem

323 2703 421 2732 quam
443 2703 499 2731 per
524 2692 656 2730 publica
678 2692 903 2720 instrumenta
921 2690 1036 2728 liquet.
1063 2694 1093 2718 et
1109 2689 1147 2718 de
1167 2688 1332 2718 solutione

321 2756 385 2776 non
414 2747 501 2775 facta
522 2745 617 2775 nobis
641 2754 696 2782 per
720 2749 793 2773 tuas
823 2748 853 2773 et
879 2743 1007 2772 abbatis
1037 2741 1175 2780 predicti
1203 2741 1332 2770 litteras

319 2800 513 2829 destinatas.
540 2798 621 2828 Cum
647 2798 749 2835 igitur
770 2796 924 2826 succedat
946 2796 979 2824 in
1003 2804 1102 2824 onere
1128 2794 1184 2832 qui
1207 2794 1332 2823 substi-

353 2913 371 2936 l.
390 2913 408 2935 Il
424 2913 480 2935 faut
495 2910 628 2934 ementire
643 2917 648 2933 :
664 2911 761 2933 sancti
778 2910 920 2931 t‘mcentit
936 2909 1084 2933 Meleusis;
1099 2907 1132 2930 cf.
1148 2914 1246 2935 supra,
1262 2910 1281 2929 t.
1296 2906 1332 2935 ll,

319 2957 369 2979 col.
387 2956 440 2983 671,
458 2955 512 2983 674,
528 2955 573 2977 769
590 2957 616 2977 et
635 2954 701 2977 1011.

1409 337 1513 365 tuitur
1537 338 1569 366 in
1596 338 1730 368 bonore.
1762 339 1887 375 prefato
1917 339 2020 367 eleeto
2044 338 2166 367 nostris
2189 338 2305 367 damus
2334 339 2422 369 litte-

1409 390 1455 419 ris
1475 390 1660 420 districtius
1675 391 1708 420 in
1728 391 1906 429 preceptis,
1925 390 2023 420 utvel
2040 391 2163 420 eisdem
2184 391 2423 421 mercatoribus

1410 452 1467 472 seu
1501 443 1771 480 procuratoribus
1804 443 1951 481 ipsorum
1993 443 2077 480 apud
2110 444 2228 473 Trecas
2260 444 2298 473 de
2326 444 2423 474 tertia

1410 500 1500 532 parte
1525 496 1625 524 totius
1648 496 1750 525 debiti
1776 495 2007 533 comprehensi
2028 495 2060 524 in
2085 496 2323 533 compositione
2337 497 2423 535 Jam-

1410 547 1505 583 dicta,
1531 548 1832 586 proportionaliter,
1855 552 1950 586 prout
1971 557 2136 586 quemque
2166 549 2340 586 contingit,
2365 558 2422 586 pro

1410 605 1480 629 rata
1498 602 1654 638 temporis
1668 602 1735 639 jam
1754 601 1868 639 elapsi.
1885 601 1977 639 juxta
2002 605 2148 629 tenorem
2171 601 2422 639 compositionis

1411 654 1569 692 ejusdem.
1590 654 1678 683 infra
1695 663 1749 683 sex
1774 662 1904 683 menses
1923 663 1940 682 a
1956 653 2145 690 receptione
2167 653 2352 683 litterarum
2374 654 2424 692 ip-

1412 715 1534 736 sarum.
1561 716 1634 736 cum
1658 707 1760 745 justis
1784 712 1814 736 et
1843 706 2021 735 moderatis
2048 706 2200 743 expensis
2225 711 2255 735 et
2279 716 2425 743 congrua

1412 760 1653 789 restauratione
1673 760 1902 797 dampnorum.
1921 759 2114 788 satisfacere
2140 768 2202 788 non
2229 764 2423 797 postponat;

1414 812 1474 845 vel,
1494 813 1583 841 infra
1597 812 1737 841 eundem
1756 812 1936 841 terminum
1956 816 2067 841 nostro
2089 821 2123 841 se
2144 813 2334 849 conspectui
2352 821 2425 850 per—

1414 865 1574 894 sonaliter
1601 866 1869 902 representanffl,
1898 866 1925 893 si
1953 865 1992 893 ad
2018 865 2310 894 commonitionem
2337 870 2425 895 tuam

1414 918 1503 947 infra
1521 919 1739 956 prescriptum
1763 924 1891 956 tempus
1910 928 1973 947 non
1992 918 2179 956 impleverit
2195 918 2335 948 alterum
2354 929 2427 957 pre-

1415 971 1589 1000 dictorum.
1623 976 1655 1000 tu
1688 977 1807 1001 extunc
1838 972 1926 1000 infra
1951 980 2098 1000 mensem
2128 976 2299 1009 postquam
2329 981 2428 1010 super

1415 1024 1509 1053 hoca
1532 1025 1635 1054 latore
1660 1025 1865 1062 presentium
1890 1024 1994 1054 fueris
2018 1024 2212 1062 requisitus.
2239 1034 2428 1054 excommu-

1418 1079 1596 1107 nicationis
1614 1079 1646 1107 in
1666 1088 1739 1108 eum
1762 1087 1824 1107 non
1844 1078 1977 1107 ditt‘eras
1992 1078 2192 1107 sententiam
2207 1078 2426 1116 promulgare,

1417 1141 1452 1161 ac.
1472 1132 1573 1161 facias
1589 1141 1671 1162 eam.
1691 1131 1912 1169 appellatione
1932 1136 2066 1161 remota.
2089 1140 2194 1169 usque
2217 1131 2256 1160 ad
2274 1131 2428 1161 satisfac-

1418 1185 1540 1214 tionem
1571 1185 1767 1222 condignam
1798 1185 2039 1214 inviolabiliter
2069 1185 2251 1214 observari.
2277 1185 2311 1215 Si
2340 1194 2426 1219 vero,

1417 1237 1503 1276 quod
1521 1247 1584 1267 non
1605 1238 1782 1267 credimus.
1808 1243 1963 1267 executus
1988 1247 2052 1266 non
2075 1238 2178 1267 fueris
2203 1247 2266 1276 que
2292 1238 2428 1267 manda-

1417 1299 1500 1319 mus.
1525 1299 1598 1320 cum
1622 1290 1763 1319 alienam
1788 1290 1916 1328 culpam
1945 1295 2033 1319 tuam
2056 1290 2200 1319 videaris
2220 1283 2348 1320 efficere
2372 1299 2429 1328 per

1417 1352 1627 1373 consensum.
1660 1343 1812 1372 volumus
1839 1348 1868 1372 et
1894 1343 2043 1372 districte
2073 1343 2131 1371 tibi
2164 1343 2364 1381 precipimus
2394 1348 2429 1373 ut

1417 1405 1600 1434 suspensus
1634 1396 1852 1434 personaliter
1882 1396 1920 1425 ad
1951 1401 2096 1425 nostram
2127 1396 2263 1425 accedas
2297 1405 2428 1434 presen-

1417 1450 1508 1478 tiam.
1532 1449 1726 1479 meritorum
1749 1449 1913 1487 stipendia
1935 1454 2136 1486 recepturus.
2163 1449 2329 1483 Ceterum,
2350 1450 2429 1488 quia

1419 1512 1514 1532 nemo
1542 1503 1671 1540 cogitur
1700 1502 1841 1541 propriis
1872 1503 2048 1540 stipendiis
2082 1502 2237 1537 militare,
2269 1512 2429 1541 expensas

1418 1565 1500 1595 quas
1528 1557 1562 1585 in
1596 1556 1785 1595 hujusmodi
1820 1556 2051 1594 prosecutione
2083 1556 2206 1593 negotii
2242 1556 2430 1586 necessario

1419 1610 1593 1647 contigerit
1622 1614 1651 1639 te
1677 1609 1801 1641 subire.
1827 1609 1931 1638 facias
1954 1609 2012 1638 tibi
2039 1609 2077 1639 de
2101 1609 2196 1638 bonis
2222 1609 2430 1647 episcopatus

1420 1663 1580 1692 Metensis
1595 1663 1723 1700 inte‘jre
1741 1662 1927 1691 ministrari
1944 1680 1991 1693 —.
2017 1662 2112 1692 nobis
2134 1662 2292 1701 quicquid
2311 1662 2431 1692 feceris

1419 1715 1457 1744 de
1474 1715 1630 1744 omnibus
1649 1715 1866 1753 supradictis.
1890 1724 1947 1753 per
1966 1715 2120 1744 nuntium
2143 1719 2363 1744 mercatorum
2381 1715 2431 1753 ip-

1420 1778 1531 1797 sorum
1552 1768 1694 1798 fideliter
1712 1769 1946 1806 rescripturus.
1965 1768 2211 1799 Constitutione
2239 1769 2277 1798 de
2303 1769 2430 1798 duabus

1419 1821 1517 1851 dietis
1536 1822 1623 1851 edita
1645 1822 1679 1850 in
1700 1821 1847 1859 generali
1865 1821 2006 1851 concilio
2031 1830 2094 1851 non
2115 1821 2278 1856 obstante,
2300 1826 2330 1851 et
2345 1821 2432 1860 quod

1418 1874 1453 1902 in
1472 1874 1710 1912 compositione
1736 1874 1881 1912 predicta
1904 1883 1968 1903 non
1995 1874 2192 1912 exprimitur
2219 1880 2308 1904 certa
2329 1883 2430 1913 quan-

1419 1927 1496 1956 titas
1512 1928 1609 1956 annis
1627 1927 1769 1965 singulis
1785 1927 1976 1957 exolvenda.
1990 1928 2063 1956 Dat.
2080 1928 2242 1963 Laterani,
2262 1928 2308 1957 VI
2320 1927 2430 1957 kalen-

1419 1979 1476 2009 das
1494 1980 1585 2009 maii.
1605 1989 1690 2009 anno
1710 1980 1946 2010 tertiodecimo.
1968 1992 1979 2006 ι)

1489 2193 1608 2221 ⁴835

1453 2257 1685 2290 Archiepiscopo
1702 2257 1843 2283 Toletano
1858 2260 1886 2283 et
1900 2257 2035 2291 episcopo
2052 2257 2211 2283 Palentino
2226 2257 2349 2283 mandat
2360 2266 2429 2291 qua-

1419 2308 1513 2332 tenus.
1531 2305 1675 2332 dilatione
1692 2310 1719 2331 et
1734 2306 1923 2332 excusatione
1940 2305 2134 2336 cessantibus.
2148 2306 2289 2332 ecclesiae
2304 2306 2429 2333 Ulixbo—

2003 2195 2124 2225 Latran.
2139 2194 2172 2221 29
2186 2195 2262 2221 avril
2277 2194 2355 2221 1239.

1418 2355 1513 2385 nensi,
1541 2359 1654 2389 pastore
1677 2355 1848 2386 destitutae,
1872 2355 1902 2381 in
1926 2355 2095 2389 episcopum
2120 2355 2155 2381 de
2177 2363 2299 2389 persona
2324 2355 2430 2382 idonea

1417 2403 1604 2437 provideant,
1622 2406 1650 2429 et
1668 2403 1779 2429 faciant
1796 2403 1890 2429 eidem
1909 2412 1925 2429 a
1946 2403 2114 2437 praedictae
2138 2403 2278 2430 ecelesiae
2302 2403 2429 2430 subditis

1417 2452 1616 2478 obedientiam
1635 2456 1661 2478 et
1681 2452 1880 2478 reverentiam
1905 2452 2036 2479 debitam
2057 2452 2201 2479 exhiberi.
2225 2467 2256 2470 —
2278 2453 2364 2484 (Bm.
2384 2452 2428 2485 19,

1417 2501 1502 2526 f.111
1524 2499 1596 2535 [105]
1614 2504 1653 2531 1¹⁰3
1669 2509 1738 2527 ann.
1757 2501 1839 2530 XIII.
1855 2509 1879 2526 c.
1897 2500 1953 2531 36.)

1458 2621 1470 2634 α
1493 2631 1512 2636 ..
1530 2609 1753 2646 archicpiscopo
1777 2610 1916 2638 Toletano
1939 2614 1964 2637 ec
1983 2632 2002 2637 ..
2025 2611 2158 2646 episeopo
2175 2610 2346 2638 Palenlino.
2368 2609 2429 2638 Ec-

1417 2661 1518 2691 clesia
1540 2661 1761 2692 Ulixbonensi
1783 2662 1942 2691 destituta
1959 2680 2007 2691 —.
2025 2663 2098 2691 Dat.
2118 2662 2282 2693 Laterani,
2306 2663 2355 2692 III
2374 2662 2428 2692 ka-

1415 2714 1530 2744 lendas
1548 2715 1638 2746 maii.
1660 2724 1747 2744 anno
1765 2715 2002 2745 tertiodecimo.
2027 2728 2038 2741 ι)

1449 2862 1467 2884 t.
1487 2861 1522 2884 Le
1540 2863 1660 2884 membre
1677 2862 1710 2885 de
1728 2863 1844 2892 phrase:
1861 2862 1957 2884 «infra
1974 2862 2091 2884 eundem
2149 2866 2342 2891 representans
2356 2870 2378 2890 υ,
2393 2868 2427 2885 ne

1414 2913 1443 2929 se
1460 2910 1589 2936 rapporte
1607 2914 1654 2936 pas
1670 2907 1951 2936 granirnaticalement
1965 2907 1980 2929 ἐι
1994 2914 2023 2930 cc
2037 2907 2083 2937 qui
2099 2907 2169 2932 suit:
2185 2913 2219 2930 ou
2235 2906 2260 2930 la
2273 2907 2372 2937 phrase
2385 2911 2428 2931 est

1415 2951 1465 2973 mal
1482 2951 1645 2979 construite,
1663 2957 1697 2974 ou
1715 2951 1731 2974 il
1747 2959 1765 2981 y
1783 2958 1797 2973 a
1813 2958 1867 2974 une
1883 2952 1980 2974 lacune
1998 2951 2066 2974 dans
2082 2951 2106 2974 le
2123 2955 2206 2974 texte.
