2553 3526
142 258 200 289 373
952 247 1262 292 QUATORZIEME
1284 248 1444 285 ANNEE.
2186 268 2242 298 374

213 324 332 352 5403
719 323 840 355 Latran,
857 323 890 349 19
907 331 986 349 mars
1001 322 1080 349 1241.

178 387 300 420 Bosego,
312 385 460 411 ordinario
474 384 704 415 Mediolanensi,
721 385 843 411 mandat
855 387 999 419 quatenus
1011 384 1151 411 Ottonem

143 435 256 461 dictum
278 435 381 465 Barsa,
405 433 580 460 canonicum
601 433 742 460 ecclesiae
762 434 797 460 de
815 433 933 460 Varisio
953 436 998 462 (z
1020 433 1152 463 Varese),

144 483 378 510 Mediolanensis
396 482 549 515 dioecesis,
567 497 597 501 —
613 482 662 516 qui
678 483 727 511 A..
744 482 943 517 praepositum
961 481 1102 509 ecclesiae
1118 481 1154 507 de

144 531 356 565 Castrosepri0‚
373 531 466 565 ipsius
483 539 575 565 papae
587 531 814 563 subdiaconum,
829 533 964 565 nepotem
979 529 1153 557 Sabinensis

144 580 285 614 episcopi,
307 588 394 614 super
410 579 535 606 ecclesia
556 579 683 606 Sanctae
703 579 817 606 Mariae
836 579 872 605 de
894 579 1046 610 Scairano,
1068 586 1154 611 super

144 637 202 663 qua
218 629 297 655 inter
311 628 476 662 praedictos
492 628 666 654 canonicum
685 631 711 654 et
729 627 929 662 praepositum
944 626 1076 661 quaestio
1090 634 1154 652 ver-

144 677 272 709 tebatur,
289 685 385 703 coram
411 677 555 703 saeculari
576 677 675 710 judice
699 676 785 703 citari
804 679 913 703 temere
934 678 1153 710 procuraverat,

145 740 177 743 —
194 726 354 760 compellat
369 728 401 752 ut
416 725 494 752 infra
516 729 574 752 tres
599 733 714 751 menses
738 727 801 759 post
822 724 916 758 ipsius
935 724 1039 758 Bosegi
1057 724 1154 750 moni-

144 775 267 807 tionem,
284 783 381 801 eoram
398 775 460 808 ipso
475 782 550 808 papa
569 774 764 808 personaliter
785 777 967 808 compareat3
985 773 1048 807 ipse
1064 773 1154 800 Bose-

143 831 196 857 gus
216 823 294 850 diem
319 825 347 849 et
367 823 492 849 formam
517 822 669 849 citationis
686 830 736 856 per
757 831 823 849 suas
841 822 955 849 litteras
971 830 1064 856 papae
1080 821 1154 848 inti-

143 874 215 899 met.
234 886 264 890 ·—
281 872 368 904 (ΒΕΘ.
385 871 430 904 20,
448 872 467 898 f.
485 871 518 898 42
534 874 573 903 r⁰;
591 879 661 897 ann.
679 871 762 902 XIV,
779 880 804 898 c.
821 871 896 902 254.)

184 984 198 999 ε(
223 974 338 1010 Boseqo,
369 973 531 1001 ordinario
558 972 787 1001 Mediolanensi.
812 971 960 1002 Dilectus
983 971 1072 1001 filius
1100 973 1151 1007 A„

141 1025 330 1064 prepositus
351 1025 490 1056 ecclesie
513 1025 552 1056 de
573 1025 812 1063 Castroseprio,
834 1025 1058 1054 subdiaconus
1077 1033 1154 1054 nos-

141 1083 201 1114 ter,
219 1088 321 1117 nepos
338 1078 540 1109 venerabilis
558 1078 672 1108 fratris
690 1078 795 1107 nostri
814 1101 834 1107 ..
855 1077 1052 1108 Sabinensis
1070 1077 1154 1115 epis-

141 1132 225 1170 copi,
250 1140 310 1161 sua
329 1131 426 1161 nobis
447 1131 607 1169 petitione
631 1131 829 1161 monstravit
850 1131 947 1169 quod.
967 1140 1040 1160 cum
1065 1130 1153 1160 inter

139 1185 251 1223 ipsum
274 1189 305 1215 et
328 1184 483 1215 Ottonem
506 1185 630 1214 dictum
654 1185 768 1219 Barsa,
793 1184 990 1214 canonicum
1014 1183 1152 1213 ecclesie

140 1237 180 1267 de
201 1237 347 1273 Varisio,
366 1236 626 1266 Mediolanensis
644 1237 798 1271 diocesis,
818 1245 928 1266 coram
947 1236 1097 1265 ..abbate
1114 1236 1152 1266 de

142 1290 236 1328 Aqua
248 1289 602 1327 Frigida,auctoritate
617 1289 728 1318 dilecti
739 1289 800 1318 filii
812 1288 990 1328 G[regorii]
1005 1289 1043 1318 de
1058 1289 1152 1318 Mon-

142 1347 172 1373 te
189 1343 311 1381 Longo,
323 1342 519 1372 subdiaconi
537 1347 567 1372 et
585 1343 706 1372 notarii
725 1343 838 1377 nostri.
853 1342 1039 1380 Apostolice
1057 1343 1152 1372 Sedis

140 1395 254 1434 legati,
269 1405 368 1434 super
382 1395 523 1425 ecclesia
535 1395 653 1425 Sancte
672 1396 775 1425 Marie
792 1395 830 1425 de
848 1396 1005 1425 Scairano
1022 1396 1152 1434 questio

141 1452 326 1478 verteretur
350 1458 356 1477 ε
383 1448 490 1477 dictus
517 1448 707 1484 canonicus,
741 1448 779 1478 de
806 1458 865 1478 5110
887 1449 961 1487 jure
987 1449 1150 1483 diffidens,

140 1502 251 1540 ipsum
277 1501 372 1532 citari
396 1510 495 1540 super
514 1502 627 1531 eadem
649 1501 789 1531 ecclesia
813 1511 922 1531 coram
941 1502 1083 1532 seculari
1099 1503 1153 1541 ju-

141 1554 214 1584 dice
231 1558 353 1585 temere
371 1554 574 1592 procuravit;
601 1558 629 1584 et
652 1555 730 1593 quia
753 1554 840 1583 idem
857 1555 1056 1593 prepositus,
1077 1555 1153 1584 dili-

141 1611 257 1645 genter
270 1607 444 1637 attendens
463 1607 549 1646 quod
569 1607 664 1636 laicis
682 1607 719 1637 de
737 1607 867 1637 clericis
885 1607 976 1637 nulla
994 1612 1042 1637 cst
1062 1608 1154 1637 attri-

140 1659 220 1690 buta
239 1664 394 1698 potestas,
425 1660 569 1697 litigare,
595 1665 690 1698 prout
715 1670 779 1690 non
799 1660 949 1696 debebat,
971 1661 1077 1690 noluit
1098 1670 1152 1691 co-

141 1721 212 1742 ram
233 1722 287 1749 eo,
313 1713 401 1743 idem
423 1713 604 1743 canonicus
628 1706 831 1751 prepositum
855 1714 964 1751 ipsum
990 1723 1047 1752 per
1068 1724 1151 1744 eun-

139 1765 214 1795 dem
238 1766 385 1805 judicem
414 1766 556 1805 quadam
581 1767 766 1805 quantitate
791 1767 860 1796 vini
890 1772 917 1797 et
948 1767 1047 1797 rebus
1075 1768 1151 1797 aliis

139 1819 285 1849 obtinuit
313 1819 450 1857 spoliari
480 1837 528 1848 —.
560 1821 633 1849 Dat.
665 1820 836 1850 Laterani.
867 1821 967 1850 XIIII
991 1820 1150 1850 kalendas

138 1871 264 1910 aprilis,
280 1872 493 1911 pontificatus
511 1873 618 1902 nostri
638 1882 725 1902 anno
743 1873 1003 1911 quartodecimo.
1024 1887 1036 1900 >³

209 2051 328 2079 5404

174 2114 320 2149 Episcopo
349 2114 502 2147 Albiensi,
529 2115 620 2149 priori
649 2115 752 2142 Sancti
781 2116 934 2150 Caprasii,
964 2117 1151 2150 Agennensis

138 2163 292 2194 dioecesis,
307 2167 336 2190 et
351 2163 608 2197 archipresbytero
627 2164 729 2191 Sancti
748 2165 895 2197 Gervasii,
910 2165 1062 2192 Albiensis
1074 2166 1151 2193 dioe-

139 2212 224 2243 cesis,
243 2212 366 2238 mandat
383 2216 528 2246 quatenus
544 2213 678 2247 episcopo
695 2214 861 2240 Tliolosano
881 2215 916 2241 de
937 2215 1152 2249 redemptioni-

139 2255 192 2288 bus
204 2263 338 2287 votorum
358 2261 628 2294 crucesignatorum
645 2262 845 2296 Caturcensis,
860 2264 1044 2291 Tholosanae
1057 2267 1085 2291 et
1101 2266 1151 2291 Al-

138 2309 251 2336 biensis
280 2309 459 2336 dioecesium
492 2310 630 2337 satisfieri
658 2311 748 2338 faciat
777 2320 864 2346 super
891 2313 1038 2339 sexcentis
1067 2314 1151 2341 libris

139 2367 211 2393 quas
229 2358 308 2385 idem
330 2359 514 2385 Tholosanus
535 2359 688 2393 episccmus
711 2361 884 2394 Bulgarino,
913 2361 972 2388 civi
997 2363 1150 2395 Januensi,

138 2415 190 2442 pro
209 2407 345 2434 Romana
365 2406 509 2439 Ecclesia,
533 2416 607 2441 quae
627 2408 722 2434 eidem
746 2409 806 2435 civi
831 2409 862 2435 in
884 2410 1010 2443 quadam
1035 2420 1152 2439 summa

138 2456 306 2488 tenebatur,
332 2455 367 2482 de
393 2456 511 2490 proprio
537 2457 728 2490 persolverat.
755 2472 787 2475 —
817 2459 903 2489 (Hac.
933 2459 981 2491 20,
1010 2461 1030 2486 f.
1057 2460 1089 2486 42
1113 2464 1150 2493 r⁰;

137 2513 208 2532 ann.
222 2504 307 2535 XIV,
325 2513 349 2531 c.
363 2504 430 2536 255;
448 2519 479 2522 ——
496 2504 629 2532 BIOREAU
646 2506 726 2538 1193,
744 2507 763 2532 f.
779 2506 853 2537 189.)

735 2053 856 2084 Latran,
872 2054 888 2079 5
905 2062 983 2080 mars
1000 2054 1078 2081 1241.

179 2617 192 2631 α
215 2627 235 2633 ..
259 2606 392 2642 episcopo
414 2607 555 2642 Albz'eusi,
590 2630 609 2635 ..
633 2609 734 2644 priori
756 2609 862 2637 Sancti
885 2610 1034 2647 Caprasii,
1053 2612 1152 2648 Apen-

137 2659 252 2692 nensis,
267 2663 292 2687 et
311 2681 330 2686 ..
348 2659 600 2696 archipresbitero
619 2660 725 2689 Sancti
748 2662 893 2697 Gerrasiz',
916 2664 1064 2692 Attiensis
1084 2665 1151 2693 ‹lio-

101 2718 107 2722 ·
135 2711 275 2748 ,ces[um].
300 2711 517 2749 Significante
542 2713 727 2742 venerabili
750 2714 850 2744 fratre
873 2720 986 2745 nostro
1007 2740 1025 2746 ..
1053 2717 1149 2747 Tolo-

138 2772 218 2794 sano
235 2763 398 2802 episcopo,
413 2773 472 2794 nos
488 2765 647 2795 noveritis
660 2767 826 2804 accepisse
843 2768 930 2806 quod
941 2777 1001 2799 nos
1013 2770 1148 2807 dudum,

136 2815 305 2846 intellecto
322 2817 408 2855 quod
425 2817 495 2856 ipse
512 2817 551 2847 de
568 2818 853 2856 redemptionibus
870 2825 1019 2851 votorum
1036 2831 1150 2853 cruce-

138 2869 345 2907 signatorum
365 2879 429 2899 non
452 2870 614 2900 modicam
634 2870 796 2902 habuerat
816 2874 956 2911 pecunie
980 2875 1150 2913 quantita-

135 2919 215 2958 tem,
229 2922 259 2952 ei
269 2923 392 2953 nostris
402 2923 553 2954 dedimus
563 2923 685 2954 litteris
698 2925 732 2954 in
745 2926 1149 2966 mandatis,utpecuniam

1236 320 1271 349 in
1288 330 1353 359 qua
1369 331 1426 359 pro
1445 327 1531 352 sorte
1549 332 1585 352 ac
1606 325 1758 361 expensis
1776 325 1968 363 Bulgarino,
1986 329 2048 358 civi
2067 332 2242 368 Janucnsi,

1236 373 1385 403 Romana
1402 375 1576 405 tenebatur
1596 376 1755 412 Ecclesia,
1774 378 1812 408 de
1830 380 2014 417 quantitate
2031 383 2172 414 solveret
2188 395 2244 415 su-

1235 426 1394 464 pradicta.
1412 428 1486 464 Qui.
1512 429 1541 458 ei
1559 429 1813 468 quadringentis
1837 436 1867 461 et
1886 432 2005 470 viginti
2029 434 2124 465 libris
2141 438 2244 467 Turo-

1236 479 1350 509 nensis
1368 485 1497 510 monete
1517 491 1599 520 quas
1615 480 1784 513 dumtaxat
1806 484 1844 514 de
1865 485 2090 524 redemptione
2116 490 2244 526 predic-

1237 537 1342 562 torum
1367 539 1515 564 votorum
1537 541 1715 574 receperat,
1741 538 1930 575 persolutis,
1955 540 2136 571 residuum.
2159 544 2245 581 quod

1235 591 1465 617 sexcentarum
1487 587 1647 618 librarum
1670 599 1833 619 summam
1859 592 2002 630 attingit,
2034 603 2074 623 ne
2098 596 2245 626 mandati

1236 639 1341 668 nostri
1362 645 1567 679 contemptor
1589 642 1729 672 existere
1757 643 1934 678 videretur,
1963 645 2001 675 de
2023 648 2155 685 proprio
2180 649 2245 678 civi

1232 692 1390 731 jamdicto
1410 694 1596 732 persolvere
1618 697 1818 733 procuravit.
1842 698 1933 728 Licet
1950 704 2059 730 autem
2078 710 2137 730 nos
2156 707 2246 740 post-

1236 745 1368 775 modum
1385 756 1442 784 per
1458 748 1683 778 venerabilem
1702 750 1839 779 fratrem
1856 756 2005 781 nostrum
2027 776 2045 781 ..
2067 755 2246 791 Agennen-

1236 808 1304 828 sem
1320 799 1510 838 episcopum
1528 805 1558 830 et
1575 801 1718 839 collegas
1735 811 1812 832 suos
1829 803 1867 833 de
1884 805 2025 841 pecunia
2041 816 2140 844 quam
2150 817 2245 838 vene-

1235 851 1352 881 rabilis
1369 853 1472 882 frater
1488 858 1600 883 noster
1618 877 1635 882 ..
1655 854 1915 886 Carcasonensis
1932 858 2105 897 episcopus
2124 865 2155 889 et
2174 861 2245 900 ejus

1236 904 1359 942 college
1376 905 1572 935 dicebantur
1595 906 1633 936 de
1654 907 1939 946 redemptionibus
1959 915 2108 941 votorum
2132 922 2246 944 cruce-

1235 958 1442 995 signatorum
1458 959 1619 989 Tolosane
1636 965 1668 990 et
1690 961 1949 992 Carcasonensis
1969 964 2137 994 dioccsum
2154 975 2246 997 rece-

1235 1011 1335 1048 pisse,
1347 1021 1446 1050 super
1457 1012 1517 1042 hoc
1527 1013 1633 1043 eidem
1644 1014 1797 1052 episcopo
1807 1015 1963 1046 satisfieri
1973 1018 2243 1049 mandassemus:

1235 1065 1314 1102 quia
1333 1068 1454 1099 tamen,
1475 1075 1534 1103 pro
1554 1075 1591 1095 eo
1612 1067 1698 1104 quod
1717 1076 1774 1105 per
1790 1067 2045 1106 inquisitionem
2062 1071 2181 1100 factam
2205 1072 2246 1101 ab

1235 1117 1349 1147 eodem
1367 1118 1561 1155 Agennensi
1578 1123 1609 1149 et
1625 1119 1760 1157 collegis
1776 1120 1895 1159 ipsius,
1914 1122 2000 1160 quod
2018 1123 2245 1154 Carcasonen-

1236 1171 1282 1200 sis
1306 1175 1336 1201 et
1363 1171 1434 1210 ejus
1459 1171 1583 1209 college
1607 1173 1745 1210 predicti
1768 1173 1871 1203 nichil
1899 1183 1935 1204 ex
1960 1175 2245 1214 redemptionibus

1236 1223 1318 1261 ipsis
1335 1229 1560 1262 perceperant,
1579 1229 1627 1255 est
1645 1225 1828 1262 inventum,
1849 1227 1994 1257 nondum
2011 1228 2045 1257 in
2069 1228 2130 1259 hac
2153 1235 2244 1268 parte

1236 1276 1300 1305 sibi
1322 1277 1429 1306 extitit
1452 1277 1672 1313 satisfactum,
1697 1279 1784 1308 idem
1805 1279 1897 1309 duxit
1916 1280 1955 1309 ad
1979 1290 2038 1310 1105
2062 1290 2161 1320 super
2183 1283 2245 1312 hoe

1235 1329 1408 1359 humiliter
1424 1331 1674 1366 recurrendum,
1693 1332 1788 1361 nobis
1809 1333 1923 1363 devote
1941 1334 2132 1372 supplicans
2153 1340 2187 1365 ut
2206 1337 2244 1366 de

1236 1383 1417 1420 prenotatis
1439 1384 1603 1414 sexcentis
1626 1384 1733 1419 libris,
1756 1385 1794 1415 de
1818 1386 1950 1424 quibus,
1976 1387 2061 1417 ultra
2084 1389 2245 1427 quadrin-

1236 1440 1351 1473 gentas
1377 1440 1408 1466 et
1431 1436 1550 1474 viginti
1578 1437 1697 1469 libras,
1732 1441 1786 1467 se²
1812 1440 2017 1470 satisfecisse
2038 1442 2157 1471 asserit
2180 1443 2244 1472 civi

1236 1490 1392 1528 predicto,
1411 1490 1448 1519 de
1468 1490 1752 1528 redemptionibus
1768 1496 1917 1521 votorum
1939 1495 2244 1532 crucesignatorum

1236 1543 1426 1573 earumdem
1442 1543 1656 1573 Caturcensis
1675 1549 1706 1574 et
1722 1545 1883 1575 Tolosane
1907 1555 1943 1576 ac
1964 1547 2154 1577 Albiensis²
2174 1549 2246 1578 dio-

1235 1605 1346 1626 cesum
1365 1596 1394 1626 ei
1411 1596 1568 1626 satisfieri
1589 1597 1835 1627 mandaremus.
1855 1599 2015 1630 Nolentes
2032 1600 2135 1638 igitur
2158 1602 2244 1640 quod

1235 1650 1362 1687 prefato
1379 1649 1531 1688 episcopo
1551 1659 1610 1679 sua
1626 1650 1815 1681 obedientia
1836 1651 1877 1681 sit
1894 1652 2085 1690 dampnosa,
2106 1655 2243 1684 manda-

1235 1712 1308 1732 mus
1327 1707 1492 1741 quatenus
1509 1703 1547 1732 de
1564 1703 1848 1741 redemptionibus
1866 1709 2014 1735 votorum
2031 1707 2244 1745 crucesigna-

1235 1760 1341 1785 torum
1367 1756 1597 1792 Caturccnsis,
1627 1756 1788 1787 Tolosane
1819 1762 1849 1787 et
1879 1758 2048 1789 Albiensis
2074 1760 2243 1790 diocesum

1234 1809 1465 1847 predictarum,
1500 1810 1643 1848 exceptis
1669 1810 1737 1839 illis
1763 1811 1830 1849 qui,
1859 1811 1897 1841 de
1923 1812 2062 1841 crimine
2087 1813 2243 1844 hereseos

1234 1863 1399 1897 infamati,
1419 1868 1549 1901 propter
1564 1863 1624 1892 hoc
1638 1864 1672 1892 in
1686 1864 1785 1893 Terre
1803 1864 1921 1894 Sancte
1934 1865 2120 1895 subsidium
2135 1867 2243 1897 crucis

1234 1915 1442 1953 signaculum
1459 1921 1721 1954 assumpserunt,
1740 1917 1903 1955 inquisita
1920 1919 2099 1957 superbiis
2112 1920 2243 1958 plenius

1235 1969 1384 2003 veritate,
1398 1978 1496 2006 super
1513 1969 1706 2007 prescriptis
1721 1970 1885 2000 sexcentis
1899 1970 2006 2005 libris,
2021 1982 2078 2010 per
2092 1982 2146 2002 eos
2161 1982 2244 2012 quos

1234 2022 1478 2060 redemptiones
1502 2022 1592 2060 ipsas
1612 2023 1777 2061 recepisse
1801 2023 1894 2053 vobis
1918 2025 2116 2060 constiterit,
2146 2026 2245 2055 satis-

1234 2075 1306 2105 fieri
1328 2075 1459 2105 faciatis
1485 2075 1604 2105 eidem.
1630 2076 1898 2107 Contradictores
1925 2082 1984 2107 etc.
2014 2078 2107 2114 Quod
2131 2079 2159 2108 si
2180 2088 2245 2108 non

1234 2137 1349 2158 omnes
1366 2133 1426 2158 etc..
1445 2129 1518 2158 Dat.
1538 2129 1703 2164 Laterani,
1724 2130 1773 2159 ΙΙΙ
1792 2138 1895 2160 nonas
1908 2131 2030 2166 martii,
2045 2140 2131 2161 anno
2146 2141 2245 2170 quar·

1235 2181 1405 2211 todecimo.
1429 2194 1439 2207 n

1304 2368 1423 2396 5405
1828 2368 1947 2400 Latrau,
1964 2369 1980 2395 5
1997 2378 2075 2396 mars
2091 2370 2169 2397 1241.

1269 2431 1488 2458 Αι’(’111(;1111(·0110
1504 2431 1716 2457 Bisulslunensi
1734 2434 1761 2457 ct
1778 2430 1917 2457 sacristae
1934 2431 2119 2457 Gerundensi
2137 2432 2242 2459 scribit

1234 2481 1269 2507 de
1291 2481 1405 2513 negotio
1430 2480 1464 2506 R.
1487 2480 1522 2506 dc
1538 2477 1711 2513 Mallcolffis]
1731 2482 1758 2505 et
1776 2479 1880 2510 Elnae,
1902 2479 2001 2505 uxoris
2018 2480 2090 2512 ejus,
2115 2480 2151 2506 ab
2173 2481 2241 2507 Ele-

1234 2529 1318 2556 nensi
1335 2529 1470 2562 episcopo
1483 2532 1508 2554 et
1523 2529 1610 2553 fratre
1621 2528 1664 2558 Ε,
1677 2527 1790 2553 ordinis
1800 2527 2054 2557 praedicatorum,
2066 2536 2152 2561 super
2164 2530 2240 2555 iacto

1235 2578 1399 2604 baereticae
1418 2576 1586 2610 pravitatis,
1608 2576 1719 2602 auditis
1738 2576 1878 2602 falsorum
1896 2575 2028 2607 testium,
2052 2576 2127 2602 sicut
2150 2577 2241 2603 iidem

1234 2628 1269 2653 R.
1292 2630 1320 2652 et
1341 2626 1417 2652 Elna
1438 2624 1649 2659 proponebant,
1671 2623 1916 2658 depositionibus,
1939 2624 2239 2658 condempnatorum;

1233 2675 1274 2702 cis
1298 2674 1419 2701 mandat
1442 2677 1586 2707 quatenus
1609 2673 1639 2699 iu
1663 2673 1762 2699 eodem
1789 2673 1915 2706 negotio,
1942 2673 2016 2706 quod
2045 2673 2182 2701 manebat
2208 2674 2239 2700 in

1266 2803 1286 2827 ¹.
1303 2804 1351 2824 Ms.
1371 2810 1376 2824 t
1394 2801 1436 2824 cui
1454 2807 1493 2825 se.
1509 2813 1538 2817 —-
1554 2800 1574 2823 ll
1591 2800 1648 2823 faut
1665 2807 1699 2823 ou
1717 2800 1873 2830 supprimer
1886 2801 1942 2828 cui,
1957 2797 1993 2823 ou
2011 2808 2147 2831 supposer
2161 2801 2241 2831 apres

1233 2855 1263 2871 ce
1281 2850 1335 2869 mot
1352 2853 1405 2869 une
1421 2846 1528 2869 lacune.

1262 2891 1287 2914 2.
1311 2891 1333 2914 Α
1356 2893 1436 2913 noter
1454 2890 1518 2919 qu'il
1539 2889 1581 2912 n'a
1603 2896 1651 2919 pas
1673 2896 1772 2912 encore
1793 2888 1835 2912 ete
1856 2889 1985 2919 question
2002 2889 2048 2912 des
2066 2889 2191 2913 dioceses
2210 2889 2243 2913 de

1233 2935 1338 2960 Cahors
1353 2937 1379 2957 et
1395 2934 1485 2957 d'Albi
1501 2934 1569 2957 dans
1586 2936 1657 2957 cette
1673 2933 1756 2956 bulle.
