2553 3526
272 281 324 310 371
1000 279 1237 309 RaelsTnEs
1260 277 1314 307 DE
1337 270 1558 309 GREGOIRE
1582 280 1640 309 lx.
2313 283 2370 313 372

276 347 359 377 Hinc
378 351 426 375 est.
440 346 523 384 quod
542 355 598 384 pro
616 346 734 375 dilecto
752 346 819 375 filio
837 347 944 380 Petro,
961 346 1163 375 subdiacono
1179 348 1209 374 et
1226 353 1280 373 ca-

273 400 403 438 pellano
421 403 543 427 nostro.
566 399 621 436 qui
641 408 697 436 per
719 408 753 427 se
773 407 808 427 ac
833 408 910 428 suos
935 399 1056 428 nostris
1080 403 1110 427 et
1133 397 1279 427 Ecclesie

273 454 420 483 Romane
433 451 603 489 obsequiis
618 451 825 480 incessanter
837 451 975 483 insistit,
992 451 1187 479 mandamus
1202 459 1280 488 qua-

274 510 370 534 tenus
394 504 499 533 eidem
520 504 552 531 in
573 503 684 541 aliqua
708 503 922 532 ecclesiarum
948 502 1203 536 Lincolniensis,
1225 506 1280 530 aut

273 556 531 587 NVintoniensis,
553 555 603 584 vel
620 555 848 584 Norwicensis
866 564 923 585 seu
943 555 1088 584 Eliensis
1109 554 1280 583 civitatum

273 609 507 638 v‹=1d1000511111
531 607 730 645 parrochiali
750 607 799 637 vel
822 607 898 639 alia,
918 607 1145 636 Lincolniensi
1168 606 1281 636 cathe-

273 661 356 690 drali
382 661 548 689 dumtaxat
574 664 718 697 excepta.
746 660 779 688 in
803 659 964 689 beneficio
994 659 1080 698 quod
1106 659 1145 688 ad
1169 659 1280 688 minus

272 714 441 750 sexaginta
461 722 587 742 marcas
610 712 894 751 sterlinQuorum]
920 712 1026 742 valeat
1047 712 1232 745 annuatim,
1252 712 1280 741 si

273 771 363 796 vacat
382 766 420 795 ad
439 774 574 804 presens
591 765 640 795 vel
658 774 755 803 quam
779 765 884 803 primo
901 774 1017 795 vacare
1036 765 1222 802 contigerit,
1244 774 1280 793 ac

272 819 418 849 interim.
434 818 535 848 donec
550 818 649 847 suerit
661 818 856 847 auctoritate
871 817 1075 855 presentium
1089 817 1279 856 hujusmodi

272 871 468 901 beneficium
495 876 677 900 assecutus.
704 871 737 899 in
765 871 884 908 viginti
911 870 1047 899 marcis¹
1071 879 1181 899 annua
1200 879 1280 908 pen-

272 925 365 954 sione
382 933 399 953 a
416 924 543 953 duobus
560 923 736 953 abbatibus
754 923 942 961 aliquarum
957 923 1130 953 civitatum
1144 922 1195 952 vel
1213 923 1281 952 dio-

271 986 383 1007 cesum
407 977 627 1014 predictarum
652 977 754 1006 sarias
781 976 961 1014 provideri3
986 986 1050 1006 non
1070 976 1280 1006 obstantibus

273 1030 384 1068 aliqua
400 1028 618 1066 indulgentia,
640 1028 690 1059 vel
714 1029 741 1058 si
764 1029 797 1058 in
822 1029 961 1059 ecclesia
984 1029 1017 1058 in
1041 1038 1106 1067 qua
1121 1029 1185 1058 sibi
1206 1038 1280 1067 pro-

273 1082 377 1112 videri
403 1082 630 1116 mandaveris,
660 1086 770 1112 certus
796 1082 839 1111 sit
855 1082 1088 1112 canonicorum
1108 1091 1278 1115 numerus,

269 1136 458 1173 juramento
478 1143 536 1164 seu
560 1143 767 1172 quacumque
790 1134 855 1163 alia
876 1135 1030 1165 firmitate
1049 1134 1200 1170 vallatus,
1225 1139 1281 1164 aut

273 1188 301 1218 si
318 1187 393 1217 aliis
411 1188 453 1217 sit
469 1187 503 1216 in
521 1187 593 1225 ipsa
613 1187 650 1216 de
674 1187 828 1217 mandato
847 1192 958 1217 nostro
981 1187 1161 1226 provisum,
1182 1187 1233 1218 vel
1252 1188 1279 1217 si

271 1241 301 1270 ei
318 1249 374 1279 per
391 1249 488 1279 quem
512 1240 547 1269 in
571 1240 659 1269 dicto
681 1240 841 1269 beneficio
861 1241 925 1269 sibi
942 1241 1107 1278 provideri
1126 1249 1280 1279 precepe-

272 1294 326 1329 ris,
347 1298 403 1323 aut
425 1293 550 1323 eisdem
577 1293 752 1322 abbatibus
778 1303 835 1331 pro
858 1293 999 1323 aliorum
1025 1294 1213 1332 provisione
1230 1294 1280 1323 di-

271 1346 417 1376 reximus
434 1345 558 1384 scripta
577 1349 699 1380 nostra,
720 1346 777 1384 qui
799 1345 990 1385 hujusmodi
1010 1347 1148 1384 gratiam
1168 1355 1280 1384 prose-

272 1404 428 1437 quantur,
447 1408 505 1428 seu
522 1398 644 1428 litteris
662 1399 784 1428 dudum
801 1399 946 1429 obtentis
966 1409 983 1429 a
1004 1399 1099 1429 nobis
1116 1404 1149 1429 ut
1166 1401 1201 1429 in
1219 1400 1280 1429 ali-

272 1461 337 1490 qua
354 1451 569 1481 ecclesiarum
593 1451 687 1489 regni
708 1451 827 1489 Anglie
852 1452 885 1481 in
906 1452 1066 1482 beneficio
1088 1452 1281 1491 prebendali

273 1505 501 1543 provideretur
520 1504 639 1539 eidem,
664 1513 738 1534 cum
764 1514 953 1542 processum
978 1515 1034 1543 per
1051 1515 1106 1535 eas
1130 1505 1280 1535 habitum

273 1558 449 1587 fecerimus
466 1557 625 1591 revocari,
646 1561 702 1586 aut
719 1557 806 1595 quod
823 1558 903 1587 alibi
919 1558 1137 1588 beneficiatus
1156 1559 1279 1588 existit.

273 1610 540 1640 Contradictores
558 1614 618 1639 etc.
635 1610 708 1639 Non
728 1610 878 1640 obstante
895 1611 1132 1641 constitutione
1146 1611 1184 1641 de
1200 1612 1281 1641 dua-

273 1663 333 1692 bus
350 1663 448 1692 dietis
467 1663 555 1692 edita
575 1663 609 1691 in
627 1663 767 1692 concilio
789 1663 948 1700 generali.
973 1664 1040 1694 Nos
1062 1665 1150 1693 enim
1176 1665 1281 1702 prefa-

272 1720 341 1744 tum
358 1715 556 1745 beneficium
574 1720 685 1745 nostre
704 1715 876 1745 donationi
899 1725 1081 1752 servamus,
1107 1718 1281 1747 conseren-

271 1768 349 1797 dum
365 1768 535 1806 capellano
551 1768 709 1806 predicto,
729 1768 982 1807 decer[nentes]‚
1001 1770 1029 1800 si
1042 1779 1137 1800 secus
1157 1770 1195 1800 de
1210 1770 1281 1808 ipso

272 1821 459 1859 attemptari
476 1820 663 1858 contigerit,
684 1821 817 1850 irritum
839 1826 870 1851 et
891 1821 1002 1852 inane.
1020 1823 1093 1852 Dat.
1113 1823 1277 1860 Laterani,

272 1874 305 1903 II
320 1873 395 1903 idus
414 1874 537 1903 martii.
559 1886 571 1900 ι)
887 1881 892 1885 ·

343 2072 430 2099 539
435 2072 460 2098 9

310 2133 448 2168 Capitulo
463 2134 588 2161 Albensi
609 2134 712 2162 scribit
730 2143 736 2161 ε
754 2143 767 2160 «
784 2136 970 2162 Auctoritate
993 2136 1076 2164 vobis
1099 2138 1280 2171 presentium

275 2190 288 2207 »
309 2183 498 2216 indulgemus
515 2186 547 2210 ut
565 2183 745 2210 laudabilem
769 2185 1011 2212 consuetudinem
1033 2195 1088 2220 que
1105 2187 1134 2213 in
1152 2186 1283 2221 Ungaria

275 2241 288 2256 υ
309 2240 376 2266 erga
392 2240 495 2266 eorpus
511 2232 635 2265 Christi,
651 2242 716 2259 eum
735 2233 771 2259 ad
788 2233 920 2260 infirmos
934 2235 1076 2268 defertur,
1091 2239 1235 2269 servatur,
1251 2237 1281 2263 in

275 2288 288 2304 ι)
310 2280 434 2307 ecelesia
445 2283 554 2313 vestra,
572 2289 627 2314 que
642 2281 678 2308 ad
696 2282 860 2308 Romanam
875 2281 1040 2310 Ecclesiam
1059 2285 1140 2311 nullo
1154 2285 1283 2318 pertinet

275 2337 288 2353 »
311 2329 470 2361 mediante,
488 2329 571 2356 vobis
588 2329 676 2357 liceat
691 2330 855 2357 observare.
874 2339 888 2356 »
910 2346 941 2349 —
966 2332 1052 2364 (Rae.
1073 2333 1117 2365 20,
1140 2334 1159 2360 f.
1184 2334 1217 2360 112
1239 2341 1281 2366 r⁰;

273 2385 343 2404 ann.
359 2377 442 2410 XIV,
457 2386 481 2404 c.
498 2378 573 2409 250.)

863 2074 983 2105 Latran,
1001 2074 1016 2101 8
1036 2083 1114 2101 mars
1131 2076 1209 2103 1241.

316 2491 328 2504 a
348 2479 489 2516 capitulo
511 2480 641 2509 Albensi.
663 2481 867 2511 Auctoritate
892 2481 984 2511 vobis
1005 2483 1209 2520 presentium
1233 2501 1281 2513 —.

275 2532 347 2560 Dat.
366 2531 532 2567 Laterani,
550 2533 631 2562 VIII
648 2532 722 2562 idus
740 2533 862 2568 martii,
882 2543 968 2564 anno
986 2536 1245 2574 quartodecimo.
1269 2550 1281 2563 n

345 2735 463 2763 5400
850 2739 970 2772 Latran,
988 2740 1022 2766 20
1038 2749 1116 2768 mars
1133 2741 1211 2768 1241.

311 2797 420 2824 Abbati
441 2801 469 2824 et
487 2799 646 2826 conventui
670 2800 841 2827 monasterii
866 2802 1042 2828 Sanctorum
1065 2802 1235 2830 Sebastiani
1255 2806 1285 2831 et

311 2936 329 2960 1.
348 2939 403 2965 Sic,
420 2939 703 2963 vraisemblablement
721 2947 790 2971 pour
806 2948 979 2965 marcarum.

1362 344 1487 372 Fabiani
1502 346 1537 372 de
1555 347 1643 378 Urbe,
1658 347 1865 374 Cisterciensis
1879 348 2001 380 ordinis,
2018 349 2165 383 significat
2179 358 2208 376 se
2225 352 2371 377 monaste-

1362 394 1438 420 rium
1457 394 1560 420 Sancti
1578 395 1701 422 Cosmae
1721 396 1756 422 de
1772 396 1930 429 Vicovaro,
1951 397 2064 423 ordinis
2084 398 2178 424 saneti
2201 398 2369 431 Benedicti,

1361 441 1536 469 Tiburtinae
1552 443 1704 476 dirweesis,
1719 444 1754 470 ad
1770 445 1932 471 Romanam
1946 444 2109 472 Ecclesiam
2125 447 2207 473 nullo
2220 447 2370 473 mediante

1362 491 1529 524 pertinens,
1559 492 1630 518 adeo
1656 492 1685 518 iu
1712 493 1925 527 temporalibus
1949 495 1976 520 et
2001 493 2223 527 spiritualibus,
2253 498 2369 529 propter

1363 540 1510 566 malitiam
1529 540 1729 567 habitantium
1748 541 1776 567 in
1793 542 1905 573 eodem,
1923 542 2098 576 collapsum,
2116 543 2190 576 quod
2208 544 2291 570 nulla
2304 552 2368 577 spes

1362 591 1424 615 erat
1440 589 1515 622 quod
1530 592 1626 623 posset
1638 589 1667 615 in
1683 598 1744 620 suo,
1762 590 1790 616 id
1808 592 1850 616 est
1864 590 1959 617 sancti
1977 591 2144 623 Benedicti,
2159 592 2262 618 ordine
2277 593 2368 619 refor-

1363 637 1448 667 mari.
1466 646 1530 663 eum
1549 638 1687 664 omnibus
1707 638 1840 672 capellis,
1863 639 1988 672 juribus,
2013 640 2243 673 possessionibus
2260 644 2288 667 et
2304 649 2369 675 per—

1362 685 1499 712 tinentiis
1526 687 1602 717 suis,
1629 687 1757 720 ipsorum
1784 687 1962 714 monasterio
1983 688 2144 715 uniendum
2167 689 2300 721 duxisse;
2327 690 2369 716 ita

1362 734 1437 767 quod
1451 742 1463 758 ι(
1480 735 1515 761 <le
1527 738 1621 761 ootoro
1635 736 1699 770 ipsa
1712 736 1900 768 monasteria,
1916 737 1999 770 quasi
2013 745 2105 763 unum
2120 746 2224 771 corpus
2238 738 2369 765 existen-

1362 791 1375 807 »
1398 783 1449 814 tia,
1467 784 1616 817 perpetuis
1630 785 1813 818 temporibus
1828 785 1882 812 sub
1898 785 1985 812 unius
2006 785 2121 812 abbatis
2138 787 2325 820 providentia
2342 790 2369 814 et

1362 838 1375 855 n
1397 839 1467 857 eura
1478 835 1616 864 regantur
1633 840 1656 859 υ.
1675 848 1707 851 —
1724 834 1809 865 (Rae.
1825 833 1869 865 20,
1881 834 1944 860 f.42
1959 837 1998 866 r⁰;
2013 843 2082 861 ann.
2099 834 2176 867 XIV,
2189 835 2298 867 0251.)

1404 945 1416 958 «
1439 955 1459 961 ..
1476 933 1577 961 abbali.
1592 938 1617 961 el
1635 935 1798 962 conventui
1814 936 1992 963 monasterii
2003 936 2184 964 Sammo-mn
2200 936 2370 965 Sebastiam

1362 990 1387 1013 et
1405 986 1535 1014 Fabiani
1548 986 1581 1014 de
1603 987 1684 1020 L'rbe,
1711 987 1918 1016 Cisterciensis
1938 988 2070 1016 ordinis.
2094 988 2266 1018 Intellecto
2284 989 2371 1027 quod

1362 1038 1601 1067 monasterium
1618 1056 1667 1067 -.
1688 1040 1760 1068 Dat.
1780 1040 1946 1074 Laterani,
1964 1041 2048 1070 XIII
2065 1040 2224 1070 kalendas
2242 1041 2369 1079 aprilis,

1363 1100 1449 1120 anno
1466 1091 1724 1129 quartodecimo.
1745 1104 1757 1118 »

1434 1290 1551 1318 5401
1940 1291 2061 1323 Latran,
2077 1293 2109 1319 19
2127 1301 2204 1320 mars
2220 1293 2299 1320 1241.

1399 1354 1538 1388 Gregorio
1549 1354 1584 1381 de
1598 1354 1701 1381 Monte
1717 1354 1825 1388 Longo,
1843 1354 2022 1381 subdiacono
2039 1358 2066 1382 et
2083 1355 2196 1382 notario
2208 1364 2269 1388 suo,
2286 1364 2367 1390 apos-

1363 1403 1450 1430 tolico
1465 1404 1569 1437 legato,
1585 1403 1688 1430 scribit
1705 1412 1711 1429 ;
1730 1411 1743 1428 ((
1761 1403 1838 1434 Quia
1850 1406 1932 1437 grata
1949 1403 2032 1430 nobis
2048 1407 2123 1430 esset
2142 1406 2191 1431 tua
2210 1405 2370 1439 presentia.

1364 1460 1377 1476 n
1398 1455 1426 1478 et
1443 1453 1538 1478 forsan
1556 1452 1693 1486 expediet
1706 1454 1749 1483 ut,
1764 1460 1830 1478 cum
1848 1452 1883 1478 de
1899 1455 1977 1479 statu
1994 1452 2171 1479 Lombardie
2185 1454 2302 1487 plenam
2321 1453 2372 1480 ob-

1364 1508 1377 1525 »
1398 1500 1494 1526 tineas
1510 1500 1678 1532 veritatem,
1698 1500 1733 1526 de
1751 1500 1808 1526 hiis
1825 1509 1880 1534 que
1901 1500 1931 1526 in
1949 1501 2002 1527 illa
2018 1501 2096 1527 facta
2112 1504 2192 1534 sunt,
2209 1501 2323 1537 aliquid
2340 1502 2370 1528 in

1364 1558 1377 1574 ι)
1399 1551 1497 1576 futuro
1522 1549 1648 1575 coneilio
1674 1552 1863 1583 proponatur,
1889 1550 2027 1576 volumus
2051 1552 2080 1576 et
2103 1559 2256 1578 monemus
2277 1554 2324 1581 ut,
2348 1551 2372 1577 si

1364 1606 1378 1623 »
1398 1598 1507 1632 absque
1528 1597 1683 1631 dispendio
1704 1598 1856 1624 commissi
1880 1598 1935 1624 tibi
1957 1599 2066 1631 negotii
2090 1601 2118 1625 et
2139 1599 2370 1626 Lombardorum

1364 1655 1377 1672 ))
1398 1646 1509 1673 offensa
1525 1646 1585 1672 fieri
1603 1646 1719 1680 poterit,
1736 1646 1772 1672 ad
1790 1649 1919 1673 nostram
1933 1647 2112 1680 presentiam
2126 1648 2295 1674 revertaris.
2314 1656 2327 1673 »
2340 1663 2372 1666 —

1363 1696 1449 1728 (Rae.
1464 1695 1509 1727 20,
1528 1697 1546 1721 f.
1565 1696 1598 1721 42
1611 1698 1648 1727 r⁰;
1663 1703 1733 1721 ann.
1748 1695 1831 1727 XIV,
1849 1704 1873 1722 c.
1891 1695 1957 1727 252;
1972 1710 2001 1713 —
2018 1695 2151 1723 Monam]
2167 1696 2246 1729 1193,
2266 1697 2285 1723 f.
2303 1696 2370 1728 202;

1364 1759 1395 1763 —-
1414 1745 1597 1771 RonENBnnG
1611 1743 1685 1774 808.)

1406 1857 1418 1872 α
1438 1844 1604 1885 G[reyori0]
1621 1845 1654 1873 de
1663 1845 1760 1874 Monte
1771 1845 1878 1883 Lonyo,
1890 1845 2073 1874 subdiacono
2087 1850 2112 1874 el
2126 1846 2247 1874 notario
2258 1850 2369 1881 nostro,

1363 1899 1527 1936 Apostolice
1542 1899 1627 1927 Sedis
1643 1899 1749 1935 [effato.
1774 1897 1859 1934 Quia
1880 1901 1973 1935 grata
1995 1897 2090 1927 nobis
2113 1915 2161 1926 —.
2182 1898 2255 1927 Dat.
2277 1898 2374 1928 Late-

1364 1951 1449 1986 rani,
1463 1952 1565 1981 XIIII
1581 1950 1742 1981 kalendas
1759 1950 1888 1989 aprilis,
1905 1959 1992 1980 anno
2006 1951 2263 1989 quartodecimo.
2283 1963 2295 1977 »

1434 2155 1554 2183 5402

1399 2217 1526 2246 Johanni
1542 2218 1577 2243 de
1593 2216 1746 2249 Civitella,
1763 2216 1943 2256 subdiacono
1959 2220 1986 2243 et
2002 2217 2155 2251 capellano
2171 2225 2232 2250 suo,
2250 2218 2372 2244 mandat

1365 2270 1509 2301 quatenus
1525 2266 1660 2300 episeopo
1670 2265 1899 2299 Vesprimiensi,
1918 2265 1942 2292 si
1958 2269 2076 2300 propter
2091 2266 2298 2293 infirmitatem
2311 2274 2372 2293 eor-

1366 2315 1443 2350 poris
1457 2315 1492 2341 ad
1504 2315 1664 2341 concilium
1682 2314 1758 2347 quod
1775 2314 1838 2348 ipse
1850 2322 1926 2348 papa
1939 2314 2087 2341 celebrare
2104 2317 2257 2348 proponat,
2268 2315 2372 2342 venire

1366 2366 1502 2397 nequeat,
1524 2362 1697 2390 remanendi
1721 2362 1876 2389 licentiam
1899 2362 2022 2395 tribuat,
2047 2363 2089 2390 ita
2113 2366 2213 2390 tamen
2235 2363 2310 2397 quod
2335 2364 2371 2390 ad

1365 2413 1479 2439 dictum
1495 2411 1655 2439 concilium
1678 2411 1817 2438 nuntium
1842 2411 1992 2438 destinare
2007 2414 2151 2446 procuret.
2174 2426 2206 2430 —
2223 2412 2309 2444 (nno.
2326 2412 2372 2444 20,

1366 2462 1386 2487 f.
1397 2461 1430 2487 42
1442 2464 1479 2492 r⁰;
1496 2469 1566 2487 ann.
1584 2460 1667 2492 XIV,
1689 2469 1714 2487 c.
1732 2460 1798 2491 253;
1817 2474 1849 2477 -—
1867 2460 2050 2487 RODENBERG
2063 2460 2138 2491 807.)

1948 2155 2068 2188 Latran,
2083 2156 2116 2182 18
2134 2164 2210 2183 mars
2223 2156 2300 2183 1241.

1408 2574 1422 2588 <t
1445 2562 1579 2591 ,Iohanni
1595 2562 1629 2590 de
1647 2562 1800 2597 civitella,
1821 2561 2007 2590 subdiacono
2023 2566 2048 2589 et
2065 2562 2220 2599 capellano
2238 2566 2371 2591 noslro¹.

1367 2615 1461 2649 Cum,
1480 2615 1565 2644 sicut
1583 2624 1619 2644 ex
1637 2632 1686 2643 -.
1705 2615 1778 2644 Dat.
1797 2614 1964 2649 Laterani,
1983 2614 2044 2644 XV
2063 2613 2222 2644 kalendas
2243 2614 2371 2653 aprilis,

1367 2676 1453 2697 anno
1471 2667 1729 2706 quartodecimo.
1752 2680 1763 2693 ι)

1401 2814 1422 2837 1.
1438 2814 1480 2838 On
1496 2815 1526 2837 lit.
1543 2814 1611 2837 dans
1628 2815 1652 2837 la
1669 2814 1801 2844 rubrique
1819 2821 1824 2838 :
1845 2815 2020 2837 subdiacono
2036 2816 2059 2837 el
2078 2813 2211 2844 mollario]
2228 2815 2373 2842 capellano

1368 2862 1481 2888 nostro;
1498 2859 1565 2881 mais
1579 2859 1603 2882 la
1619 2859 1725 2889 syllabe
1742 2858 1946 2882 n01.estbiffee
1963 2865 2010 2888 par
2024 2864 2062 2881 un
2078 2858 2142 2881 trait
2151 2864 2246 2888 rouge.
2256 2871 2286 2875 —
2299 2857 2373 2882 Dans

1367 2903 1392 2926 la
1411 2903 1482 2926 table
1511 2903 1559 2926 des
1582 2904 1705 2932 capitula
1728 2902 1761 2926 de
1781 2903 1806 2926 la
1826 2902 1900 2926 XIV*
1921 2901 2019 2929 annae,
2043 2902 2060 2924 il
2082 2901 2127 2932 n’y
2147 2909 2162 2925 a
2183 2909 2230 2932 pas
2251 2903 2373 2931 notario,

1368 2947 1435 2970 mais
1452 2947 1604 2970 seulement
1621 2948 1796 2970 subdiacono
1813 2949 1837 2970 et
1853 2948 1999 2976 capellano
2015 2948 2121 2971 nostro.
