2553 3526
141 314 194 343 149
984 302 1219 341 TnfflziEME
1243 300 1400 337 ANNEE.
2182 311 2232 338 ιω

139 380 266 410 niensis
290 379 462 417 episcopus
479 379 611 416 propria
635 378 802 408 voluntate
825 378 964 407 remisit.
984 378 1021 406 In
1042 375 1145 414 pluri-

138 433 199 461 bus
218 432 317 462 etiam
335 432 547 461 monasteriis
568 436 597 461 et
618 431 768 461 eeclesiis
787 431 887 459 multa
908 431 1080 459 confessus
1098 433 1145 457 est

139 485 288 515 enormia
304 489 521 523 perpetrasse.
541 486 648 521 Quare
672 484 767 513 nobis
791 483 962 513 humiliter
981 481 1146 520 supplica-

139 538 193 567 bat
210 542 254 572 ut,
274 547 348 567 cum
371 547 470 575 super
492 537 558 566 hiis
575 537 768 566 satisfacere
791 537 831 565 sit
855 540 998 574 paratus.
1022 535 1146 563 facere-

138 599 212 620 mus
227 590 291 619 sibi
308 590 528 619 absolutionis
544 590 743 619 beneficium
761 588 936 626 impertiri.
951 588 1018 617 Nos
1032 587 1144 624 igitur.

139 642 179 672 ad
195 643 389 672 instantiam
407 642 486 671 dicti
501 642 645 680 episcopi
661 641 899 671 Ulixlionensis
917 645 945 669 et
962 639 1146 669 11110011»-ἱ

140 695 252 725 fratris
275 695 337 730 sni,
361 696 524 733 prefatum
549 693 789 733 [Fe1·1·andmn],
815 693 854 722 ab
880 702 917 722 eo
941 693 1026 731 qnod
1050 701 1148 730 snper

140 748 312 786 premissis
337 747 492 777 omnibus
518 747 672 776 mandato
700 746 879 784 apostolico
908 750 1030 783 pareat,
1056 745 1146 783 jura-

141 805 250 830 mento
268 805 407 839 recepto.
426 801 466 830 ab
488 800 840 830 excommunicationis
863 798 1005 828 vinculis
1027 798 1148 836 quibus

140 863 198 892 pro
216 854 373 892 predictis
392 854 565 883 tenebatur
587 853 754 887 astrictus,
777 861 833 890 per
857 851 1062 881 venerabiles
1084 852 1148 879 sra-

140 911 206 937 tres
227 912 357 937 nostros
378 930 397 935 ..
422 907 647 937 Tusculanum
669 911 699 936 et
722 930 741 935 ..
766 906 954 935 Ostiensem
980 905 1149 942 episcopos

104 974 106 976 ·
136 961 230 999 juxta
252 960 392 989 formam
416 959 563 989 Ecclesie
588 960 748 989 facientes
774 958 912 989 absolvi.
937 958 967 987 ei
991 957 1052 987 snb
1077 966 1149 995 pre-

140 1013 218 1043 stito
239 1013 428 1052 juramento
453 1013 607 1042 duximus
634 1012 875 1051 injungendum
900 1016 933 1040 ut
956 1011 1066 1040 omnia
1087 1019 1149 1048 qne

139 1066 278 1097 ecclesie
296 1066 515 1097 Ulixbonensi
534 1070 564 1096 et
582 1066 652 1104 ejus
669 1065 837 1094 canonicis
855 1064 1003 1093 abstulit.
1023 1064 1149 1099 integre

139 1128 238 1157 quam
255 1119 320 1148 cito
336 1119 464 1157 poteritvv
488 1119 653 1152 restituat,
675 1124 705 1147 et
724 1124 787 1148 tam
806 1118 853 1147 eis
870 1126 968 1155 quam
986 1116 1062 1145 aliis
1081 1125 1150 1145 mo-

140 1172 297 1202 nasteriis
313 1177 344 1202 et
360 1172 511 1202 ecclesiis
534 1172 572 1201 de
596 1172 748 1210 dampnis
771 1176 801 1201 et
825 1171 959 1209 injuriis
982 1170 1148 1207 irrogatis.

140 1225 323 1255 secundum
350 1234 447 1263 posse
475 1234 572 1254 suum
600 1229 631 1254 et
659 1224 861 1253 voluntatem
890 1223 1090 1261 prelatorum
1120 1227 1148 1251 et

139 1278 359 1317 capitulorum
389 1278 555 1316 ipsorum,
587 1277 850 1307 satisfactionem
885 1281 974 1305 curet
1007 1276 1150 1306 debitam

141 1332 314 1367 exhihere;
340 1332 541 1370 episcopum,
568 1331 728 1360 decanum
754 1335 782 1359 et
807 1329 989 1368 capitulum
1013 1329 1151 1359 Ulixbo-

139 1394 261 1415 nenses
273 1385 331 1423 qui
345 1393 401 1423 pro
417 1389 561 1422 tempore
574 1384 708 1415 fuerint,
725 1384 855 1412 fratres.
872 1382 1148 1419 consanguineos

141 1437 325 1467 familiares
342 1442 373 1467 et
389 1437 472 1467 alios
485 1437 608 1466 amicos
624 1436 763 1474 predicti
781 1436 936 1473 episropi,
953 1436 986 1464 in
1000 1435 1151 1473 personis

141 1496 173 1522 et
188 1491 298 1525 rebuse
316 1499 374 1529 per
387 1499 422 1520 se
439 1490 490 1520 vel
505 1500 562 1528 per
576 1490 691 1520 aliurn,
708 1489 745 1518 de
762 1494 870 1518 cetero
886 1498 949 1517 non
963 1488 1105 1517 offendat
1122 1492 1151 1517 et

141 1554 199 1583 pro
215 1553 311 1583 posse
328 1553 387 1574 suo
403 1544 443 1573 ab
465 1543 529 1573 alio
546 1552 611 1572 non
634 1543 801 1581 permittat
818 1542 940 1572 offendi
955 1553 960 1575 ;
980 1541 1151 1571 ecclesian]

141 1603 173 1628 et
189 1597 328 1628 eundem
347 1597 537 1635 episcopum
554 1596 800 1627 Ulixbonenses
822 1600 851 1625 et
875 1595 956 1624 alios
981 1594 1152 1632 supradic-

142 1656 203 1686 tos,
223 1659 274 1680 res
298 1659 376 1680 suas
398 1654 429 1679 et
450 1658 586 1679 suorum
609 1654 639 1678 et
662 1658 775 1678 eornm
794 1649 869 1687 jura
892 1652 1003 1677 contra
1022 1656 1152 1677 omnem

143 1704 311 1733 hominem
329 1712 366 1733 eo
384 1702 527 1741 amplius
544 1706 759 1732 manuteneat
775 1706 805 1731 et
821 1702 987 1733 defendat,
1007 1710 1070 1739 quo
1087 1702 1154 1730 for-

143 1757 208 1787 tius
223 1766 278 1787 eos
294 1757 442 1786 noscitur
458 1756 655 1791 offendisse3
673 1756 710 1784 de
728 1760 836 1785 cetero
854 1755 980 1784 nullum
997 1754 1153 1784 clericum

143 1809 326 1840 secularem
344 1809 394 1839 vel
418 1809 609 1846 religiosam
630 1817 804 1846 personam
830 1808 1017 1841 interliciat,
1040 1816 1097 1836 nec
1120 1807 1153 1835 in

143 1871 199 1893 eos
215 1862 310 1891 modo
328 1861 393 1891 alio
410 1870 528 1891 manns
545 1861 671 1895 iniciat,
696 1860 761 1889 nisi
784 1862 968 1898 quatenns¹
989 1860 1064 1898 jura
1083 1869 1155 1897 per-

143 1915 297 1950 mittunt;
314 1914 371 1944 sed
386 1914 494 1952 potius
507 1913 657 1944 ecclesiis
670 1922 809 1952 quarum
825 1913 962 1942 clericos
975 1912 1152 1946 interfecit,

137 1970 175 1998 'et
192 1967 386 2006 parentibus
406 1967 595 1997 eorumdem
616 1976 673 2004 pro
692 1975 786 2004 posse
805 1975 863 1995 suo
883 1966 1075 1995 satisfacere
1091 1974 1155 1994 non

143 2021 291 2056 omittat;
315 2020 484 2054 ecclesias,
511 2019 723 2054 monasteria,
749 2028 800 2048 res
823 2018 1066 2048 ecclesiasticas
1084 2027 1157 2056 per-

144 2082 301 2104 sonarum
316 2073 621 2108 ecclesiasticarum
646 2072 736 2101 nullo
756 2076 899 2109 tempore
924 2071 1084 2100 violenter
1105 2071 1157 2100 in-

146 2127 253 2161 vadat,
279 2135 338 2156 nec
361 2134 426 2155 non
451 2134 609 2163 personas
637 2125 675 2154 ad
700 2124 857 2154 ecclesias
881 2124 931 2153 vel
956 2124 1158 2153 monasteria

145 2189 204 2210 seu
221 2179 397 2218 cymiteria
411 2178 643 2215 confugientes
660 2186 784 2212 eorum,
803 2186 1011 2215 nequaqnam
1027 2177 1102 2206 inde
1120 2177 1158 2206 de

145 2237 254 2263 cetero
279 2232 440 2265 extrahat,
469 2235 524 2260 aut
550 2230 678 2260 extrahi
705 2240 761 2268 per
786 2230 888 2259 alium
910 2239 972 2259 non
995 2235 1157 2268 procuret.

146 2287 301 2317 Ceterum
327 2295 384 2323 per
412 2289 510 2315 totam
537 2284 838 2323 quadragesimam,
865 2293 939 2313 cum
970 2284 1010 2313 ad
1039 2289 1158 2313 terram

147 2348 240 2370 suam
265 2339 370 2377 primo
393 2338 573 2370 devenerit,
598 2337 732 2366 barbam
757 2346 820 2366 non
846 2337 948 2371 radat,
975 2341 1070 2375 capnt
1095 2346 1159 2366 non

147 2392 271 2427 abluat,
293 2391 488 2421 indumenta
511 2390 549 2419 de
574 2390 679 2420 serico
704 2389 754 2419 vel
780 2389 920 2419 srarlato
944 2393 999 2418 aut
1024 2389 1160 2418 aurifri-

148 2445 237 2483 giata
255 2453 320 2474 non
337 2448 454 2483 portet,
477 2452 536 2473 nee
554 2443 655 2472 intret
677 2442 869 2477 ecclesiamg
891 2442 959 2477 sed,
981 2447 1056 2472 ante
1073 2442 1159 2471 fores

148 2498 255 2537 ipsius
270 2507 375 2537 nsque
390 2497 430 2527 ad
444 2497 530 2527 diem
546 2496 633 2527 Cene
648 2496 781 2525 Domini
799 2495 922 2530 divina,
940 2505 1013 2525 cnm
1029 2496 1158 2533 poterit,

149 2551 301 2589 audiens,
322 2555 399 2580 tunc
417 2550 511 2589 juxta
531 2550 670 2578 formam
689 2548 835 2578 Ecclesie
859 2558 915 2586 per
936 2557 1053 2578 manns
1073 2548 1161 2586 epis-

149 2604 220 2643 copi
233 2604 285 2634 vel
298 2603 479 2634 sacerdotis
493 2612 527 2632 se
542 2602 662 2631 faciet²
678 2602 711 2630 in
730 2601 904 2631 ecclesiam
922 2601 1104 2637 introduci3
1124 2610 1161 2631 eo

149 2658 213 2693 die,
241 2658 353 2687 decern
377 2656 580 2695 pauperibus
603 2655 701 2693 pedes
728 2655 839 2684 abluat
865 2660 895 2685 et
922 2655 970 2684 eis
995 2655 1034 2685 de
1058 2655 1161 2684 simili

151 2719 260 2749 panno
274 2710 470 2739 indumenta
485 2708 652 2738 concedat.
673 2709 735 2738 Per
753 2712 852 2737 totam
869 2708 1007 2738 eandem
1024 2708 1161 2746 quadra-

151 2764 312 2803 gesimam
329 2764 369 2793 ad
385 2772 535 2793 mensam
553 2771 647 2792 snam
665 2762 813 2800 quinque
830 2770 990 2799 pauperes
1005 2762 1095 2791 omni
1110 2761 1161 2791 die

152 2817 296 2853 reficiat;
315 2821 346 2847 et
361 2817 517 2846 omnibus
535 2815 635 2846 sextis
651 2815 744 2845 feriis
759 2815 906 2851 ejusdem
920 2815 955 2844 in
971 2819 1058 2845 terra
1072 2814 1162 2844 solus

186 2943 206 2967 1.
223 2943 279 2972 Sic,
296 2949 330 2965 en
346 2945 438 2966 toutes
455 2942 558 2965 lettres.
574 2954 602 2958 —
620 2941 661 2964 Οἱ,
677 2948 774 2969 snpra,
791 2943 808 2964 t.
827 2940 874 2969 111,
892 2940 942 2964 col.
959 2940 997 2969 66,
1014 2942 1078 2963 note
1097 2940 1117 2962 1.

183 2987 206 3010 2.
222 2989 277 3016 Sic,
295 2987 436 3017 peut-§tre
452 2992 522 3016 pour
537 2986 630 3013 saciat.

1230 373 1387 402 comedat.
1418 383 1482 402 uno
1510 373 1677 411 pulmento
1705 378 1733 401 et
1766 382 1830 401 uno
1859 374 2017 403 servitore
2047 380 2230 403 contentus.

1230 425 1323 461 Quod
1339 426 1366 453 si
1384 426 1421 453 tle
1436 425 1584 463 pluribus
1599 425 1735 454 cibariis
1747 426 1916 454 comedo‘sre
1934 426 2083 455 voluerit.
2100 427 2230 455 totidem

1231 487 1390 515 pauperes
1407 488 1443 507 eo
1461 478 1512 506 die
1538 479 1670 507 relicere
1693 478 1891 515 procurabit.
1913 479 1946 506 In
1970 479 2158 508 Parasi-ere,
2179 489 2234 516 per

1231 540 1344 560 omnes
1366 530 1522 559 ecclesias
1542 531 1686 559 civitatis
1712 530 1760 559 vel
1782 530 1881 559 castri
1899 530 1931 558 in
1956 540 2019 568 quo
2038 532 2146 559 suerit.
2167 532 2234 559 dis-

1231 582 1389 612 calciatus
1407 583 1569 613 amlmlet:
1595 588 1624 611 et
1648 583 1699 612 die
1727 583 1854 612 sabbati
1874 583 2119 621 subsequentis.
2140 590 2230 621 capul

1231 635 1319 664 ablui
1346 640 1376 664 et
1405 636 1537 665 barbam
1563 637 1658 664 faciat
1684 636 1747 664 sibi
1774 636 1854 664 radi.
1884 636 1944 664 Per
1969 641 2092 673 septem
2119 646 2232 665 annos.

1231 693 1338 717 sextas
1362 690 1471 717 ferias.
1496 694 1636 727 quatuor
1659 694 1812 726 tempora.
1840 689 1980 718 letanias
2004 699 2117 717 omnes
2145 690 2235 718 lwate

1232 742 1379 776 Yireinis
1403 747 1431 770 et
1458 742 1606 770 omnium
1631 741 1859 779 Apostolorum
1886 746 1914 770 et
1939 742 2077 770 aliorum
2106 748 2236 771 sancto-

1234 805 1304 823 rum
1335 795 1466 832 vigilias
1496 795 1536 823 al»
1569 795 1715 823 Ecclesia
1744 795 1940 823 constitutas
1968 795 2106 833 jejunet.
2138 796 2235 825 Omni

1234 855 1377 888 tempore
1401 850 1465 879 vite
1485 859 1554 879 sne.
1580 850 1612 877 111
1636 849 1686 878 die
1707 849 1835 878 sabbati
1856 858 1971 879 carnes
1992 859 2054 879 non
2075 851 2234 880 comedat.

1234 904 1299 932 nisi
1316 904 1398 932 forte
1415 902 1531 931 Natale
1554 902 1685 931 Domini
1708 911 1744 931 eo
1763 902 1814 930 die
1832 902 2042 934 interveniat,
2063 903 2110 931 vel
2130 903 2234 940 ipsum

1234 956 1342 993 gravis
1363 955 1544 985 necessitas
1561 955 1599 983 ad
1619 955 1651 983 id
1671 960 1774 989 cogat.
1793 955 1886 991 Apud
1904 955 2161 994 santarenpun]⁴
2181 956 2235 984 nbi

1233 1009 1370 1037 clericos
1389 1008 1532 1046 precepit
1550 1008 1707 1040 interfici,
1734 1016 1751 1035 a
1776 1007 1977 1036 monasterio
1999 1008 2136 1036 fratrum
2162 1009 2237 1036 Pre-

1234 1063 1415 1091 ‹liratorum
1435 1070 1491 1098 per
1510 1060 1672 1098 hospitale
1693 1060 1804 1089 Sancti
1824 1060 1987 1089 Joliannis
2008 1061 2046 1088 ad
2066 1060 2236 1089 ecelesiam

1235 1117 1353 1143 sancte
1369 1114 1471 1143 Marie
1489 1114 1526 1142 (le
1545 1113 1715 1142 Alcaceva,
1735 1112 1880 1150 ejusdem
1900 1113 2010 1141 castri.
2030 1113 2061 1140 iu
2083 1114 2191 1141 tunica
2209 1118 2236 1141 et

1234 1166 1485 1205 supertuuicali.
1509 1175 1582 1194 cnm
1606 1165 1748 1202 corrigia
1767 1165 1804 1194 ad
1827 1164 1955 1194 collum.
1982 1165 2118 1202 [ene-dibus
2144 1166 2239 1193 nudis

1236 1220 1403 1250 incedens.
1432 1219 1465 1247 in
1495 1219 1578 1247 ostio
1606 1218 1795 1256 luljt1sm‹i›tli
1823 1217 2036 1246 ecclesiarum
2065 1218 2103 1246 al)
2131 1218 2240 1256 aliquo

1235 1273 1415 1302 sacerdote.
1431 1272 1506 1300 dum
1524 1271 1712 1300 cantabitur
1726 1272 1862 1299 ,llixerere
1879 1272 1944 1300 mvi.
1967 1272 2048 1299 Dens.
2067 1271 2098 1299 in
2107 1272 2153 1299 fra
2170 1276 2240 1299 octo

1235 1326 1305 1355 dies
1329 1330 1500 1363 postquam
1530 1324 1568 1353 ad
1596 1323 1677 1352 illud
1704 1328 1845 1352 castrum
1871 1323 2054 1360 perveniet.
2083 1333 2116 1351 se
2143 1323 2239 1352 saciat

1236 1379 1415 1408 verberari.
1434 1377 1560 1413 Viginti
1578 1377 1786 1407 Christianos
1802 1385 1817 1405 a
1836 1376 2090 1406 Sarracenorum
2109 1376 2240 1413 captivi-

1237 1437 1300 1461 tate
1317 1432 1405 1460 infra
1423 1430 1603 1459 triennium
1622 1429 1771 1458 redimat.
1793 1434 1821 1458 et
1847 1429 1885 1457 ad
1907 1429 2105 1458 Sarracenos
2130 1433 2242 1457 contra

1236 1484 1445 1515 Christianos
1464 1492 1632 1520 nunquam
1651 1492 1684 1511 se
1703 1482 1918 1510 transferens⁸
1935 1481 1982 1510 eis
1999 1481 2173 1510 consilium
2194 1481 2241 1509 vel

1237 1538 1395 1568 auxilium
1417 1546 1480 1566 non
1498 1536 1683 1574 impendat:
1704 1535 1783 1573 quin
1804 1535 1911 1572 polius
1930 1544 1985 1572 per
2003 1540 2067 1563 tres
2087 1544 2190 1563 annos
2210 1535 2242 1562 in

1237 1600 1337 1620 manu
1363 1590 1439 1619 forti
1470 1598 1526 1627 pro
1552 1589 1646 1618 modo
1674 1597 1808 1617 suarum
1838 1588 1958 1616 virium
1987 1588 2184 1616 Sarracenos
2210 1587 2243 1615 in

1238 1644 1387 1682 Ispania,
1413 1648 1443 1672 et
1467 1641 1655 1680 specialiter
1680 1641 1712 1669 in
1737 1640 1897 1670 frontaria
1925 1641 2016 1677 regni
2044 1639 2244 1677 Portugalie,

1238 1706 1425 1735 expugnare
1450 1699 1612 1733 procuret.
1632 1695 1704 1723 Dat.
1729 1693 1893 1722 Laterani.
1916 1693 1997 1722 XIII
2018 1692 2176 1722 kalendas
2195 1692 2246 1730 ja-

1240 1750 1360 1785 nuarii,
1381 1758 1466 1778 anno
1485 1748 1722 1777 tertiodecimo.
1747 1759 1757 1771 ι)

1277 1875 1387 1897 50⁰3.
1411 1884 1441 1887 —
1465 1870 1495 1895 In
1517 1868 1640 1894 eundem
1669 1869 1727 1893 fere
1752 1867 1867 1892 moduni
1893 1887 1910 1892 ..

1242 1916 1500 1953 Uti.rb0ne11[ulans}

1939 1867 2056 1898 episcopo
2080 1868 2102 1890 εί
2126 1866 2245 1898 capitulo

1312 2093 1430 2121 5004

1278 2156 1417 2190 capitulo
1435 2153 1629 2182 ulixbonensi
1655 2153 1802 2183 signifieat
1824 2160 1852 2177 se
1877 2151 2048 2182 magistrum
2073 2150 2248 2178 Joliannem,

1748 2091 1867 2120 Latrim,
1882 2089 1916 2114 20
1929 2088 2082 2114 ‹hl-eeinbre
2099 2088 2176 2114 1239.

1243 2206 1335 2240 ipsius
1360 2213 1452 2239 papae
1475 2203 1674 2237 capellanum,
1700 2201 1930 2227 L'lixbonensem
1954 2200 2109 2226 ‹let-anum.
2131 2198 2166 2224 ab
2188 2199 2248 2231 ipsu

1244 2263 1317 2288 papa
1330 2254 1366 2280 ad
1378 2252 1533 2279 sacerdotii
1549 2251 1680 2277 ordinem
1700 2252 1864 2283 promotum
1881 2254 1906 2274 et
1923 2252 2018 2281 postea
2035 2250 2247 2278 consecratum,

1244 2303 1384 2330 ecclesiae
1401 2300 1595 2328 L'lixbnnensi
1614 2299 1789 2325 concessisse
1807 2298 1835 2323 in
1853 2297 2034 2330 episcopum,
2052 2296 2150 2328 eisque
2166 2304 2249 2321 man-

1243 2353 1294 2379 dat
1315 2354 1459 2385 quatenus
1480 2349 1504 2375 ei
1528 2348 1685 2375 intendant
1706 2350 1733 2373 et
1754 2346 1902 2372 obediant.
1928 2360 1959 2362 —
1982 2345 2068 2375 (lma.
2093 2344 2134 2373 19,
2158 2345 2176 2369 f.
2199 2344 2250 2369 110

1245 2399 1317 2435 [134]
1342 2403 1381 2431 1⁶¹3
1408 2407 1477 2425 ann.
1504 2397 1585 2427 xm,
1612 2406 1636 2422 c.
1665 2395 1730 2425 184;
1758 2409 1789 2412 -
1815 2394 1946 2420 MOREAU
1973 2393 2051 2423 1192,
2077 2394 2095 2418 f.
2123 2392 2189 2420 423:
2218 2406 2247 2409 —

1245 2451 1282 2476 ct'.
1299 2455 1395 2480 supra,
1414 2456 1442 2473 n.
1460 2447 1538 2475 2157,
1555 2445 1635 2476 2171,
1651 2444 1730 2474 3113,
1748 2443 1826 2473 3114,
1844 2442 1922 2471 3811,
1939 2441 2007 2467 3853
2024 2441 2157 2469 014835.)

1288 2564 1299 2577 a
1329 2550 1467 2587 Capituli)
1495 2546 1697 2575 l'l1*:cl›011eizsi.
1723 2543 1823 2573 Multe
1850 2541 2088 2579 compassionis
2113 2541 2249 2570 affectus

1246 2612 1355 2642 quem.
1375 2603 1466 2640 juxta
1491 2599 1636 2629 debitum
1658 2597 1756 2626 officii
1780 2595 1966 2633 pastoralis,
1986 2594 2023 2623 ad
2045 2593 2250 2624 Ulixbonen-

1246 2666 1315 2687 sem
1332 2654 1504 2685 ecclesiam
1520 2651 1697 2681 habuimus
1712 2649 1883 2678 hactenus.
1900 2656 1957 2676 nos
1971 2647 2101 2676 induxit
2114 2651 2159 2675 ut.
2173 2646 2250 2684 quia

1246 2711 1280 2739 in
1306 2706 1537 2746 spiritualibus
1561 2709 1591 2734 et
1615 2701 1860 2740 temporalibus,
1890 2704 2020 2738 propter
2046 2698 2249 2727 vacationem

1247 2761 1421 2791 diutinam.
1437 2759 1550 2796 gravia
1567 2755 1726 2786 sustinuit
1741 2754 1949 2786 detrimenta,
1968 2752 2006 2781 de
2024 2752 2075 2781 sui
2093 2751 2249 2780 substitu·

1246 2815 1335 2844 tione
1354 2812 1495 2852 pastoris
1513 2810 1716 2843 deberemus,
1741 2808 1828 2836 inter
1844 2806 1926 2835 alias
1948 2796 2179 2842 occupationes
2198 2803 2250 2831 in-

1248 2875 1402 2897 numeras
1419 2864 1540 2903 quibus
1561 2862 1714 2899 angimur
1735 2859 1865 2892 cotidie,
1884 2858 2037 2894 cogitare.
2060 2857 2155 2886 Sane.
2177 2865 2249 2892 pre-

1247 2922 1314 2951 fata
1332 2918 1472 2949 ecclesia
1491 2915 1684 2955 jamdudum
1705 2912 1869 2951 pontificis
1892 2910 2013 2940 solacio
2034 2908 2200 2941 destituta,
2221 2912 2251 2936 et

1246 2972 1435 3012 provisione
1452 2969 1544 2998 illius
1566 2967 1641 2997 Sedi
1659 2964 1844 3003 Apostolice
1865 2966 2042 2994 reservata,
2062 2970 2119 2989 nos
2140 2959 2250 2998 ve[ne-
