2553 3526
145 274 201 304 317
950 266 1260 310 QUATORZIEME
1284 270 1442 305 ANNEE.
2182 290 2240 319 313

145 343 212 368 rant
226 343 254 368 et
270 343 369 375 postea
387 340 565 373 abjecerant.
584 340 771 367 resumebant
792 344 819 367 et
838 341 956 375 publice
972 341 1154 373 ‹ilet'erebant,

145 393 177 417 ut
199 399 216 417 a
236 389 443 416 communibus
459 389 592 415 civitatis
615 389 739 422 negotiis
762 392 1006 421 exonerarentur;
1031 390 1108 415 unde
1129 389 1154 415 ei

146 439 268 466 mandat
284 440 429 472 quatenus
444 438 590 464 litteratos
606 438 770 471 praedictos
784 439 943 472 compellat
959 441 991 465 ut
1005 447 1070 464 cum
1089 446 1154 463 eon-

144 487 261 514 civibus
273 487 333 513 suis
345 486 516 513 communia
528 486 661 512 civitatis
673 494 761 512 onera
772 489 955 520 supportent.
969 501 997 504 —
1012 487 1097 518 (Rae.
1109 486 1153 517 20,

145 536 166 562 f.
187 536 220 562 28
240 538 289 567 v⁰;
311 543 380 561 ann.
396 535 480 562 XIV.
495 543 519 561 c.
536 534 609 564 158.)

187 649 198 662 α
220 660 239 665 ..
259 638 409 674 preposito
426 637 543 664 ecclesie
567 636 671 665 Sancti
694 637 812 664 Nicolai
837 636 870 663 dr
893 636 1058 666 Cesennia.
1084 637 1154 664 Trr-

143 691 240 720 censis
264 691 399 719 diocesis.
433 689 671 725 Significarunt
701 689 794 718 nobis
821 712 840 717 ..
866 689 968 727 major
998 694 1028 718 et
1050 689 1153 727 jurati

144 743 385 774 Noviomenses
412 743 497 781 quod
522 742 673 771 nonnulli
698 742 834 772 litterati
863 742 1007 771 civitatis
1030 743 1153 772 Novio-

145 796 281 830 mensis,
297 795 354 835 qui
371 805 430 825 nee
448 800 584 824 tonsura
601 804 659 824 nec
682 795 797 824 babitu
812 805 830 824 a
846 795 941 825 laicis
960 796 1152 824 discernun-

144 854 207 885 tur,
227 848 539 887 utjurisdictionem
557 847 689 876 eludant
704 856 816 877 eorum
829 852 859 877 et
873 857 990 886 penam
1008 849 1152 878 debitam

142 902 183 932 de
202 902 272 932 suis
297 901 488 931 excessibus
511 905 541 930 et
560 901 731 930 forefactis
753 901 904 936 evadant,
930 905 1099 930 tonsuram
1123 906 1153 931 et

143 954 296 984 habitum
324 953 510 984 clericalem
537 957 729 989 assuniunt3
756 963 895 992 quorum
918 954 1070 992 quidam.
1096 954 1151 983 tali

144 1008 261 1038 habitu
277 1012 309 1038 et
325 1012 461 1037 tonsura
478 1007 614 1041 relictis,
633 1007 757 1036 ducunt
773 1017 889 1037 uxores
907 1012 946 1043 et,
967 1007 1101 1037 solliciti
1114 1008 1152 1037 (le

144 1061 211 1090 biis
235 1069 298 1100 que
322 1064 398 1090 sunt
425 1060 539 1089 mundi
563 1064 594 1089 et
617 1060 775 1090 uxoribus
800 1059 965 1098 placeant,
989 1061 1153 1090 secularia

144 1114 287 1152 negotia,
314 1114 400 1143 sicut
423 1113 481 1143 alii
503 1113 603 1147 cives,
629 1118 792 1148 exercent,
820 1118 862 1148 et,
887 1123 962 1151 sepe
983 1118 1151 1143 tonsuram

144 1171 351 1197 resumentes
373 1167 554 1206 abjectam,
579 1176 651 1196 eam
672 1166 803 1204 publice
826 1167 994 1201 deferunt,
1016 1173 1061 1201 ut,
1083 1167 1153 1205 ejus

144 1222 323 1259 pretextu1,
341 1230 359 1250 a
375 1220 608 1250 communibus
625 1220 770 1250 civitatis
789 1221 932 1258 predicte
951 1221 1109 1250 oneribus
1125 1225 1153 1250 et

143 1274 287 1312 negotiis
303 1275 435 1304 valeant
452 1274 620 1308 excusari3
643 1278 757 1303 contra
781 1283 921 1312 quorum
938 1274 1078 1303 astutias
1096 1275 1154 1304 Se-

141 1328 194 1357 dis
229 1327 418 1365 Apostolice
457 1326 700 1365 providentiam
734 1327 955 1365 postularunt.
993 1328 1155 1363 Quocirca

144 1381 340 1411 mandamus
358 1384 535 1419 quatenus,
561 1380 589 1409 si
611 1384 660 1409 est
683 1380 740 1414 ita,
759 1380 922 1409 litteratos
939 1381 1102 1418 predictos
1120 1385 1154 1410 ut

142 1443 217 1464 cum
243 1433 319 1463 aliis
344 1433 538 1463 concivibus
565 1437 759 1471 supportent
789 1434 979 1463 communia
1008 1434 1153 1463 civitatis

142 1495 255 1521 onera,
272 1487 357 1516 sicut
374 1486 504 1520 debent,
524 1485 732 1524 mo[nitione]
750 1486 950 1525 pre[missa],
968 1496 1023 1525 per
1035 1496 1154 1516 censu-

143 1549 213 1569 ram
232 1539 504 1573 ecclesiasticam,
521 1538 741 1577 appellatione
760 1540 1066 1579 1·emota.ju[stitia]
1085 1549 1153 1570 me—

144 1592 292 1632 [diante],
313 1592 502 1630 compellas.
528 1593 600 1622 Dat.
629 1592 795 1627 Laterani,
813 1593 875 1622 VII
900 1593 974 1622 idus
996 1593 1151 1628 octobris,

143 1655 231 1676 anno
247 1646 505 1685 quartodecimo.
527 1658 539 1672 n

212 1845 330 1874 529ss

178 1908 321 1943 Episcopo
337 1908 501 1935 Maditensi
522 1908 642 1942 ejusque
664 1909 791 1942 collegae
809 1909 931 1936 mandat
948 1912 1102 1943 quatenus,
1123 1924 1152 1928 —

140 1966 209 1984 cum
224 1957 414 1991 quamplures
430 1965 465 1983 ex
482 1957 694 1990 crucesignatis
712 1957 792 1991 regni
810 1958 962 1991 Franciae,
985 1967 1037 1984 nec
1052 1967 1108 1984 non
1125 1961 1153 1985 et

141 2006 321 2034 dioecesium
340 2006 501 2038 Tullensis,
523 2005 734 2038 Virdunensis,
754 2006 898 2033 Metensis
921 2009 949 2033 et
970 2006 1152 2039 Leodiensis,

699 1846 821 1878 Latran,
838 1847 854 1873 5
869 1847 985 1873 octobre
1002 1847 1080 1874 1240.

142 2058 212 2083 vota
222 2064 275 2083 sua
287 2056 432 2082 redimere
446 2064 495 2082 seu
507 2055 643 2089 prosequi
659 2064 714 2081 non
727 2059 874 2088 curarent,
889 2058 917 2082 et
929 2056 1048 2090 quidam
1063 2057 1152 2083 etiam

141 2113 178 2131 ex
192 2104 254 2132 illis
270 2113 385 2131 crucem
403 2104 439 2131 ab
456 2104 587 2130 humeris
602 2103 791 2137 abjecissent,
807 2119 839 2122 —
853 2105 1006 2131 universos
1023 2105 1152 2139 praedie-

143 2157 239 2180 torum
256 2153 337 2188 regni
355 2155 383 2180 et
401 2152 580 2179 dioecesium
600 2153 817 2186 crucesignatos
834 2156 939 2187 cogant
953 2157 984 2180 ut
1001 2154 1030 2180 in
1047 2155 1154 2181 Terrae

143 2201 789 2236 SanctaevelimperiiConstantinopolitani
799 2202 964 2229 subsidium
978 2202 1007 2229 in
1019 2203 1153 2237 proximo

144 2251 277 2286 passagio
302 2250 403 2277 martii
426 2252 588 2281 transeant,
615 2252 665 2277 aut
689 2259 836 2277 summam
864 2260 950 2285 quam
978 2252 1006 2277 in
1031 2252 1151 2279 Terram

144 2300 287 2327 Sanctam
304 2299 409 2331 eundo,
423 2299 563 2326 morando
577 2299 652 2326 inibi
667 2303 695 2326 et
706 2300 813 2326 exinde
826 2301 982 2333 redeundo,
995 2301 1153 2335 expensuri

144 2350 250 2381 forent,
269 2348 327 2383 ipsi
348 2348 483 2382 episcopo
500 2348 620 2382 ejusque
637 2349 765 2382 collegae
778 2349 939 2383 assignent.
958 2365 989 2368 —
1006 2351 1092 2382 (Res.
1107 2351 1152 2382 20,

144 2399 165 2425 f.
186 2398 220 2425 28
237 2404 286 2430 νος
301 2406 370 2424 ann.
386 2398 470 2429 XIV,
485 2397 599 2428 e.159.)

185 2500 218 2540 [..
232 2500 364 2538 episcopo
380 2499 543 2528 Maditensi
559 2503 585 2527 et
601 2499 666 2535 eJ'us
683 2498 857 2537 colleg][e]‘².]
870 2499 968 2534 Olim,
986 2504 1021 2528 ut
1034 2500 1154 2529 fortius

141 2553 243 2583 Terre
260 2553 379 2583 Sancte
398 2551 578 2582 subvenire
596 2560 779 2589 possemus,
799 2552 970 2582 nonnullis
987 2553 1154 2583 nobilibus

145 2606 239 2644 regni
263 2605 402 2636 Francie
424 2605 459 2634 in
486 2604 588 2635 certis
609 2604 690 2634 locis
714 2605 957 2644 redemptiones
978 2606 1155 2646 [votorum]

179 2725 200 2750 1.
217 2727 268 2749 Ms.
285 2733 292 2749 .·
309 2728 442 2755 pretestu.

176 2769 199 2792 Q,
226 2768 304 2793 Cette
330 2768 406 2799 piecc
431 2768 500 2792 n'est
526 2767 659 2798 precedce
685 2768 819 2792 d'aucune
847 2770 996 2800 rubrique:
1025 2771 1154 2796 l'adresse

144 2813 254 2837 donnee
270 2813 304 2837 ici
321 2817 361 2837 est
378 2812 539 2843 empruntee
555 2812 570 2834 a
585 2813 609 2835 la
626 2813 697 2835 table
713 2813 806 2843 placee
819 2821 853 2837 au
867 2820 1102 2840 commencement
1119 2817 1155 2840 du

147 2858 271 2886 volume;
288 2864 358 2881 nous
375 2858 537 2887 imprimons
553 2858 655 2885 colleye
672 2860 697 2879 et
714 2864 768 2880 non
785 2860 908 2888 collegis,
924 2867 1004 2889 parce
1018 2867 1070 2891 que
1087 2865 1156 2884 cette

147 2902 224 2932 piece
238 2905 279 2925 est
293 2901 420 2925 adressee
433 2901 449 2924 a
462 2901 534 2924 deux
551 2907 702 2931 personnes
717 2905 742 2924 et
756 2908 810 2924 non
826 2903 896 2932 plus,
909 2910 1013 2927 comme
1025 2905 1157 2936 l'indique

147 2946 173 2969 la
188 2946 280 2970 clause
297 2955 303 2969 z
319 2947 396 2974 Quod
413 2947 437 2969 si
456 2952 510 2968 non
528 2946 642 2969 ambo...

1239 341 1541 378 crucesignatorum
1559 346 1656 375 Terre
1671 348 1814 384 predicte
1830 359 2019 388 pauprmum.
2035 353 2238 386 intirmorum

1238 397 1268 422 ‹·t
1297 394 1467 427 debilium,
1496 407 1530 426 at·
1558 398 1664 435 legata
1694 400 1727 429 in
1757 401 1903 440 ejusd-3111
1926 405 2024 435 Terre
2055 408 2239 439 subsidium

1238 446 1390 476 duximus
1410 450 1615 480 concedenda
1630 463 1635 486 ς
1654 453 1687 481 in
1705 454 1779 483 aliis
1796 457 2073 495 vei-ol‹›cis1*‹‘·g11i
2090 463 2239 498 predicti.

1237 499 1319 527 etin
1336 500 1718 540 Tullensi.Vix-dunensi,
1737 508 1876 538 Metelisi
1890 515 1921 539 et
1937 511 2110 542 Leodiensi
2126 515 2242 544 civita-

1238 551 1325 581 tibus
1341 557 1370 582 et
1387 553 1586 591 diocesibus,
1606 559 1814 590 medietatem
1832 562 2093 601 redemptionum
2111 571 2141 596 et
2158 567 2242 605 lega-

1237 609 1343 633 torum
1374 606 1519 644 ipsorum
1549 610 1680 648 imperii
1706 612 2065 653 Constantinopolitani
2093 620 2241 651 subsidio

1236 657 1441 695 deputantes.
1474 662 1635 701 reliquam
1666 670 1790 702 partem
1821 670 1983 698 reservari
2012 672 2241 704 mandavimus

1237 720 1340 749 usque
1357 712 1395 741 ad
1411 719 1519 744 nostre
1537 715 1779 754 beneplacitum
1798 720 1988 751 voluntatis.
2002 724 2135 754 Verum.
2154 736 2238 760 cum,

1236 765 1379 793 exercitu
1396 767 1700 805 crucesignatorum
1718 771 1751 799 in
1768 772 1866 802 Terre
1885 775 2029 811 predicte
2050 781 2239 808 transeunte

1236 825 1440 851 succursum,
1460 820 1545 849 sicut
1562 821 1799 859 intelleximus,
1813 826 2024 864 quamplures
2042 829 2074 857 in
2093 839 2192 868 regno
2210 836 2239 861 et

1235 869 1448 909 di0c[esibus]
1466 874 1633 910 predictis,
1652 877 1719 913 qui,
1740 878 1847 906 crucis
1867 886 2034 918 assumpto
2055 882 2237 920 signaculo,

1237 929 1391 953 voverant
1407 924 1439 953 in
1451 926 1549 956 Terre
1562 929 1687 964 prefate
1703 930 1888 960 subsidium
1904 934 2079 971 proticisci,
2096 941 2168 966 vota
2180 947 2239 967 sua

1237 975 1396 1006 redimere
1415 987 1471 1007 seu
1490 981 1644 1018 pros-:spii
1668 991 1731 1011 non
1754 985 1911 1019 curarint,
1936 987 2015 1024 quin
2040 989 2146 1025 potius
2165 991 2239 1028 qui-

1236 1029 1309 1058 dam
1327 1039 1363 1059 ex
1379 1032 1427 1060 eis
1444 1032 1652 1069 signaculum
1675 1035 1782 1073 ipsum
1801 1037 1840 1066 ab
1860 1037 2008 1068 humeris
2032 1042 2101 1071 suis
2119 1047 2239 1074 temere

1236 1083 1396 1121 abjecisse
1428 1085 1581 1116 dicantur
1610 1098 1616 1116 :
1648 1089 1842 1119 mandamus
1874 1097 2036 1129 quatenus
2067 1096 2239 1126 universos

1236 1138 1484 1172 crucesignatos
1509 1139 1670 1169 dictorum
1695 1143 1787 1179 regni
1805 1148 1835 1172 et
1852 1144 2019 1174 diui-esum
2040 1152 2071 1176 ut
2092 1148 2125 1177 iu
2143 1150 2241 1179 Terre

1238 1190 1381 1226 predicte
1400 1191 1449 1220 vel
1469 1193 1602 1230 Imperii
1621 1195 1739 1231 prefati
1758 1196 1943 1226 subsidium
1956 1199 1990 1227 in
2009 1201 2154 1237 proximo
2172 1212 2243 1240 pas-

1237 1243 1327 1279 sagio
1353 1245 1463 1273 martii
1492 1247 1634 1276 transire
1661 1253 1846 1285 procurent,
1874 1255 1929 1279 aut
1954 1253 2050 1290 quod.
2078 1256 2185 1285 eundo
2208 1256 2240 1285 in

1236 1297 1369 1325 Terram
1389 1298 1559 1335 prefatam,
1582 1301 1738 1330 morando
1758 1301 1840 1331 inibi
1859 1308 1889 1332 ct
1907 1305 2086 1336 recedendo
2104 1308 2141 1337 de
2159 1309 2240 1347 ipsa.

1237 1351 1413 1387 expensuri
1430 1351 1548 1386 forent,
1575 1353 1646 1383 sine
1673 1353 1893 1386 diminutione
1916 1358 2062 1395 qualibet
2079 1361 2170 1391 vobis
2187 1372 2243 1400 per

1238 1403 1372 1432 nuntios
1388 1408 1417 1433 et
1432 1410 1662 1442 procuratores
1678 1407 1848 1437 karissimi
1864 1410 1897 1438 in
1911 1410 2043 1441 Christo
2061 1414 2121 1443 tilii
2139 1417 2242 1445 nostri

1238 1455 1431 1495 l3[aldnini],
1454 1458 1664 1496 imperatoris
1686 1460 2058 1501 Constantinopolitani,
2079 1467 2112 1495 in
2137 1468 2242 1506 ipsius

1236 1509 1367 1547 imperii
1395 1511 1582 1541 subsidium
1605 1515 1907 1546 transmittendum.
1927 1518 2109 1555 assignent,
2133 1520 2243 1550 indul-

1236 1564 1381 1600 gentiam
1405 1574 1468 1603 que
1495 1565 1616 1596 talibus
1642 1567 1676 1596 in
1702 1569 1849 1605 generali
1873 1571 2012 1601 concilio
2038 1573 2239 1609 conceditur,

1237 1616 1395 1651 habituri,
1423 1618 1523 1649 salvis
1551 1620 1742 1659 hujusmodi
1768 1623 2039 1655 concessionibus
2072 1627 2239 1657 nobilibus

1236 1670 1332 1699 sactis
1360 1671 1494 1707 eisdem,
1529 1673 1736 1714 mo[nitione]
1760 1675 1963 1716 pre[missa],
1987 1688 2044 1716 per
2066 1688 2239 1711 censuram

1236 1722 1506 1761 ecclesiasticam,
1527 1726 1748 1764 appellatione
1770 1733 1909 1764 remota,
1935 1732 2073 1768 cogatis,
2096 1742 2159 1763 non
2183 1735 2240 1764 ob-

1236 1781 1343 1806 stante
1355 1778 1592 1809 constitutione
1606 1780 1643 1809 de
1654 1780 1781 1811 duabus
1796 1781 1894 1812 dietis
1905 1783 1990 1822 [etc.,
2009 1794 2111 1824 usque
2124 1787 2144 1826 z]
2155 1787 2240 1818 ultra

1236 1834 1385 1866 quartam
1405 1830 1454 1860 vel
1469 1831 1618 1869 quintam
1635 1833 1721 1872 [etc.,
1735 1843 1838 1873 usque
1855 1835 1873 1874 2]
1893 1845 1955 1865 non
1973 1838 2132 1869 trabatur.
2148 1842 2239 1877 Quod

1237 1882 1264 1911 si
1290 1891 1353 1911 non
1381 1884 1475 1913 ambo
1505 1888 1566 1914 etc.
1591 1886 1662 1915 Dat.
1694 1887 1856 1923 Laterani,
1888 1890 1936 1919 III
1959 1899 2061 1921 nonas
2085 1894 2239 1929 octobris,

1237 1935 1447 1972 pontificatus
1465 1938 1569 1967 nostri
1586 1948 1673 1969 anno
1691 1941 1946 1978 quartodecimo.
1970 1956 1980 1969 ,ι

1306 2122 1422 2150 5297
1772 2128 1892 2159 Latran,
1908 2129 1942 2156 25
1958 2131 2073 2158 octobre
2092 2133 2170 2160 1240.

1271 2184 1502 2219 Areliiepiscopo
1515 2189 1543 2212 et
1560 2187 1768 2215 archidiacono
1785 2190 2021 2220 Bituricensibus
2040 2196 2160 2223 mandat
2170 2205 2242 2230 qua-

1236 2234 1320 2258 tenus
1338 2234 1549 2261 monasterium
1575 2236 1677 2263 Sancti
1701 2238 1851 2266 Martialis
1870 2241 2100 2275 Lemovicensis,
2122 2245 2145 2271 si
2166 2245 2241 2272 illud

1236 2281 1408 2308 invenerint
1423 2285 1600 2311 monasterio
1617 2285 1807 2314 Cluniacensi
1825 2289 1949 2316 minime
1963 2291 2090 2324 subesse,
2108 2302 2162 2320 non
2177 2303 2242 2328 per-

1236 2321 1360 2357 mittant
1390 2333 1539 2359 molestari
1568 2335 1719 2361 occasione
1752 2336 1917 2364 litterarum
1953 2341 2178 2373 apostolicarum
2207 2343 2241 2370 de

1235 2378 1352 2405 decima
1365 2381 1515 2413 praedicto
1532 2384 1709 2410 monasterio
1724 2384 1925 2420 cluniacensi,
1939 2396 1988 2421 pro
2001 2390 2150 2417 solvendis
2165 2392 2242 2425 ejus-

1235 2428 1302 2454 dem
1324 2428 1443 2461 debitis,
1461 2429 1497 2456 ab
1514 2431 1651 2458 omnibus
1673 2434 1860 2461 monasteriis
1876 2436 2005 2468 ejusdem
2027 2438 2139 2465 ordinis
2159 2441 2239 2474 regui

1237 2476 1378 2503 Franciae
1392 2478 1569 2506 exbibenda.
1588 2494 1619 2498 —
1639 2481 1725 2512 (Rae.
1747 2482 1791 2513 20,
1810 2484 1829 2509 f.
1846 2483 1880 2510 29
1896 2487 1935 2516 r⁰;
1953 2493 2021 2512 ann.
2038 2486 2114 2519 XIV,
2133 2496 2156 2515 c.
2176 2489 2239 2521 16Ο;

1237 2539 1268 2543 -—
1285 2525 1417 2553 Momm]
1434 2527 1513 2560 1193,
1532 2529 1551 2554 f.
1570 2528 1644 2560 138.)

1280 2638 1292 2651 «
1328 2649 1347 2655 ..
1379 2628 1602 2666 archiepiscopo
1634 2634 1659 2658 et
1693 2653 1711 2658 ..
1741 2632 1958 2663 archidiacono
1992 2636 2242 2668 Bitnriceusibus.

1238 2679 1514 2716 Signiticantihus
1541 2681 1671 2712 dilectis
1702 2682 1781 2713 tiliis
1815 2708 1834 2712 ..
1868 2686 1984 2717 abbate
2018 2697 2053 2718 ac
2083 2697 2246 2722 conventu

1239 2732 1351 2761 Sancti
1378 2733 1541 2763 Martialis
1573 2735 1830 2772 Lemovicensis,
1856 2739 1982 2770 ordinis
2007 2743 2111 2772 sancti
2140 2744 2246 2775 Bene-

1238 2785 1328 2819 dicti,
1348 2786 1471 2816 nostris
1488 2791 1537 2816 est
1553 2788 1691 2818 auribus
1709 2788 1898 2820 intimatum
1912 2793 2008 2831 quod,
2025 2804 2097 2824 cum
2113 2818 2132 2825 ..
2146 2797 2246 2827 abbas

1239 2842 1270 2867 et
1286 2843 1467 2868 conventus
1487 2841 1682 2869 monasterii
1699 2841 1930 2874 Cluniacensis
1948 2851 2077 2877 nostras
2097 2849 2135 2877 ad
2153 2859 2248 2880 vene-

1240 2890 1378 2920 rabilem
1396 2891 1533 2921 fratrem
1551 2897 1699 2923 nostrum
1719 2917 1739 2923 ..
1756 2896 2055 2935 Rothomagensem
2069 2901 2248 2939 archiepis-

1242 2952 1357 2982 copum
1386 2944 1523 2983 ejusque
1549 2945 1691 2984 collegas
1719 2947 1952 2986 impetrassent
1974 2951 2116 2982 litteras.
2143 2955 2249 2984 conti-
