2553 3526
299 280 352 309 47¹
1029 276 1267 307 nnclsrans
1290 275 1344 304 DE
1368 268 1590 305 GREGOIRE
1614 277 1671 306 ix.
2347 280 2403 308 47.2

298 347 335 374 ad
352 347 381 374 id
399 348 538 372 moneant
554 348 580 372 et
596 345 750 376 inducant,
770 348 799 372 ut
814 345 949 372 idoneam
967 352 1120 379 personam
1136 344 1258 377 eligant.
1276 356 1307 360 —

299 397 386 427 (Rso.
403 395 448 423 20,
467 396 485 421 f.
503 394 535 421 68
549 397 592 425 x·⁰;
607 403 676 420 ann.
695 394 763 425 XV,
780 402 805 420 c.
822 394 873 420 25:
893 408 924 411 —
940 393 1073 420 Monam
1095 392 1174 423 1193,
1193 392 1212 417 f.
1234 390 1309 421 278.)

341 521 353 535 ι(
373 531 396 537 ..
414 509 592 539 Parisiensi,
614 530 634 535 ..
656 507 867 536 Comei-acensi
883 512 908 535 et
923 529 943 534 ..
959 506 1181 535 Siloanerlcnsi
1199 506 1310 543 episco-

299 563 357 599 pis.
376 561 507 590 Auditis
524 565 553 589 et
571 559 752 589 intellectis
771 577 818 587 —.
837 560 910 588 Dat.
929 563 962 587 ut
983 567 1091 596 supra.
1116 570 1128 583 η

371 732 489 759 5978

334 793 564 827 Archiepiscopo
578 792 788 819 Terraconensi
806 792 954 825 significat
972 800 1001 818 se
1015 791 1130 818 irritam
1146 793 1174 818 et
1191 791 1310 817 inanem

299 842 475 868 denuntiare
487 840 806 867 excommunicationis
819 840 999 866 sententiam
1015 840 1061 866 cui
1074 840 1136 874 ipse
1150 839 1311 873 arehiepis—

299 899 386 925 copus
403 890 640 921 Terraconensis,
658 904 690 907 —
707 889 736 915 in
755 889 880 916 concilio
897 889 933 916 ab
950 889 1013 923 ipso
1029 889 1106 923 apud
1123 888 1310 919 Valentiam,

300 947 387 973 quam
405 938 564 965 Toletanus
586 937 826 972 archiepiscopus
847 937 883 964 ad
905 946 988 964 suani
1011 937 1197 971 provinciam
1219 937 1311 971 perti-

300 995 368 1013 nere
384 986 543 1018 asserebat,
561 988 746 1019 congregato,
768 1001 800 1004 —
821 986 990 1012 decreverat
1012 985 1163 1019 subjacere
1184 985 1308 1012 eundem

299 1035 553 1069 archiepiscopum
575 1034 763 1063 Toletanum,
788 1034 824 1066 si,
846 1043 896 1068 per
919 1035 1166 1061 Terraconensem
1190 1034 1312 1068 provin-

299 1084 376 1110 ciam
397 1083 556 1110 transitum
580 1083 702 1113 faciens,
724 1086 792 1110 ante
813 1092 843 1109 se
863 1091 978 1109 crucem
997 1083 1104 1109 deferri
1127 1084 1247 1115 faceret,
1264 1083 1311 1109 vel

300 1132 391 1166 pallio
416 1135 548 1158 uteretur
574 1140 623 1158 seu
650 1132 852 1165 indulgentias
877 1131 1060 1158 concederet.
1091 1146 1122 1149 —
1148 1132 1235 1163 (Rno.
1262 1131 1311 1163 20,

300 1182 320 1207 f.
338 1181 371 1207 68
387 1185 433 1212 v⁰;
451 1189 520 1207 ann.
539 1181 608 1212 XV,
627 1190 651 1207 c.
668 1180 725 1211 26.)

877 730 998 759 Latran,
1016 730 1049 755 16
1065 729 1238 755 avril1241.

342 1295 354 1309 «ι
378 1305 397 1315 ,.
415 1283 638 1320 archiepiscopo
657 1283 885 1312 Terraconensi.
900 1282 1095 1312 Venerabili
1117 1283 1218 1312 fratre
1236 1292 1313 1312 nos-

300 1340 350 1365 tro
365 1358 383 1363 ..
396 1334 553 1365 Toletano
565 1335 815 1374 archiepiscopo
831 1335 1019 1373 accepimus
1034 1335 1211 1365 intimante
1227 1336 1313 1374 quod

301 1393 347 1418 tu,
365 1387 450 1426 apud
466 1387 666 1421 Valentiam,
684 1397 782 1426 quam
801 1388 841 1417 ad
857 1397 951 1417 suam
969 1388 1089 1418 asserit
1106 1388 1313 1426 provinciam

300 1440 476 1479 pertinere,
497 1445 706 1478 congregato,
728 1441 761 1470 in
788 1450 885 1479 grave
909 1441 1016 1479 ipsius
1037 1441 1258 1480 prejudicium
1283 1445 1313 1470 et

301 1493 439 1523 ecclesie
457 1493 623 1529 Toletane,
642 1493 792 1529 concilio,
811 1494 959 1524 statuisti
975 1498 1022 1527 ut,
1043 1494 1071 1523 si
1090 1493 1314 1532 archiepisco-

302 1555 362 1584 pus
386 1546 484 1577 idem.
508 1555 565 1584 per
590 1547 872 1577 Tem-aconensem
899 1547 1104 1584 provinciam
1134 1546 1313 1576 transitum

299 1599 438 1633 habens,
457 1604 532 1629 ante
549 1608 583 1629 se
602 1608 734 1629 crucem
751 1599 874 1629 deferri
892 1600 1020 1633 fecerit,
1041 1599 1091 1629 vel
1109 1599 1215 1637 palleo
1233 1608 1313 1629 usus

300 1652 401 1681 fuerit
424 1661 483 1682 seu
506 1652 733 1689 indulgentias
757 1652 887 1682 duxerit
910 1652 1149 1687 concedendas,
1174 1652 1246 1682 loca
1274 1652 1313 1682 ad

300 1714 363 1743 que
393 1704 504 1734 taliter
534 1705 661 1734 venerit
694 1709 725 1734 et
752 1705 786 1733 in
815 1705 937 1743 quibus
967 1705 1031 1735 ista
1061 1705 1312 1743 presumpserit,

300 1757 459 1795 quamdiu
475 1757 636 1787 manserit
655 1757 713 1792 ibi,
732 1758 799 1787 sint
823 1758 993 1796 supposita
1017 1758 1244 1788 ecclesiastico
1262 1758 1315 1787 in-

300 1810 449 1840 terdicto.
464 1811 657 1845 decernens,
673 1815 727 1840 tua
744 1815 774 1841 et
789 1811 936 1850 ejusdem
955 1811 1088 1841 concilii
1105 1811 1310 1847 auctoritate,

300 1864 586 1902 archiepiscopum
611 1864 731 1902 ipsum,
758 1864 836 1894 talia
858 1865 892 1893 in
915 1864 1061 1902 predicta
1083 1865 1254 1903 provincia
1276 1864 1314 1894 de

299 1921 408 1946 cetero
448 1921 713 1955 attemptantem.
758 1917 1112 1947 excommunicationis
1150 1917 1314 1947 sententie

300 1970 502 2009 sulfiacere*⁴
520 1971 644 2000 Verum
668 1971 707 1999 si.
727 1975 761 1999 ut
779 1970 900 2005 decuit,
919 1970 1120 2000 attendisses
1139 1971 1312 2009 premissa,

301 2023 341 2052 ad
364 2032 401 2053 ea
426 2024 509 2053 forte
537 2023 674 2053 minime
698 2024 930 2062 processisses,
958 2033 1032 2054 cum
1057 2033 1120 2053 non
1146 2033 1202 2062 pro
1227 2027 1315 2054 certo

301 2081 468 2106 constaret
496 2081 714 2106 memoratum
740 2076 1027 2115 archiepiscopum
1057 2076 1252 2115 delinquere
1279 2077 1314 2105 in

302 2129 470 2166 predictis,
493 2138 556 2167 que
578 2129 643 2159 sibi
663 2135 847 2167 competere
869 2134 1020 2167 poterant
1046 2139 1083 2159 ex
1106 2129 1315 2167 indulgentia

302 2181 397 2211 Sedis
414 2181 601 2219 Apostolice
625 2181 780 2220 specializ
801 2191 849 2212 ac.
874 2182 902 2211 si
928 2182 1068 2212 eundem
1092 2181 1316 2220 archiepisco-

302 2244 379 2272 pum
398 2234 457 2264 tibi
474 2239 503 2264 et
520 2234 659 2265 ecclesie
677 2239 730 2264 tue
747 2244 804 2273 per
820 2234 879 2264 hec
897 2235 1053 2273 injuriari
1071 2235 1240 2267 credebas,
1259 2244 1316 2273 po-

304 2287 425 2317 tuisses
449 2287 534 2325 apud
558 2287 676 2317 Sedem
697 2287 921 2325 Apostolicam
941 2296 1039 2326 super
1058 2288 1125 2317 hiis
1145 2288 1314 2326 querelam

303 2340 465 2378 deponere
494 2344 607 2369 contra
637 2349 724 2370 eum.
752 2341 801 2370 Ne
828 2341 931 2378 igitur
956 2340 1016 2370 hoc
1045 2346 1212 2370 remaneat
1240 2340 1315 2370 aliis

303 2402 360 2430 per
383 2393 594 2423 tolerantiam
616 2393 876 2431 presumptionis
899 2393 1095 2432 exemplum,
1122 2403 1180 2423 nos
1206 2394 1316 2432 prefa-

304 2451 369 2474 tam
393 2446 747 2476 excommunicationis
772 2447 984 2476 sententiam,
1012 2446 1049 2476 de
1075 2447 1213 2476 fratrum
1240 2456 1317 2477 nos-

304 2503 429 2528 trorum
453 2499 604 2533 consilio,
624 2499 860 2529 denuntiamus
877 2499 1007 2529 irritam
1027 2504 1057 2529 et
1077 2500 1222 2529 inanem.
1242 2501 1314 2530 Dat.

306 2551 573 2581 Laterani.‘XVI
598 2551 758 2581 kalendas
784 2552 873 2588 maii,
902 2561 988 2582 anno
1014 2551 1272 2590 quintodecimo.
1302 2564 1314 2578 »

377 2722 495 2750 5979

340 2784 516 2818 Episcopum
535 2786 734 2812 Aesculanum
752 2790 851 2813 monet
874 2789 902 2813 et
924 2787 1059 2814 hortatur
1086 2790 1232 2821 quatenus
1254 2788 1317 2814 feu-

882 2724 1004 2757 Latran,
1022 2725 1055 2751 17
1071 2725 1148 2751 avril
1165 2725 1246 2752 1241.

339 2897 360 2920 t.
378 2897 419 2922 Cf.
443 2896 577 2922 Mamm
599 2902 624 2922 et
648 2899 777 2930 DURAND,
799 2901 959 2924 Thesaurus
985 2908 1078 2924 not-us
1101 2903 1317 2930 anecdotorum,

306 2941 482 2972 t.1V(t717),
499 2943 551 2965 cot.
569 2942 624 2966 286.

1392 341 1462 368 dum
1485 342 1561 376 quod
1585 342 1676 369 bonae
1697 343 1856 370 memoriae
1881 344 2022 378 Rogerius
2040 344 2075 370 de
2096 344 2210 372 Octavo
2226 345 2263 372 ab
2279 346 2404 373 ecclesia

1392 390 1557 417 Aesculana
1577 391 1757 423 obtinuerat,
1780 407 1811 409 —
1833 392 1909 426 quod
1930 392 2050 419 feudum
2068 395 2140 419 tunc
2155 394 2291 426 vacabat,
2308 394 2403 428 ipsius

1392 446 1485 472 papae
1502 439 1654 466 donationi
1671 439 1708 466 ab
1719 440 1782 474 ipso
1799 440 1934 474 episcopo
1947 444 2142 473 reservatum,
2160 456 2192 459 —
2205 442 2356 469 Anibaldo
2367 442 2403 469 de

1394 487 1479 519 Rota,
1497 487 1556 514 civi
1573 488 1715 516 Romano.
1730 488 1823 522 ipsius
1845 497 1937 523 papae
1951 489 2107 521 familiari,
2125 505 2155 508 —
2173 491 2256 524 cujus
2272 491 2404 518 devotio-

1393 543 1459 562 nem
1476 536 1512 562 ad
1526 536 1631 563 Sedem
1648 536 1848 571 Apostolicam
1863 537 1926 572 ipse
1938 546 2011 572 papa
2029 546 2217 566 remunerare
2233 539 2362 572 volebat,
2375 544 2403 566 et

1393 584 1442 618 qui
1456 585 1624 618 praedict-ae
1638 586 1778 612 ecclesiae
1791 586 1977 613 Aesculanae
1995 595 2051 612 non
2070 587 2219 614 modicum
2236 589 2402 615 fructuosus

1394 636 1507 667 poterat
1522 634 1659 664 existere,
1676 649 1708 652 ——
1721 643 1774 661 nec
1790 643 1846 661 non
1862 635 2146 668 ejusdemAnibaldi
2163 636 2320 663 heredibus
2336 645 2403 663 con·

1393 683 1479 713 ferat,
1507 685 1535 708 et
1555 683 1679 709 eundem
1698 683 1881 710 Anibaldum
1907 683 1938 709 in
1961 684 2141 718 corporalem
2166 684 2298 717 ejusdem
2320 685 2400 711 feudi

1393 730 1604 764 possessionem
1628 731 1768 763 inducat;
1788 731 1922 765 alioquin
1943 731 2078 766 episcopo
2097 732 2232 765 Aretino,
2252 733 2403 760 marchiae

1392 779 1599 805 Anconitanae
1618 779 1735 812 rectori,
1752 780 1814 814 ipse
1831 788 1906 814 papa
1923 780 2045 807 mandat
2058 783 2091 807 ut
2105 789 2193 814 super
2207 781 2260 807 hoc
2277 781 2402 808 manda-

1393 830 1455 853 tum
1473 828 1667 861 apostolicum
1685 831 1870 862 exsequatur.
1887 843 1922 846 —
1937 829 2024 860 (Rm.
2043 828 2088 861 20,
2103 830 2123 855 f.
2138 829 2172 856 68
2185 832 2231 861 v⁰;
2246 837 2316 856 ann.
2333 830 2402 862 XV,

1393 884 1418 902 c.
1440 876 1498 907 27.)

1436 989 1448 1003 «
1471 1001 1490 1006 ..
1515 979 1649 1015 episcopo
1669 979 1828 1007 Est-alano.
1851 978 1946 1012 Cum,
1972 977 2057 1007 sicut
2080 986 2117 1007 ex
2138 995 2186 1006 —.
2209 979 2282 1008 Dat.
2308 978 2405 1008 Late-

1394 1030 1479 1064 rani,
1497 1031 1558 1060 XV
1575 1030 1734 1060 kalendas
1750 1030 1842 1065 maii,
1863 1039 1949 1060 anno
1969 1030 2226 1069 quintodecimo.
2250 1043 2262 1057 n

1467 1202 1585 1230 5380

1432 1265 1575 1299 Episcopo
1590 1264 1763 1291 Lamecensi
1779 1264 1902 1291 mandat
1915 1267 2071 1299 quatenus,
2087 1280 2121 1283 —
2137 1273 2202 1292 cum
2219 1266 2266 1297 P„
2282 1265 2405 1292 canoni-

1395 1322 1446 1340 cus
1463 1313 1634 1339 monasterii
1650 1313 1686 1339 de
1706 1313 1880 1344 Ecclesiola,
1899 1313 2012 1339 ordinis
2028 1313 2123 1340 sancti
2142 1313 2315 1347 Augustini,
2332 1314 2406 1340 Por-

1395 1362 1557 1396 tugalensis
1577 1362 1730 1391 dioecesis.
1746 1362 1782 1388 ad
1806 1362 1970 1389 Ecclesiam
1994 1363 2170 1394 Romanam,
2188 1365 2220 1389 ut
2240 1362 2405 1391 dicebatur.

1394 1411 1570 1438 immediate
1594 1411 1767 1445 spectantis,
1793 1419 1809 1437 a
1834 1414 1982 1437 conventu
2011 1411 2142 1444 ejusdem
2172 1411 2345 1438 monasterii
2374 1411 2405 1438 in

1395 1461 1522 1495 priorem
1546 1460 1730 1487 unanimiter
1754 1460 1875 1491 electus,
1899 1468 1956 1486 non
1980 1463 2091 1494 posset,
2116 1468 2129 1486 «
2149 1463 2267 1495 propter
2287 1461 2404 1487 viarum

1396 1516 1410 1533 »
1431 1508 1618 1540 discrimina,
1629 1511 1657 1535 et
1669 1508 1725 1535 loci
1738 1508 1926 1540 distantiam,
1941 1517 1974 1534 ac
1988 1511 2191 1542 paupertatem
2209 1509 2336 1543 predicti
2347 1517 2407 1535 mo-

1397 1565 1410 1583 »
1432 1557 1553 1584 nas-terii
1569 1565 1594 1588 »,
1609 1557 1696 1591 qnod,
1713 1557 1744 1590 in
1764 1556 1930 1583 redditibus
1951 1564 1964 1581 «
1980 1557 2057 1583 exile
2073 1560 2100 1584 et
2115 1557 2144 1583 in
2161 1557 2258 1584 medio
2276 1557 2407 1585 nationis

1397 1614 1410 1631 ))
1433 1614 1568 1640 perverse
1580 1606 1707 1639 positum
1727 1614 1750 1634 n.
1764 1614 1778 1632 a
1792 1605 1989 1639 praedonibus
2001 1605 2205 1632 indesinenter
2217 1606 2407 1633 conculcaba-

1396 1656 1454 1687 tur,
1478 1663 1529 1688 pro
1556 1654 1780 1681 confirmatione
1800 1654 1961 1680 obtinenda
1989 1654 2181 1688 apostolicam
2209 1655 2406 1688 praesentiam

1396 1703 1487 1735 adire,
1502 1718 1533 1721 —
1545 1703 1568 1729 si
1584 1702 1768 1736 praedictum
1785 1702 1998 1729 monasterium
2013 1702 2050 1729 ad
2064 1702 2227 1729 Ecclesiam
2242 1703 2407 1730 Romanam

1397 1752 1513 1778 noverit
1526 1752 1607 1778 nullo
1621 1751 1716 1778 medio
1728 1751 1877 1785 pertinere
1889 1753 1917 1778 et
1928 1751 2039 1778 dictam
2053 1751 2227 1778 electionem
2240 1752 2275 1778 de
2287 1760 2410 1786 persona

1397 1801 1503 1827 idonea
1528 1800 1679 1827 invenerit
1704 1799 1846 1826 canonice
1869 1799 2059 1832 celebratam,
2083 1800 2179 1834 ipsam
2205 1800 2359 1827 confirmet
2381 1803 2409 1827 et

1397 1850 1493 1876 eidem
1507 1850 1599 1876 electo
1613 1848 1850 1875 benedictionem
1869 1848 2035 1882 impendat,
2050 1851 2221 1883 recepturus
2232 1848 2269 1875 ab
2282 1857 2313 1876 eo
2328 1849 2410 1883 jura-

1398 1900 1533 1925 mentum
1555 1897 1675 1924 solitum
1700 1897 1865 1926 fidelitatis,
1887 1896 1941 1924 sub
1962 1897 2057 1923 forma
2074 1897 2132 1931 ipsi
2153 1897 2289 1931 episcopo
2312 1900 2410 1924 trans-

1398 1947 1503 1978 missa;
1522 1947 1646 1973 formam
1663 1949 1762 1972 autem
1781 1945 1944 1979 juramenti
1964 1945 2039 1979 quod
2059 1945 2136 1972 idem
2155 1946 2266 1972 electus
2282 1945 2409 1980 praesti—

1397 1995 1478 2027 terit,
1500 1995 1562 2029 ipse
1582 1995 1736 2028 episcopus
1759 1994 1795 2020 ad
1818 2002 1925 2028 papam
1948 1993 2049 2020 mittat
2069 2002 2121 2028 per
2141 1994 2256 2020 litteras
2276 1993 2408 2027 ejusdem

1397 2044 1484 2071 electi
1502 2044 1601 2078 sigillo
1617 2043 1762 2077 signatas;
1780 2043 1925 2077 alioquin,
1944 2043 2045 2069 eadem
2063 2043 2207 2069 electione
2223 2044 2348 2075 cassata,
2364 2043 2410 2069 fa-

1397 2093 1456 2120 ciat
1472 2092 1567 2119 eidem
1586 2091 1764 2118 monasterio
1781 2091 1816 2118 de
1832 2099 1957 2125 persona
1972 2091 2077 2118 idonea
2091 2099 2141 2125 per
2156 2091 2331 2118 electionem
2346 2099 2410 2125 pro-

1396 2141 1503 2168 videri.
1519 2155 1550 2159 —
1567 2141 1654 2172 (Rno.
1671 2140 1715 2173 20,
1734 2141 1753 2166 f.
1770 2139 1803 2166 68
1818 2142 1861 2172 v⁰;
1876 2148 1946 2166 ann.
1964 2140 2033 2172 XV,
2050 2148 2074 2166 c.
2092 2139 2149 2170 28.)

1782 1202 1904 1233 Latran,
1921 1200 1966 1236 [18
1983 1203 2110 1229 mars-17
2124 1201 2237 1237 avriIP]
2254 1202 2332 1229 1241.

1440 2255 1451 2268 a
1476 2265 1494 2271 ..
1514 2243 1646 2280 episcopo
1665 2242 1849 2270 Lamecensi.
1869 2241 1913 2270 Ex
1937 2245 2028 2278 parte
2050 2240 2245 2270 dilectorum
2263 2257 2311 2268 —.
2334 2240 2406 2269 Dat.

1398 2295 1566 2332 Laterani,
1579 2295 1639 2325 XV
1649 2294 1808 2324 kalendas
1823 2293 1951 2332 aprilis,
1968 2303 2055 2324 anno
2071 2292 2342 2333 [quartodecimo]
2353 2294 2375 2323 ¹.
2395 2306 2406 2319 n

1432 2414 1451 2437 l.
1471 2413 1508 2437 Le
1523 2413 1672 2436 manuscrit
1687 2415 1765 2443 porte
1781 2419 1787 2435 :
1806 2420 1817 2434 ι(
1832 2411 1881 2435 XV
1898 2411 2029 2435 kalendas
2042 2413 2152 2440 aprilis.
2170 2418 2241 2435 anno
2258 2413 2409 2441 quintode-

1399 2460 1474 2482 cimo
1493 2466 1516 2487 n,
1532 2464 1562 2481 ce
1583 2457 1629 2487 qui
1651 2457 1742 2480 donne
1760 2457 1789 2479 la·
1805 2456 1867 2480 date
1887 2456 1923 2479 du
1947 2456 1974 2479 18
1991 2463 2062 2479 mars
2080 2455 2147 2482 1242,
2165 2455 2226 2479 date
2240 2456 2410 2486 impossible,

1400 2502 1534 2532 Gregoire
1548 2501 1585 2525 tx
1599 2501 1674 2524 etant
1690 2506 1760 2524 mort
1776 2501 1800 2524 le
1814 2500 1843 2524 ‘2⁶2
1859 2501 1925 2524 aont
1942 2500 2007 2524 1‘241.
2022 2500 2042 2523 ll
2054 2503 2095 2523 est
2111 2499 2220 2523 difficile
2235 2500 2268 2523 de
2282 2500 2410 2523 determi-

1400 2553 1449 2570 ner
1465 2553 1512 2569 sur
1531 2546 1593 2576 quel
1611 2548 1696 2569 terme
1713 2545 1746 2568 de
1762 2545 1787 2568 la
1803 2544 1866 2568 date
1883 2546 1962 2575 porte
1980 2544 2108 2572 l'erreur;
2129 2544 2146 2566 il
2163 2547 2204 2567 est
2219 2544 2341 2574 possible
2357 2550 2411 2574 que

1400 2592 1501 2620 aprilis
1517 2591 1571 2614 soit
1587 2597 1623 2613 un
1640 2590 1734 2620 lapsus
1747 2596 1817 2620 pour
1829 2590 1909 2617 maii,
1924 2592 1951 2612 et
1963 2589 1989 2612 la
2004 2588 2132 2619 presente
2144 2589 2224 2612 lettre
2240 2589 2324 2611 serait
2339 2588 2412 2612 alors

1400 2635 1436 2658 du
1457 2635 1484 2659 17
1500 2635 1567 2658 avril
1588 2634 1658 2662 124st
1675 2634 1818 2662 toutefois,
1831 2634 1848 2657 il
1865 2636 1906 2657 est
1922 2633 2058 2664 peut-etre
2079 2639 2179 2656 encore
2199 2633 2259 2663 plus
2277 2633 2412 2656 vraisem-

1400 2681 1489 2704 blable
1501 2687 1553 2711 que
1566 2681 1779 2710 quintodecimo
1791 2680 1845 2703 soit
1860 2686 1930 2710 pour
1943 2679 2167 2708 quartodecimo,
2179 2682 2205 2702 et
2217 2685 2287 2702 nous
2299 2679 2412 2702 aurions

1400 2725 1435 2748 ici
1455 2732 1510 2748 une
1527 2725 1599 2747 bulte
1616 2724 1649 2747 de
1666 2725 1690 2747 la
1706 2723 1780 2747 le·
1795 2723 1883 2746 annee
1901 2723 1959 2753 (qui
1975 2723 2035 2746 finit
2051 2723 2076 2745 le
2091 2722 2121 2746 ‘30
2137 2729 2207 2746 mars
2226 2722 2293 2750 1241)
2314 2721 2412 2752 egaree

1399 2769 1468 2792 dans
1484 2769 1508 2792 le
1522 2770 1645 2798 Reqistre
1659 2768 1693 2792 de
1708 2769 1734 2791 la
1750 2767 1823 2797 XV‘;
1843 2774 1874 2791 ce
1894 2774 1929 2790 ne
1950 2767 2034 2791 serait
2055 2774 2103 2797 pas
2118 2766 2143 2789 la
2159 2773 2196 2789 un
2211 2773 2258 2790 cas
2273 2766 2356 2792 isole:
2379 2772 2413 2789 en

1400 2815 1478 2843 effet,
1499 2814 1567 2837 trois
1589 2818 1681 2837 autres
1698 2813 1801 2841 bulles,
1823 2815 2005 2843 appartenant
2025 2813 2180 2840 surement,
2202 2811 2341 2839 celles-la,
2358 2810 2373 2834 a
2388 2811 2414 2834 la

1399 2858 1475 2882 XIV‘
1488 2858 1585 2886 annee,
1600 2861 1626 2881 et
1642 2857 1748 2887 datees,
1764 2857 1836 2880 l'une
1849 2857 1897 2880 des
1911 2856 2042 2880 kalendes
2056 2856 2089 2879 de
2103 2863 2174 2879 mars
2190 2855 2233 2885 (l“
2247 2862 2318 2879 mars
2333 2854 2412 2885 1241),

1399 2904 1425 2926 la
1440 2903 1560 2927 seconde
1581 2903 1616 2926 du
1638 2902 1700 2926 XVI
1722 2902 1770 2925 des
1791 2901 1922 2925 kalendes
1943 2900 1977 2924 de
1994 2900 2095 2924 fevi-ier
2110 2900 2148 2930 (17
2165 2900 2274 2930 janvier
2294 2899 2370 2929 1241),
2387 2899 2413 2922 la

1399 2947 1540 2971 troisieme
1562 2947 1598 2970 du
1619 2946 1670 2970 1111
1693 2946 1741 2970 des
1766 2946 1825 2969 ides
1848 2945 1881 2969 de
1903 2952 1974 2968 mars
1996 2944 2034 2974 (12
2055 2951 2127 2968 mars
2145 2943 2224 2973 1241),
2240 2946 2288 2967 ont
2304 2943 2347 2967 ete
2363 2950 2413 2974 par
