2553 3526
681 604 1058 658 SECUNDA'
1116 601 1596 656 CONVOCATIO
1652 601 1980 655 CONCILH

1058 1239 1093 1261 IN
1121 1238 1279 1261 FRANCIA
1308 1237 1351 1260 ET

355 1411 471 1439 5635
830 1407 949 1438 Latran,
964 1407 996 1433 15
1010 1406 1125 1433 octobre
1141 1406 1220 1432 1240.

323 1481 521 1507 Senoncnsem
539 1478 794 1512 archiepiscopum
808 1479 889 1510 rogat
900 1479 928 1503 et
944 1478 1042 1502 monet
1056 1478 1211 1509 quatenus,
1225 1475 1295 1501 lieet

286 1529 464 1560 Friderieus,
477 1528 574 1554 dietus
585 1527 756 1561 imperator,
770 1525 910 1560 praelatis
923 1525 958 1551 acl
973 1525 1078 1551 Sedem
1091 1524 1293 1558 Apostolieam

286 1577 398 1603 vocatis
414 1585 562 1603 accessum
580 1576 615 1602 ad
632 1584 694 1601 eam
714 1574 873 1601 terroribus
887 1574 947 1599 suis
964 1573 1134 1604 interdicat,
1152 1581 1243 1606 usque
1259 1572 1294 1598 ad

286 1626 453 1660 proximum
468 1627 574 1651 festum
590 1623 826 1650 Resurrectionis
838 1622 1013 1649 Dominicae
1023 1622 1106 1653 (131
1120 1621 1296 1652 mart.1241)

284 1675 319 1701 ad
339 1674 444 1700 Sedent
462 1673 584 1699 eandem
607 1671 801 1706 personaliter
822 1671 940 1701 veniam
959 1672 1109 1704 practerea
1129 1670 1229 1696 eadem
1248 1677 1296 1695 su-

286 1731 335 1756 per
356 1722 495 1756 capitulis
512 1727 539 1747 01,
557 1721 697 1755 praelatis
720 1729 788 1746 suae
813 1719 983 1753 provinciae
1007 1719 1139 1749 mandat,
1160 1726 1233 1751 quae
1251 1726 1296 1744 su-

286 1780 347 1805 pra,
363 1771 391 1796 in
408 1771 532 1804 epistola
545 1769 599 1796 sub
611 1777 732 1795 numero
747 1768 818 1794 5420
832 1770 942 1793 notata.
961 1782 991 1784 —
1005 1767 1091 1798 (REO.
1106 1766 1151 1797 20,
1169 1768 1189 1792 f.
1204 1766 1238 1792 49
1248 1772 1296 1797 νος

285 1828 354 1846 anu.
376 1819 458 1848 XIV,
475 1817 510 1853 [e.
525 1816 605 1852 276];
624 1832 654 1835 —
670 1817 803 1843 MOREAU
821 1816 898 1847 1193,
920 1817 940 1842 t'.
959 1815 1026 1845 134,
1045 1815 1123 1841 ibid..
1145 1816 1165 1840 t'.
1183 1814 1245 1846 130,
1262 1822 1297 1840 ex

289 1868 465 1896 HMNALnoz
484 1881 514 1884 —
534 1867 691 1893 POTTHAST
708 1865 811 1895 109472
832 1879 863 1882 —
883 1865 1066 1891 RODENBERG
1089 1863 1151 1894 785,
1174 1864 1195 1895 Ι,
1215 1863 1241 1893 1,
1263 1871 1297 1889 ex

289 1916 464 1946 mmmmm
484 1930 514 1932 —
532 1915 569 1940 ef.
586 1915 611 1941 J.
628 1915 812 1943 BERNOULLI,
828 1914 893 1938 Acca
908 1913 1069 1943 Pontificum
1081 1912 1224 1943 Helvetico,
1241 1914 1261 1937 t.
1275 1912 1296 1943 Ι,

290 1972 316 1997 p.
333 1964 393 1991 147.
410 1967 437 1988 11⁰
451 1962 543 1993 216³.)

331 2098 343 2111 (t
365 2108 383 2113 ..
402 2085 625 2121 archiepiscopo
639 2084 815 2112 Senonensi.
836 2082 926 2112 Petri
941 2081 1105 2116 navicula,
1119 2082 1235 2110 matris
1248 2099 1297 2110 —.

290 2138 477 2176 Apostolice
494 2137 666 2175 dignitatis
686 2136 865 2165 auctoritas
884 2153 930 2170 —,
950 2140 984 2164 ut
999 2135 1148 2165 omnium
1166 2144 1299 2172 genera-

290 2191 332 2220 lis
347 2196 378 2220 et
394 2199 460 2219 una
480 2194 585 2219 mater
603 2189 742 2218 utilitati
759 2188 929 2226 provideat
943 2188 1162 2225 singulorum,
1181 2197 1299 2217 manus

290 2243 438 2277 fortium,
450 2251 564 2279 regum
574 2241 739 2272 videlicet,
758 2241 969 2279 prelatorum,
982 2241 1169 2278 principum
1180 2245 1210 2270 et
1222 2240 1300 2270 alio-

292 2306 364 2326 rum
383 2296 531 2325 fidelium
547 2304 611 2324 non
629 2295 766 2332 indigne
786 2294 944 2323 advocare
964 2294 1120 2326 decrevit,
1142 2298 1175 2322 ut
1193 2293 1302 2323 multi-

292 2349 422 2387 plicatis
439 2348 640 2377 clamoribus
658 2348 836 2376 Dominum
857 2347 995 2376 suscitet
1009 2346 1239 2380 dormientem,
1258 2351 1299 2381 et,

294 2401 438 2439 plurium
467 2401 579 2439 adjuta
600 2399 763 2433 consiliis,
791 2399 976 2437 prementia
1001 2399 1100 2428 saciat
1127 2408 1228 2428 onera
1255 2398 1302 2428 10-

294 2454 394 2488 viora,
427 2453 646 2490 expeditionis
675 2456 782 2490 optate
814 2456 942 2489 portum
973 2451 1116 2481 feliciter
1146 2451 1300 2489 petitura.

293 2508 427 2537 Verum.
453 2507 538 2535 sicut
561 2515 617 2544 pro
641 2510 729 2535 certo
754 2505 944 2538 didicimus,
969 2504 1149 2541 singularis
1168 2503 1223 2533 ille
1243 2503 1303 2533 du-

295 2560 372 2589 dum
396 2559 541 2588 Ecclesie
564 2558 664 2587 filius.
689 2557 868 2596 apostolico
894 2561 1067 2595 provectus
1093 2561 1123 2586 et
1146 2557 1303 2586 defensus

331 2712 350 2733 1.
373 2711 408 2733 Le
426 2715 481 2733 mot
497 2711 641 2736 Secunda,
659 2709 727 2732 ecrit
745 2716 778 2732 en
796 2716 880 2739 rouge
897 2715 1002 2731 comme
1019 2709 1042 2731 le
1059 2709 1123 2731 titre
1140 2708 1207 2731 dont
1223 2709 1240 2731 il
1258 2709 1305 2732 fait

299 2754 398 2784 partie.
417 2753 517 2776 resulte
534 2753 614 2776 d‘une
631 2753 802 2780 correction;
819 2752 1117 2781 vraisemblabtement,
1139 2752 1162 2774 le
1182 2752 1305 2775 rubrica-

299 2802 358 2820 teur
379 2797 414 2820 du
435 2799 558 2826 Reyislr'e
580 2797 653 2819 avait
673 2796 800 2825 tl'abord,
822 2803 870 2826 par
892 2795 1100 2823 inadvertance,
1118 2796 1185 2819 ecrit
1200 2798 1305 2820 Prima.

299 2854 326 2857 —
344 2841 381 2864 Oe
398 2841 460 2863 titre
476 2840 585 2870 general
601 2844 641 2863 est
659 2840 724 2863 ecrit
742 2840 810 2863 dans
827 2841 851 2862 la
867 2840 949 2870 ligne,
966 2846 1021 2862 non
1038 2846 1070 2862 en
1088 2847 1188 2869 marge.

330 2892 352 2914 2.
370 2891 409 2914 En
428 2891 567 2920 rubrique,
586 2891 653 2913 dans
670 2891 694 2913 la
711 2897 811 2920 marge.

333 2944 356 2965 3.
373 2942 493 2971 Analyse
511 2941 564 2964 tres
581 2942 727 2964 sommaire
744 2941 792 2964 des
808 2942 930 2969 capitula
949 2940 1077 2971 [wo-⁶237]
1100 2941 1136 2970 (n.
1154 2941 1310 2970 5035-5885).

1380 1236 1575 1260 Pnovmcm
1597 1226 1607 1242 ²

1376 1403 1511 1437 auxilio,
1530 1403 1568 1432 de
1586 1412 1686 1440 puero
1704 1408 1780 1432 tunc
1796 1402 1886 1431 omni
1903 1402 2060 1432 destituto
2083 1402 2242 1439 suffragio
2260 1402 2300 1431 ad
2319 1404 2385 1432 Im-

1376 1457 1460 1495 perii
1476 1456 1607 1486 culmen
1624 1456 1763 1485 humero
1782 1460 1931 1485 materno
1951 1454 2142 1484 translatus.
2168 1464 2205 1484 ea
2226 1464 2290 1485 non
2308 1464 2386 1485 con-

1377 1514 1487 1539 tentus
1504 1509 1639 1547 injuria,
1659 1518 1734 1547 qua.
1755 1508 1904 1538 mercede
1918 1516 2171 1546 recompensans
2188 1508 2316 1546 iniqua,
2334 1517 2386 1546 pa-

1378 1563 1437 1592 tris
1461 1562 1617 1600 irrumpit
1640 1561 1774 1597 solium,
1798 1561 1914 1591 matris
1936 1570 2097 1599 exponere
2119 1561 2339 1600 pudici[ti]am
2356 1566 2387 1591 et

1378 1615 1548 1645 venditare
1564 1616 1572 1635 ¹
1604 1614 1832 1644 sanctuarium
1869 1613 2044 1643 indevotus
2080 1613 2234 1645 intentat.
2269 1613 2388 1643 astutis

1379 1667 1485 1697 adhuc
1502 1667 1536 1696 in
1552 1667 1659 1705 ipsam
1677 1671 1824 1696 armatur
1840 1666 1987 1699 insidiis,
2006 1665 2142 1703 prelatis
2158 1666 2283 1695 vocatis
2300 1675 2317 1695 a
2335 1675 2387 1695 no-

1378 1721 1429 1749 bis
1458 1729 1627 1750 accessum
1652 1719 1721 1749 suis
1746 1719 1927 1749 terroribus
1950 1718 2166 1753 interdicens,
2189 1723 2233 1753 ut,
2263 1718 2388 1748 nullius

1380 1781 1495 1811 expers
1512 1772 1691 1806 calumnie,
1710 1771 1813 1806 illam,
1833 1780 1932 1809 quarn
1947 1771 2104 1808 gravibus
2120 1771 2257 1801 infestat
2273 1771 2391 1801 moles-

1381 1826 1446 1862 tiis,
1473 1835 1533 1856 nec
1562 1826 1596 1854 in
1622 1825 1767 1854 filiorum
1796 1825 1941 1862 patiatur
1960 1823 2083 1854 solacio
2108 1824 2284 1862 respirare.
2308 1823 2391 1853 Cum

1379 1879 1482 1917 igitur
1499 1883 1565 1908 tam
1579 1883 1730 1908 sanctum
1743 1877 1909 1915 generalis
1926 1877 2082 1906 utilitatis
2100 1877 2316 1915 propositum,
2330 1877 2391 1906 sub

1380 1932 1502 1962 fiducia
1518 1932 1625 1961 divini
1642 1931 1766 1961 favoris
1783 1935 2003 1968 assumptum,
2021 1930 2177 1960 humanis
2195 1939 2259 1960 non
2275 1930 2390 1960 debeat

1381 1985 1539 2014 versutiis
1556 1984 1728 2017 retardari,
1748 1983 1991 2013 fraternitatem
2009 1987 2097 2012 tuam
2115 1992 2269 2020 rogamus
2283 1987 2313 2013 et
2327 1991 2391 2011 mo-

1382 2047 1499 2068 nemus
1516 2036 1678 2076 at[tente]‚
1703 2045 1759 2074 per
1779 2035 1959 2073 apostolica
1987 2035 2045 2064 tibi
2069 2035 2191 2073 scripta
2213 2035 2247 2064 in
2271 2035 2391 2065 virtute

1381 2090 1569 2120 obedientie
1591 2089 1740 2119 districte
1762 2088 1975 2127 precipiendo
1999 2088 2195 2127 mandantes
2214 2093 2389 2127 quatenus.

1382 2144 1487 2173 Deum
1512 2143 1684 2181 preferens
1711 2142 1838 2171 homini
1866 2146 1895 2171 et
1924 2141 2175 2171 difficultatibus
2204 2141 2392 2171 obedientie

1382 2196 1538 2226 meritum
1567 2200 1783 2233 anteponens,
1812 2204 1917 2233 usque
1941 2195 1981 2224 ad
2004 2195 2190 2233 proximum
2217 2199 2391 2224 venturum

1382 2249 1504 2278 festum
1517 2248 1786 2278 Resurrectionis
1799 2248 1972 2277 Dominice
1985 2247 2024 2276 ad
2039 2247 2157 2277 Sedem
2170 2247 2391 2285 Apostolieam

1383 2302 1538 2331 accedere
1556 2300 1776 2339 personaliter
1802 2309 1867 2330 non
1889 2301 2034 2335 omittas,
2057 2304 2093 2329 ut
2115 2304 2228 2334 mater,
2249 2299 2392 2329 filiorum

1384 2354 1536 2384 roborata
1566 2354 1752 2391 presentia,
1788 2353 1895 2383 hostis
1924 2358 1955 2383 et
1985 2352 2192 2382 adversantis
2225 2351 2394 2381 obstaculo

1384 2406 1592 2445 providentia
1608 2406 1721 2436 divina
1742 2406 1883 2441 sublato,
1902 2406 1954 2444 pie
1977 2405 2174 2435 intentionis
2194 2405 2327 2435 exordia
2347 2405 2395 2435 fe-

1383 2459 1440 2488 lici
1457 2458 1769 2498 consum[m]atione
1786 2458 1969 2488 concludat.
1989 2459 2056 2488 Nos
2074 2458 2163 2488 enim
2179 2467 2278 2495 super
2293 2458 2396 2487 omni-

1384 2512 1446 2541 bus
1470 2520 1532 2550 que
1552 2512 1592 2540 ad
1613 2516 1740 2541 tantum
1762 2511 1931 2549 negotium
1954 2511 2182 2549 exequendum
2206 2511 2392 2548 expediunt.

1386 2570 1553 2594 annuente
1566 2565 1720 2599 Domino,
1734 2564 1926 2594 curabimus
1939 2564 2122 2602 providere,
2135 2568 2230 2601 prout
2243 2563 2301 2593 tibi
2314 2563 2397 2592 lator

1387 2617 1591 2654 presentium
1622 2617 1753 2655 plenius
1786 2617 1968 2646 intimabit.
2002 2617 2157 2646 Preterea
2186 2616 2338 2645 volumus
2367 2621 2397 2645 01

1388 2669 1583 2699 mandamus
1600 2674 1635 2699 ut
1653 2670 1874 2707 suffraganeis
1893 2670 1957 2699 tuis
1975 2673 2005 2699 et
2023 2678 2136 2699 eorum
2155 2668 2321 2706 capitulis,
2341 2668 2398 2698 ab·

1388 2722 1520 2751 batibus
1542 2723 1628 2761 [etc.„
1654 2727 1690 2752 ut
1714 2726 1828 2760 supra,
1854 2722 1889 2751 in
1911 2721 2050 2760 epistola
2074 2721 2134 2751 sub
2159 2730 2296 2751 numero
2323 2721 2398 2750 5420

1389 2779 1511 2804 notata.
1531 2784 1635 2814 usque
1654 2777 1675 2812 t]
1698 2784 1762 2805 non
1784 2779 1992 2813 postponant.
2011 2775 2082 2804 Dat.
2104 2774 2270 2809 Laterani,
2288 2773 2398 2802 idibus

1389 2827 1543 2863 octobris,
1564 2836 1650 2857 anno
1668 2827 1927 2866 quartodecimo.
1947 2839 1960 2853 ¹>

1423 2945 1444 2969 1.
1461 2948 1508 2969 us.
1527 2955 1532 2969 :
1551 2946 1706 2969 vendicare.
