<?xml version="1.0" encoding="UTF-8"?>
<!DOCTYPE html PUBLIC "-//W3C//DTD XHTML 1.0 Transitional//EN"
    "http://www.w3.org/TR/xhtml1/DTD/xhtml1-transitional.dtd">
<html xmlns="http://www.w3.org/1999/xhtml" xml:lang="en" lang="en">
 <head>
  <title>
</title>
<meta http-equiv="Content-Type" content="text/html;charset=utf-8" />
  <meta name='ocr-system' content='tesseract 3.04.00' />
  <meta name='ocr-capabilities' content='ocr_page ocr_carea ocr_par ocr_line ocrx_word'/>
</head>
<body>
  <div class='ocr_page' id='page_1' title='image "./lesregistresdegr03cathuoft_0247.png"; bbox 0 0 2553 3526; ppageno 0'>
   <div class='ocr_carea' id='block_1_1' title="bbox 178 278 2279 329">
    <p class='ocr_par' dir='ltr' id='par_1_1' title="bbox 178 278 2279 329">
     <span class='ocr_line' id='line_1_1' title="bbox 178 278 2279 329; baseline -0.014 5"><span class='ocrx_word' id='word_1_1' title='bbox 178 278 237 319; x_wconf 68' lang='lat'>‘¹⁷3</span> <span class='ocrx_word' id='word_1_2' title='bbox 1017 281 1260 325; x_wconf 82' lang='lat' dir='ltr'>QUINZIEME</span> <span class='ocrx_word' id='word_1_3' title='bbox 1284 282 1443 319; x_wconf 73' lang='lat' dir='ltr'>ANNEE.</span> <span class='ocrx_word' id='word_1_4' title='bbox 2223 301 2279 329; x_wconf 63' lang='lat'>474</span> 
     </span>
    </p>
   </div>
   <div class='ocr_carea' id='block_1_2' title="bbox 251 355 1116 389">
    <p class='ocr_par' dir='ltr' id='par_1_2' title="bbox 251 355 1116 389">
     <span class='ocr_line' id='line_1_2' title="bbox 251 355 1116 389; baseline 0.001 -8"><span class='ocrx_word' id='word_1_5' title='bbox 251 355 366 383; x_wconf 70' lang='lat'>5981</span> <span class='ocrx_word' id='word_1_6' title='bbox 765 355 884 389; x_wconf 85' lang='lat' dir='ltr'>Latran,</span> <span class='ocrx_word' id='word_1_7' title='bbox 899 356 932 383; x_wconf 87' lang='lat'>18</span> <span class='ocrx_word' id='word_1_8' title='bbox 945 356 1022 383; x_wconf 84' lang='lat' dir='ltr'>avril</span> <span class='ocrx_word' id='word_1_9' title='bbox 1037 356 1116 382; x_wconf 77' lang='lat'>1241.</span> 
     </span>
    </p>
   </div>
   <div class='ocr_carea' id='block_1_3' title="bbox 174 416 1188 934">
    <p class='ocr_par' dir='ltr' id='par_1_3' title="bbox 174 416 1188 934">
     <span class='ocr_line' id='line_1_3' title="bbox 215 416 1188 451; baseline 0 -7"><span class='ocrx_word' id='word_1_10' title='bbox 215 416 359 451; x_wconf 83' lang='lat' dir='ltr'>Episcopo</span> <span class='ocrx_word' id='word_1_11' title='bbox 375 416 570 444; x_wconf 90' lang='lat' dir='ltr'>Coventrensi</span> <span class='ocrx_word' id='word_1_12' title='bbox 588 419 616 444; x_wconf 90' lang='lat' dir='ltr'>et</span> <span class='ocrx_word' id='word_1_13' title='bbox 633 417 865 449; x_wconf 85' lang='lat' dir='ltr'>Lichefeldensi,</span> <span class='ocrx_word' id='word_1_14' title='bbox 888 426 940 444; x_wconf 90' lang='lat' dir='ltr'>nec</span> <span class='ocrx_word' id='word_1_15' title='bbox 961 427 1017 445; x_wconf 91' lang='lat' dir='ltr'>non</span> <span class='ocrx_word' id='word_1_16' title='bbox 1035 419 1188 445; x_wconf 85' lang='lat' dir='ltr'>thesaura-</span> 
     </span>
     <span class='ocr_line' id='line_1_4' title="bbox 178 464 1188 500; baseline 0.001 -8"><span class='ocrx_word' id='word_1_17' title='bbox 178 465 222 492; x_wconf 89' lang='lat' dir='ltr'>rio</span> <span class='ocrx_word' id='word_1_18' title='bbox 237 468 266 492; x_wconf 90' lang='lat' dir='ltr'>et</span> <span class='ocrx_word' id='word_1_19' title='bbox 282 465 464 499; x_wconf 79' lang='lat' dir='ltr'>praecentori</span> <span class='ocrx_word' id='word_1_20' title='bbox 482 464 759 492; x_wconf 84' lang='lat' dir='ltr'>Lichefeldensibus</span> <span class='ocrx_word' id='word_1_21' title='bbox 777 466 898 493; x_wconf 83' lang='lat' dir='ltr'>mandat</span> <span class='ocrx_word' id='word_1_22' title='bbox 920 469 1065 500; x_wconf 86' lang='lat' dir='ltr'>quatenus</span> <span class='ocrx_word' id='word_1_23' title='bbox 1083 475 1188 500; x_wconf 83' lang='lat' dir='ltr'>procu—-</span> 
     </span>
     <span class='ocr_line' id='line_1_5' title="bbox 179 512 1185 549; baseline 0 -8"><span class='ocrx_word' id='word_1_24' title='bbox 179 514 268 541; x_wconf 85' lang='lat' dir='ltr'>ratori</span> <span class='ocrx_word' id='word_1_25' title='bbox 285 512 441 548; x_wconf 82' lang='lat' dir='ltr'>R[oberti]‚</span> <span class='ocrx_word' id='word_1_26' title='bbox 455 514 558 540; x_wconf 84' lang='lat' dir='ltr'>Sancti</span> <span class='ocrx_word' id='word_1_27' title='bbox 571 514 725 541; x_wconf 82' lang='lat' dir='ltr'>Eustachii</span> <span class='ocrx_word' id='word_1_28' title='bbox 740 514 856 541; x_wconf 87' lang='lat' dir='ltr'>diaconi</span> <span class='ocrx_word' id='word_1_29' title='bbox 871 515 1042 547; x_wconf 86' lang='lat' dir='ltr'>cardinalis,</span> <span class='ocrx_word' id='word_1_30' title='bbox 1056 530 1087 533; x_wconf 86' lang='lat'><strong>—</strong></span> <span class='ocrx_word' id='word_1_31' title='bbox 1100 523 1185 549; x_wconf 86' lang='lat' dir='ltr'>quem</span> 
     </span>
     <span class='ocr_line' id='line_1_6' title="bbox 175 561 1187 597; baseline 0.001 -9"><span class='ocrx_word' id='word_1_32' title='bbox 175 561 360 589; x_wconf 77' lang='lat' dir='ltr'>cardinalem</span> <span class='ocrx_word' id='word_1_33' title='bbox 383 562 520 589; x_wconf 88' lang='lat' dir='ltr'>nonnulli</span> <span class='ocrx_word' id='word_1_34' title='bbox 539 571 626 597; x_wconf 86' lang='lat' dir='ltr'>super</span> <span class='ocrx_word' id='word_1_35' title='bbox 648 562 732 589; x_wconf 85' lang='lat' dir='ltr'>bonis</span> <span class='ocrx_word' id='word_1_36' title='bbox 752 563 961 590; x_wconf 81' lang='lat' dir='ltr'>ecelesiasticis</span> <span class='ocrx_word' id='word_1_37' title='bbox 979 566 1007 589; x_wconf 87' lang='lat' dir='ltr'>et</span> <span class='ocrx_word' id='word_1_38' title='bbox 1028 563 1187 589; x_wconf 84' lang='lat' dir='ltr'>mundanis</span> 
     </span>
     <span class='ocr_line' id='line_1_7' title="bbox 177 609 1187 644; baseline 0 -8"><span class='ocrx_word' id='word_1_39' title='bbox 177 618 252 644; x_wconf 82' lang='lat' dir='ltr'>quae</span> <span class='ocrx_word' id='word_1_40' title='bbox 268 609 395 637; x_wconf 89' lang='lat' dir='ltr'>habebat</span> <span class='ocrx_word' id='word_1_41' title='bbox 410 609 441 636; x_wconf 90' lang='lat' dir='ltr'>in</span> <span class='ocrx_word' id='word_1_42' title='bbox 455 610 575 643; x_wconf 83' lang='lat' dir='ltr'>Anglia,</span> <span class='ocrx_word' id='word_1_43' title='bbox 591 610 799 643; x_wconf 81' lang='lat' dir='ltr'>molestabant,</span> <span class='ocrx_word' id='word_1_44' title='bbox 822 625 853 628; x_wconf 97' lang='lat'><strong>—</strong></span> <span class='ocrx_word' id='word_1_45' title='bbox 877 609 1092 642; x_wconf 72' lang='lat' dir='ltr'>favorabiliter,</span> <span class='ocrx_word' id='word_1_46' title='bbox 1116 618 1187 644; x_wconf 86' lang='lat' dir='ltr'>quo-</span> 
     </span>
     <span class='ocr_line' id='line_1_8' title="bbox 177 658 1186 693; baseline 0 -8"><span class='ocrx_word' id='word_1_47' title='bbox 177 659 255 686; x_wconf 81' lang='lat' dir='ltr'>tiens</span> <span class='ocrx_word' id='word_1_48' title='bbox 280 658 318 685; x_wconf 94' lang='lat' dir='ltr'>ab</span> <span class='ocrx_word' id='word_1_49' title='bbox 343 659 443 685; x_wconf 88' lang='lat' dir='ltr'>eodem</span> <span class='ocrx_word' id='word_1_50' title='bbox 475 662 661 693; x_wconf 79' lang='lat' dir='ltr'>procuratore</span> <span class='ocrx_word' id='word_1_51' title='bbox 683 659 795 685; x_wconf 86' lang='lat' dir='ltr'>fuerint</span> <span class='ocrx_word' id='word_1_52' title='bbox 819 659 966 693; x_wconf 83' lang='lat' dir='ltr'>requisiti,</span> <span class='ocrx_word' id='word_1_53' title='bbox 987 659 1139 690; x_wconf 82' lang='lat' dir='ltr'>assistant,</span> <span class='ocrx_word' id='word_1_54' title='bbox 1158 661 1186 685; x_wconf 87' lang='lat' dir='ltr'>et</span> 
     </span>
     <span class='ocr_line' id='line_1_9' title="bbox 175 706 1184 741; baseline -0.001 -7"><span class='ocrx_word' id='word_1_55' title='bbox 175 706 324 741; x_wconf 85' lang='lat' dir='ltr'>quoslibet</span> <span class='ocrx_word' id='word_1_56' title='bbox 339 707 530 740; x_wconf 82' lang='lat' dir='ltr'>injuriatores</span> <span class='ocrx_word' id='word_1_57' title='bbox 553 710 581 734; x_wconf 86' lang='lat' dir='ltr'>et</span> <span class='ocrx_word' id='word_1_58' title='bbox 602 708 803 734; x_wconf 81' lang='lat' dir='ltr'>molestatores</span> <span class='ocrx_word' id='word_1_59' title='bbox 824 707 954 740; x_wconf 86' lang='lat' dir='ltr'>ejusdem</span> <span class='ocrx_word' id='word_1_60' title='bbox 977 707 1139 734; x_wconf 88' lang='lat' dir='ltr'>cardinalis</span> <span class='ocrx_word' id='word_1_61' title='bbox 1156 707 1184 733; x_wconf 95' lang='lat' dir='ltr'>in</span> 
     </span>
     <span class='ocr_line' id='line_1_10' title="bbox 175 755 1186 790; baseline 0 -8"><span class='ocrx_word' id='word_1_62' title='bbox 175 763 265 790; x_wconf 82' lang='lat' dir='ltr'>regno</span> <span class='ocrx_word' id='word_1_63' title='bbox 293 755 420 789; x_wconf 82' lang='lat' dir='ltr'>Angliae</span> <span class='ocrx_word' id='word_1_64' title='bbox 443 756 618 783; x_wconf 90' lang='lat' dir='ltr'>constitutos</span> <span class='ocrx_word' id='word_1_65' title='bbox 641 756 823 790; x_wconf 85' lang='lat' dir='ltr'>compellant</span> <span class='ocrx_word' id='word_1_66' title='bbox 845 758 877 782; x_wconf 83' lang='lat' dir='ltr'>ut</span> <span class='ocrx_word' id='word_1_67' title='bbox 900 755 936 782; x_wconf 88' lang='lat' dir='ltr'>ab</span> <span class='ocrx_word' id='word_1_68' title='bbox 962 756 1025 789; x_wconf 91' lang='lat' dir='ltr'>ejus</span> <span class='ocrx_word' id='word_1_69' title='bbox 1051 756 1186 782; x_wconf 86' lang='lat' dir='ltr'>molestia</span> 
     </span>
     <span class='ocr_line' id='line_1_11' title="bbox 174 804 1183 839; baseline 0 -8"><span class='ocrx_word' id='word_1_70' title='bbox 174 804 387 838; x_wconf 79' lang='lat' dir='ltr'>conquiescant</span> <span class='ocrx_word' id='word_1_71' title='bbox 411 807 440 831; x_wconf 88' lang='lat' dir='ltr'>et</span> <span class='ocrx_word' id='word_1_72' title='bbox 462 804 557 831; x_wconf 89' lang='lat' dir='ltr'>eidem</span> <span class='ocrx_word' id='word_1_73' title='bbox 587 804 767 839; x_wconf 82' lang='lat' dir='ltr'>procuratori</span> <span class='ocrx_word' id='word_1_74' title='bbox 793 804 924 831; x_wconf 81' lang='lat' dir='ltr'>debitam</span> <span class='ocrx_word' id='word_1_75' title='bbox 949 804 1183 831; x_wconf 74' lang='lat' dir='ltr'>satisfactionem</span> 
     </span>
     <span class='ocr_line' id='line_1_12' title="bbox 174 853 1183 888; baseline -0.001 -8"><span class='ocrx_word' id='word_1_76' title='bbox 174 853 369 887; x_wconf 87' lang='lat' dir='ltr'>impendant;</span> <span class='ocrx_word' id='word_1_77' title='bbox 392 853 597 887; x_wconf 87' lang='lat' dir='ltr'>praesentibus</span> <span class='ocrx_word' id='word_1_78' title='bbox 613 856 677 888; x_wconf 89' lang='lat' dir='ltr'>post</span> <span class='ocrx_word' id='word_1_79' title='bbox 699 853 938 887; x_wconf 87' lang='lat' dir='ltr'>quinquennium</span> <span class='ocrx_word' id='word_1_80' title='bbox 961 861 1016 879; x_wconf 91' lang='lat' dir='ltr'>non</span> <span class='ocrx_word' id='word_1_81' title='bbox 1034 853 1183 880; x_wconf 87' lang='lat' dir='ltr'>valituris.</span> 
     </span>
     <span class='ocr_line' id='line_1_13' title="bbox 177 901 850 934; baseline -0.001 -5"><span class='ocrx_word' id='word_1_82' title='bbox 177 917 208 920; x_wconf 97' lang='lat'><strong>—</strong></span> <span class='ocrx_word' id='word_1_83' title='bbox 223 902 310 934; x_wconf 75' lang='lat' dir='ltr'>(Rsc.</span> <span class='ocrx_word' id='word_1_84' title='bbox 331 902 375 934; x_wconf 81' lang='lat'>20,</span> <span class='ocrx_word' id='word_1_85' title='bbox 397 903 418 928; x_wconf 86' lang='lat' dir='ltr'>f.</span> <span class='ocrx_word' id='word_1_86' title='bbox 439 901 473 928; x_wconf 86' lang='grc'>68</span> <span class='ocrx_word' id='word_1_87' title='bbox 494 905 541 934; x_wconf 81' lang='lat' dir='ltr'>v⁰;</span> <span class='ocrx_word' id='word_1_88' title='bbox 565 910 635 929; x_wconf 89' lang='lat' dir='ltr'>ann.</span> <span class='ocrx_word' id='word_1_89' title='bbox 658 902 726 934; x_wconf 85' lang='lat' dir='ltr'>XV,</span> <span class='ocrx_word' id='word_1_90' title='bbox 748 911 772 929; x_wconf 86' lang='lat' dir='ltr'>c.</span> <span class='ocrx_word' id='word_1_91' title='bbox 794 902 850 933; x_wconf 75' lang='lat'>29.)</span> 
     </span>
    </p>
   </div>
   <div class='ocr_carea' id='block_1_4' title="bbox 171 1004 1185 1192">
    <p class='ocr_par' dir='ltr' id='par_1_4' title="bbox 171 1004 1185 1192">
     <span class='ocr_line' id='line_1_14' title="bbox 215 1004 1185 1041; baseline 0.001 -9"><span class='ocrx_word' id='word_1_92' title='bbox 215 1015 228 1030; x_wconf 94' lang='lat'>«</span> <span class='ocrx_word' id='word_1_93' title='bbox 252 1025 272 1032; x_wconf 89' lang='lat'>..</span> <span class='ocrx_word' id='word_1_94' title='bbox 291 1004 487 1033; x_wconf 78' lang='lat' dir='ltr'>Covenlrensi</span> <span class='ocrx_word' id='word_1_95' title='bbox 500 1008 527 1032; x_wconf 85' lang='lat' dir='ltr'>et</span> <span class='ocrx_word' id='word_1_96' title='bbox 543 1004 776 1039; x_wconf 72' lang='lat' dir='ltr'>Licliefeltlensi¹</span> <span class='ocrx_word' id='word_1_97' title='bbox 794 1005 938 1041; x_wconf 75' lang='lat' dir='ltr'>episcopo,</span> <span class='ocrx_word' id='word_1_98' title='bbox 954 1027 975 1032; x_wconf 88' lang='lat'>..</span> <span class='ocrx_word' id='word_1_99' title='bbox 992 1005 1185 1033; x_wconf 74' lang='lat' dir='ltr'>thesaurario</span> 
     </span>
     <span class='ocr_line' id='line_1_15' title="bbox 171 1055 1182 1094; baseline 0 -9"><span class='ocrx_word' id='word_1_100' title='bbox 171 1061 200 1086; x_wconf 79' lang='lat' dir='ltr'>et</span> <span class='ocrx_word' id='word_1_101' title='bbox 215 1078 237 1084; x_wconf 94' lang='lat'>..</span> <span class='ocrx_word' id='word_1_102' title='bbox 252 1057 422 1094; x_wconf 75' lang='lat' dir='ltr'>precentori</span> <span class='ocrx_word' id='word_1_103' title='bbox 437 1057 721 1092; x_wconf 79' lang='lat' dir='ltr'>Lichefeldensibus.</span> <span class='ocrx_word' id='word_1_104' title='bbox 739 1055 887 1086; x_wconf 79' lang='lat' dir='ltr'>Dilectus</span> <span class='ocrx_word' id='word_1_105' title='bbox 904 1056 994 1085; x_wconf 82' lang='lat' dir='ltr'>filius</span> <span class='ocrx_word' id='word_1_106' title='bbox 1009 1061 1121 1086; x_wconf 84' lang='lat' dir='ltr'>noster</span> <span class='ocrx_word' id='word_1_107' title='bbox 1133 1075 1182 1085; x_wconf 93' lang='lat'>—.</span> 
     </span>
     <span class='ocr_line' id='line_1_16' title="bbox 172 1109 1184 1148; baseline -0.001 -9"><span class='ocrx_word' id='word_1_108' title='bbox 172 1109 247 1139; x_wconf 87' lang='lat' dir='ltr'>Dat.</span> <span class='ocrx_word' id='word_1_109' title='bbox 273 1109 439 1145; x_wconf 79' lang='lat' dir='ltr'>Laterani,</span> <span class='ocrx_word' id='word_1_110' title='bbox 468 1109 569 1139; x_wconf 85' lang='lat' dir='ltr'>XIIII</span> <span class='ocrx_word' id='word_1_111' title='bbox 592 1109 751 1139; x_wconf 82' lang='lat' dir='ltr'>kalendas</span> <span class='ocrx_word' id='word_1_112' title='bbox 777 1109 868 1144; x_wconf 81' lang='lat' dir='ltr'>maii,</span> <span class='ocrx_word' id='word_1_113' title='bbox 897 1118 983 1138; x_wconf 88' lang='lat' dir='ltr'>anno</span> <span class='ocrx_word' id='word_1_114' title='bbox 1008 1109 1184 1148; x_wconf 80' lang='lat' dir='ltr'>quintode-</span> 
     </span>
     <span class='ocr_line' id='line_1_17' title="bbox 171 1170 305 1192; baseline -0.03 0"><span class='ocrx_word' id='word_1_115' title='bbox 171 1170 269 1192; x_wconf 80' lang='lat' dir='ltr'>clmO.</span> <span class='ocrx_word' id='word_1_116' title='bbox 292 1173 305 1188; x_wconf 73' lang='lat' dir='ltr'>n</span> 
     </span>
    </p>
   </div>
   <div class='ocr_carea' id='block_1_5' title="bbox 241 1328 359 1357">
    <p class='ocr_par' dir='ltr' id='par_1_5' title="bbox 241 1328 359 1357">
     <span class='ocr_line' id='line_1_18' title="bbox 241 1328 359 1357; baseline 0 -1"><span class='ocrx_word' id='word_1_117' title='bbox 241 1328 359 1357; x_wconf 68' lang='lat'>5982</span> 
     </span>
    </p>
   </div>
   <div class='ocr_carea' id='block_1_6' title="bbox 168 1390 1182 1669">
    <p class='ocr_par' dir='ltr' id='par_1_6' title="bbox 168 1390 1182 1669">
     <span class='ocr_line' id='line_1_19' title="bbox 205 1390 1182 1425; baseline -0.001 -7"><span class='ocrx_word' id='word_1_118' title='bbox 205 1391 326 1418; x_wconf 86' lang='lat' dir='ltr'>Eisdem</span> <span class='ocrx_word' id='word_1_119' title='bbox 343 1391 466 1418; x_wconf 90' lang='lat' dir='ltr'>mandat</span> <span class='ocrx_word' id='word_1_120' title='bbox 481 1393 626 1425; x_wconf 87' lang='lat' dir='ltr'>quatenus</span> <span class='ocrx_word' id='word_1_121' title='bbox 641 1390 778 1418; x_wconf 85' lang='lat' dir='ltr'>abbatem</span> <span class='ocrx_word' id='word_1_122' title='bbox 794 1394 822 1418; x_wconf 88' lang='lat' dir='ltr'>et</span> <span class='ocrx_word' id='word_1_123' title='bbox 836 1394 1015 1418; x_wconf 83' lang='lat' dir='ltr'>conventum</span> <span class='ocrx_word' id='word_1_124' title='bbox 1033 1391 1068 1417; x_wconf 82' lang='lat' dir='ltr'>de</span> <span class='ocrx_word' id='word_1_125' title='bbox 1085 1391 1182 1418; x_wconf 76' lang='lat' dir='ltr'>Croil-</span> 
     </span>
     <span class='ocr_line' id='line_1_20' title="bbox 170 1439 1182 1474; baseline -0.001 -7"><span class='ocrx_word' id='word_1_126' title='bbox 170 1439 273 1467; x_wconf 81' lang='lat' dir='ltr'>landia</span> <span class='ocrx_word' id='word_1_127' title='bbox 290 1441 335 1472; x_wconf 88' lang='lat'>(=</span> <span class='ocrx_word' id='word_1_128' title='bbox 351 1439 524 1474; x_wconf 80' lang='lat' dir='ltr'>croyland),</span> <span class='ocrx_word' id='word_1_129' title='bbox 547 1440 767 1467; x_wconf 82' lang='lat' dir='ltr'>Lincolniensis</span> <span class='ocrx_word' id='word_1_130' title='bbox 788 1440 940 1473; x_wconf 85' lang='lat' dir='ltr'>dioecesis,</span> <span class='ocrx_word' id='word_1_131' title='bbox 962 1455 996 1458; x_wconf 82' lang='lat'><strong>—</strong></span> <span class='ocrx_word' id='word_1_132' title='bbox 1016 1441 1040 1467; x_wconf 90' lang='lat' dir='ltr'>si</span> <span class='ocrx_word' id='word_1_133' title='bbox 1058 1449 1114 1467; x_wconf 89' lang='lat' dir='ltr'>non</span> <span class='ocrx_word' id='word_1_134' title='bbox 1132 1449 1182 1474; x_wconf 82' lang='lat' dir='ltr'>po-</span> 
     </span>
     <span class='ocr_line' id='line_1_21' title="bbox 169 1488 1182 1522; baseline 0 -7"><span class='ocrx_word' id='word_1_135' title='bbox 169 1488 283 1516; x_wconf 88' lang='lat' dir='ltr'>tuerint</span> <span class='ocrx_word' id='word_1_136' title='bbox 304 1488 407 1515; x_wconf 89' lang='lat' dir='ltr'>induci</span> <span class='ocrx_word' id='word_1_137' title='bbox 432 1489 469 1516; x_wconf 88' lang='lat' dir='ltr'>ad</span> <span class='ocrx_word' id='word_1_138' title='bbox 492 1489 709 1516; x_wconf 89' lang='lat' dir='ltr'>restituendum</span> <span class='ocrx_word' id='word_1_139' title='bbox 735 1489 877 1515; x_wconf 83' lang='lat' dir='ltr'>ecelesiae</span> <span class='ocrx_word' id='word_1_140' title='bbox 898 1489 933 1515; x_wconf 87' lang='lat' dir='ltr'>de</span> <span class='ocrx_word' id='word_1_141' title='bbox 954 1490 1074 1521; x_wconf 81' lang='lat' dir='ltr'>Castra,</span> <span class='ocrx_word' id='word_1_142' title='bbox 1098 1489 1182 1522; x_wconf 86' lang='lat' dir='ltr'>eujus</span> 
     </span>
     <span class='ocr_line' id='line_1_22' title="bbox 170 1535 1180 1572; baseline 0.001 -8"><span class='ocrx_word' id='word_1_143' title='bbox 170 1535 349 1572; x_wconf 83' lang='lat' dir='ltr'>R[obertus],</span> <span class='ocrx_word' id='word_1_144' title='bbox 365 1537 470 1564; x_wconf 81' lang='lat' dir='ltr'>Sancti</span> <span class='ocrx_word' id='word_1_145' title='bbox 483 1537 639 1565; x_wconf 79' lang='lat' dir='ltr'>Eustachii</span> <span class='ocrx_word' id='word_1_146' title='bbox 655 1537 796 1564; x_wconf 84' lang='lat' dir='ltr'>diaconus</span> <span class='ocrx_word' id='word_1_147' title='bbox 813 1538 985 1569; x_wconf 83' lang='lat' dir='ltr'>cardinalis,</span> <span class='ocrx_word' id='word_1_148' title='bbox 1001 1540 1095 1564; x_wconf 85' lang='lat' dir='ltr'>rector</span> <span class='ocrx_word' id='word_1_149' title='bbox 1108 1541 1180 1570; x_wconf 87' lang='lat' dir='ltr'>erat,</span> 
     </span>
     <span class='ocr_line' id='line_1_23' title="bbox 169 1585 1182 1620; baseline 0 -8"><span class='ocrx_word' id='word_1_150' title='bbox 169 1585 382 1620; x_wconf 81' lang='lat' dir='ltr'>possessionem</span> <span class='ocrx_word' id='word_1_151' title='bbox 404 1586 498 1620; x_wconf 84' lang='lat' dir='ltr'>partis</span> <span class='ocrx_word' id='word_1_152' title='bbox 517 1586 670 1620; x_wconf 86' lang='lat' dir='ltr'>cujusdam</span> <span class='ocrx_word' id='word_1_153' title='bbox 695 1586 815 1613; x_wconf 89' lang='lat' dir='ltr'>marisci</span> <span class='ocrx_word' id='word_1_154' title='bbox 836 1594 922 1620; x_wconf 84' lang='lat' dir='ltr'>quem</span> <span class='ocrx_word' id='word_1_155' title='bbox 940 1586 1030 1613; x_wconf 90' lang='lat' dir='ltr'>iidem</span> <span class='ocrx_word' id='word_1_156' title='bbox 1047 1586 1137 1613; x_wconf 88' lang='lat' dir='ltr'>abbas</span> <span class='ocrx_word' id='word_1_157' title='bbox 1154 1589 1182 1612; x_wconf 88' lang='lat' dir='ltr'>et</span> 
     </span>
     <span class='ocr_line' id='line_1_24' title="bbox 168 1635 1180 1669; baseline 0.001 -8"><span class='ocrx_word' id='word_1_158' title='bbox 168 1636 333 1662; x_wconf 87' lang='lat' dir='ltr'>conventus</span> <span class='ocrx_word' id='word_1_159' title='bbox 353 1643 420 1661; x_wconf 90' lang='lat' dir='ltr'>cum</span> <span class='ocrx_word' id='word_1_160' title='bbox 441 1635 544 1661; x_wconf 88' lang='lat' dir='ltr'>eadem</span> <span class='ocrx_word' id='word_1_161' title='bbox 565 1635 690 1661; x_wconf 88' lang='lat' dir='ltr'>ecclesia</span> <span class='ocrx_word' id='word_1_162' title='bbox 710 1635 910 1662; x_wconf 90' lang='lat' dir='ltr'>communiter</span> <span class='ocrx_word' id='word_1_163' title='bbox 930 1635 1131 1669; x_wconf 80' lang='lat' dir='ltr'>possidebant,</span> <span class='ocrx_word' id='word_1_164' title='bbox 1150 1650 1180 1653; x_wconf 97' lang='lat'><strong>—</strong></span> 
     </span>
    </p>
   </div>
   <div class='ocr_carea' id='block_1_7' title="bbox 167 1683 1179 1765">
    <p class='ocr_par' dir='ltr' id='par_1_7' title="bbox 167 1683 1179 1765">
     <span class='ocr_line' id='line_1_25' title="bbox 168 1683 1179 1718; baseline 0 -8"><span class='ocrx_word' id='word_1_165' title='bbox 168 1683 249 1710; x_wconf 79' lang='lat' dir='ltr'>infra</span> <span class='ocrx_word' id='word_1_166' title='bbox 273 1686 490 1718; x_wconf 84' lang='lat' dir='ltr'>competentem</span> <span class='ocrx_word' id='word_1_167' title='bbox 517 1684 679 1710; x_wconf 88' lang='lat' dir='ltr'>terminum</span> <span class='ocrx_word' id='word_1_168' title='bbox 706 1692 803 1710; x_wconf 87' lang='lat' dir='ltr'>coram</span> <span class='ocrx_word' id='word_1_169' title='bbox 832 1684 894 1718; x_wconf 83' lang='lat' dir='ltr'>ipso</span> <span class='ocrx_word' id='word_1_170' title='bbox 918 1692 993 1718; x_wconf 90' lang='lat' dir='ltr'>papa</span> <span class='ocrx_word' id='word_1_171' title='bbox 1018 1684 1121 1711; x_wconf 86' lang='lat' dir='ltr'>citent.</span> <span class='ocrx_word' id='word_1_172' title='bbox 1149 1699 1179 1702; x_wconf 94' lang='lat'>——</span> 
     </span>
     <span class='ocr_line' id='line_1_26' title="bbox 167 1731 755 1765; baseline 0 -6"><span class='ocrx_word' id='word_1_173' title='bbox 167 1732 256 1764; x_wconf 68' lang='grc' dir='ltr'>(ΗΕΘ.</span> <span class='ocrx_word' id='word_1_174' title='bbox 274 1731 318 1765; x_wconf 83' lang='grc'>20,</span> <span class='ocrx_word' id='word_1_175' title='bbox 337 1733 357 1759; x_wconf 82' lang='lat' dir='ltr'>f.</span> <span class='ocrx_word' id='word_1_176' title='bbox 372 1732 406 1759; x_wconf 83' lang='lat'>69</span> <span class='ocrx_word' id='word_1_177' title='bbox 422 1735 462 1765; x_wconf 75' lang='lat' dir='ltr'>r⁰;</span> <span class='ocrx_word' id='word_1_178' title='bbox 482 1741 552 1759; x_wconf 83' lang='lat' dir='ltr'>ann.</span> <span class='ocrx_word' id='word_1_179' title='bbox 570 1732 638 1765; x_wconf 90' lang='lat' dir='ltr'>XV,</span> <span class='ocrx_word' id='word_1_180' title='bbox 656 1741 680 1759; x_wconf 92' lang='lat' dir='ltr'>c.</span> <span class='ocrx_word' id='word_1_181' title='bbox 698 1733 755 1764; x_wconf 88' lang='lat'>30.)</span> 
     </span>
    </p>
   </div>
   <div class='ocr_carea' id='block_1_8' title="bbox 756 1328 1110 1360">
    <p class='ocr_par' dir='ltr' id='par_1_8' title="bbox 756 1328 1110 1360">
     <span class='ocr_line' id='line_1_27' title="bbox 756 1328 1110 1360; baseline -0.003 -4"><span class='ocrx_word' id='word_1_182' title='bbox 756 1329 878 1360; x_wconf 75' lang='lat' dir='ltr'>Latran,</span> <span class='ocrx_word' id='word_1_183' title='bbox 893 1328 926 1355; x_wconf 85' lang='lat'>18</span> <span class='ocrx_word' id='word_1_184' title='bbox 939 1329 1017 1355; x_wconf 77' lang='lat' dir='ltr'>avril</span> <span class='ocrx_word' id='word_1_185' title='bbox 1030 1329 1110 1355; x_wconf 69' lang='lat'>1241.</span> 
     </span>
    </p>
   </div>
   <div class='ocr_carea' id='block_1_9' title="bbox 166 1832 1183 2614">
    <p class='ocr_par' dir='ltr' id='par_1_9' title="bbox 166 1832 1183 2614">
     <span class='ocr_line' id='line_1_28' title="bbox 210 1832 1180 1871; baseline 0.003 -11"><span class='ocrx_word' id='word_1_186' title='bbox 210 1846 223 1860; x_wconf 68' lang='grc' dir='ltr'>ι(</span> <span class='ocrx_word' id='word_1_187' title='bbox 250 1834 381 1863; x_wconf 82' lang='lat' dir='ltr'>Eisdem.</span> <span class='ocrx_word' id='word_1_188' title='bbox 407 1832 556 1863; x_wconf 79' lang='lat' dir='ltr'>Dilectus</span> <span class='ocrx_word' id='word_1_189' title='bbox 583 1832 672 1863; x_wconf 85' lang='lat' dir='ltr'>filins</span> <span class='ocrx_word' id='word_1_190' title='bbox 700 1837 811 1863; x_wconf 78' lang='lat' dir='ltr'>noster</span> <span class='ocrx_word' id='word_1_191' title='bbox 837 1833 1037 1871; x_wconf 58' lang='lat' dir='ltr'>R[obe,rtns]‚</span> <span class='ocrx_word' id='word_1_192' title='bbox 1068 1834 1180 1863; x_wconf 81' lang='lat' dir='ltr'>Sancti</span> 
     </span>
     <span class='ocr_line' id='line_1_29' title="bbox 168 1886 1180 1925; baseline 0 -9"><span class='ocrx_word' id='word_1_193' title='bbox 168 1886 341 1917; x_wconf 85' lang='lat' dir='ltr'>Eustachii</span> <span class='ocrx_word' id='word_1_194' title='bbox 361 1886 521 1916; x_wconf 88' lang='lat' dir='ltr'>diaconus</span> <span class='ocrx_word' id='word_1_195' title='bbox 545 1886 736 1922; x_wconf 85' lang='lat' dir='ltr'>cardinalis,</span> <span class='ocrx_word' id='word_1_196' title='bbox 760 1887 930 1925; x_wconf 78' lang='lat' dir='ltr'>proposuit</span> <span class='ocrx_word' id='word_1_197' title='bbox 952 1896 1060 1916; x_wconf 87' lang='lat' dir='ltr'>coram</span> <span class='ocrx_word' id='word_1_198' title='bbox 1085 1887 1180 1916; x_wconf 87' lang='lat' dir='ltr'>nobis</span> 
     </span>
     <span class='ocr_line' id='line_1_30' title="bbox 167 1939 1180 1979; baseline -0.001 -9"><span class='ocrx_word' id='word_1_199' title='bbox 167 1939 266 1979; x_wconf 88' lang='lat' dir='ltr'>quod,</span> <span class='ocrx_word' id='word_1_200' title='bbox 283 1948 358 1970; x_wconf 89' lang='lat' dir='ltr'>cum</span> <span class='ocrx_word' id='word_1_201' title='bbox 384 1962 404 1968; x_wconf 94' lang='lat'>..</span> <span class='ocrx_word' id='word_1_202' title='bbox 427 1939 529 1969; x_wconf 87' lang='lat' dir='ltr'>abbas</span> <span class='ocrx_word' id='word_1_203' title='bbox 551 1944 582 1969; x_wconf 89' lang='lat' dir='ltr'>et</span> <span class='ocrx_word' id='word_1_204' title='bbox 603 1944 787 1969; x_wconf 88' lang='lat' dir='ltr'>conventus</span> <span class='ocrx_word' id='word_1_205' title='bbox 806 1940 844 1969; x_wconf 91' lang='lat' dir='ltr'>de</span> <span class='ocrx_word' id='word_1_206' title='bbox 867 1939 1081 1974; x_wconf 88' lang='lat' dir='ltr'>Croillandia,</span> <span class='ocrx_word' id='word_1_207' title='bbox 1101 1940 1180 1969; x_wconf 92' lang='lat' dir='ltr'>Lin—</span> 
     </span>
     <span class='ocr_line' id='line_1_31' title="bbox 166 1992 1181 2031; baseline -0.001 -9"><span class='ocrx_word' id='word_1_208' title='bbox 166 1992 349 2023; x_wconf 90' lang='lat' dir='ltr'>colniensis</span> <span class='ocrx_word' id='word_1_209' title='bbox 369 1993 522 2027; x_wconf 84' lang='lat' dir='ltr'>diocesis,</span> <span class='ocrx_word' id='word_1_210' title='bbox 547 1993 713 2031; x_wconf 81' lang='lat' dir='ltr'>quendam</span> <span class='ocrx_word' id='word_1_211' title='bbox 738 1993 917 2022; x_wconf 89' lang='lat' dir='ltr'>mariscum</span> <span class='ocrx_word' id='word_1_212' title='bbox 942 2002 1016 2022; x_wconf 90' lang='lat' dir='ltr'>cum</span> <span class='ocrx_word' id='word_1_213' title='bbox 1040 1992 1181 2022; x_wconf 83' lang='lat' dir='ltr'>ccclesia</span> 
     </span>
     <span class='ocr_line' id='line_1_32' title="bbox 167 2045 1180 2084; baseline -0.002 -7"><span class='ocrx_word' id='word_1_214' title='bbox 167 2046 207 2076; x_wconf 85' lang='lat' dir='ltr'>de</span> <span class='ocrx_word' id='word_1_215' title='bbox 218 2046 346 2081; x_wconf 82' lang='lat' dir='ltr'>Castra,</span> <span class='ocrx_word' id='word_1_216' title='bbox 359 2046 454 2084; x_wconf 89' lang='lat' dir='ltr'>cujus</span> <span class='ocrx_word' id='word_1_217' title='bbox 466 2045 554 2076; x_wconf 87' lang='lat' dir='ltr'>idem</span> <span class='ocrx_word' id='word_1_218' title='bbox 566 2045 747 2076; x_wconf 85' lang='lat' dir='ltr'>cardinalis</span> <span class='ocrx_word' id='word_1_219' title='bbox 761 2050 867 2075; x_wconf 84' lang='lat' dir='ltr'>rector</span> <span class='ocrx_word' id='word_1_220' title='bbox 881 2046 993 2075; x_wconf 75' lang='lat' dir='ltr'>existit</span> <span class='ocrx_word' id='word_1_221' title='bbox 1002 2049 1023 2079; x_wconf 56' lang='grc' dir='ltr'>Ἴ,</span> <span class='ocrx_word' id='word_1_222' title='bbox 1038 2054 1180 2075; x_wconf 79' lang='lat' dir='ltr'>commu-</span> 
     </span>
     <span class='ocr_line' id='line_1_33' title="bbox 169 2099 1181 2138; baseline 0 -9"><span class='ocrx_word' id='word_1_223' title='bbox 169 2099 256 2129; x_wconf 88' lang='lat' dir='ltr'>niter</span> <span class='ocrx_word' id='word_1_224' title='bbox 274 2099 483 2138; x_wconf 83' lang='lat' dir='ltr'>possiderent</span> <span class='ocrx_word' id='word_1_225' title='bbox 505 2109 511 2128; x_wconf 90' lang='lat'>:</span> <span class='ocrx_word' id='word_1_226' title='bbox 534 2099 648 2134; x_wconf 88' lang='lat' dir='ltr'>iidem,</span> <span class='ocrx_word' id='word_1_227' title='bbox 671 2104 796 2137; x_wconf 88' lang='lat' dir='ltr'>partem</span> <span class='ocrx_word' id='word_1_228' title='bbox 819 2099 925 2137; x_wconf 89' lang='lat' dir='ltr'>ipsius</span> <span class='ocrx_word' id='word_1_229' title='bbox 949 2099 1083 2128; x_wconf 77' lang='lat' dir='ltr'>marisci</span> <span class='ocrx_word' id='word_1_230' title='bbox 1106 2108 1181 2137; x_wconf 88' lang='lat' dir='ltr'>pro-</span> 
     </span>
     <span class='ocr_line' id='line_1_34' title="bbox 169 2151 1181 2190; baseline -0.001 -9"><span class='ocrx_word' id='word_1_231' title='bbox 169 2151 252 2190; x_wconf 90' lang='lat' dir='ltr'>priis</span> <span class='ocrx_word' id='word_1_232' title='bbox 274 2151 392 2182; x_wconf 83' lang='lat' dir='ltr'>usibus</span> <span class='ocrx_word' id='word_1_233' title='bbox 418 2152 603 2182; x_wconf 79' lang='lat' dir='ltr'>temeritate</span> <span class='ocrx_word' id='word_1_234' title='bbox 629 2152 762 2190; x_wconf 87' lang='lat' dir='ltr'>propria</span> <span class='ocrx_word' id='word_1_235' title='bbox 787 2152 994 2190; x_wconf 82' lang='lat' dir='ltr'>deputantes,</span> <span class='ocrx_word' id='word_1_236' title='bbox 1019 2152 1181 2190; x_wconf 79' lang='lat' dir='ltr'>prefatam</span> 
     </span>
     <span class='ocr_line' id='line_1_35' title="bbox 168 2205 1181 2244; baseline -0.002 -8"><span class='ocrx_word' id='word_1_237' title='bbox 168 2205 343 2236; x_wconf 88' lang='lat' dir='ltr'>ecclesiam</span> <span class='ocrx_word' id='word_1_238' title='bbox 359 2205 570 2244; x_wconf 84' lang='lat' dir='ltr'>possessione</span> <span class='ocrx_word' id='word_1_239' title='bbox 589 2205 674 2236; x_wconf 88' lang='lat' dir='ltr'>dicte</span> <span class='ocrx_word' id='word_1_240' title='bbox 691 2206 806 2244; x_wconf 76' lang='lat' dir='ltr'>partis,</span> <span class='ocrx_word' id='word_1_241' title='bbox 825 2210 989 2244; x_wconf 86' lang='lat' dir='ltr'>quatenns</span> <span class='ocrx_word' id='word_1_242' title='bbox 1006 2205 1181 2235; x_wconf 82' lang='lat' dir='ltr'>ecelesiam</span> 
     </span>
     <span class='ocr_line' id='line_1_36' title="bbox 168 2258 1182 2297; baseline 0 -9"><span class='ocrx_word' id='word_1_243' title='bbox 168 2258 368 2297; x_wconf 79' lang='lat' dir='ltr'>respiciebat</span> <span class='ocrx_word' id='word_1_244' title='bbox 390 2258 540 2293; x_wconf 85' lang='lat' dir='ltr'>eandem,</span> <span class='ocrx_word' id='word_1_245' title='bbox 558 2264 673 2288; x_wconf 84' lang='lat' dir='ltr'>contra</span> <span class='ocrx_word' id='word_1_246' title='bbox 692 2259 857 2297; x_wconf 84' lang='lat' dir='ltr'>justitiam</span> <span class='ocrx_word' id='word_1_247' title='bbox 882 2258 1079 2297; x_wconf 80' lang='lat' dir='ltr'>spoliarunt,</span> <span class='ocrx_word' id='word_1_248' title='bbox 1099 2258 1182 2288; x_wconf 85' lang='lat' dir='ltr'>alias</span> 
     </span>
     <span class='ocr_line' id='line_1_37' title="bbox 169 2311 1182 2350; baseline -0.001 -8"><span class='ocrx_word' id='word_1_249' title='bbox 169 2311 278 2342; x_wconf 87' lang='lat' dir='ltr'>eidem</span> <span class='ocrx_word' id='word_1_250' title='bbox 293 2311 432 2342; x_wconf 88' lang='lat' dir='ltr'>ecclesie</span> <span class='ocrx_word' id='word_1_251' title='bbox 453 2311 596 2349; x_wconf 86' lang='lat' dir='ltr'>dampna</span> <span class='ocrx_word' id='word_1_252' title='bbox 616 2316 647 2341; x_wconf 90' lang='lat' dir='ltr'>et</span> <span class='ocrx_word' id='word_1_253' title='bbox 664 2311 806 2350; x_wconf 83' lang='lat' dir='ltr'>injurias</span> <span class='ocrx_word' id='word_1_254' title='bbox 828 2311 1004 2349; x_wconf 80' lang='lat' dir='ltr'>irrogando</span> <span class='ocrx_word' id='word_1_255' title='bbox 1020 2329 1069 2340; x_wconf 92' lang='lat'>—.</span> <span class='ocrx_word' id='word_1_256' title='bbox 1087 2312 1182 2341; x_wconf 83' lang='lat' dir='ltr'>Man-</span> 
     </span>
     <span class='ocr_line' id='line_1_38' title="bbox 169 2364 1183 2403; baseline -0.001 -9"><span class='ocrx_word' id='word_1_257' title='bbox 169 2365 287 2395; x_wconf 91' lang='lat' dir='ltr'>damus</span> <span class='ocrx_word' id='word_1_258' title='bbox 303 2369 480 2403; x_wconf 80' lang='lat' dir='ltr'>qnatenus,</span> <span class='ocrx_word' id='word_1_259' title='bbox 500 2365 644 2402; x_wconf 85' lang='lat' dir='ltr'>prefatos</span> <span class='ocrx_word' id='word_1_260' title='bbox 662 2364 813 2394; x_wconf 81' lang='lat' dir='ltr'>abbatem</span> <span class='ocrx_word' id='word_1_261' title='bbox 831 2369 861 2394; x_wconf 84' lang='lat' dir='ltr'>et</span> <span class='ocrx_word' id='word_1_262' title='bbox 881 2369 1079 2394; x_wconf 75' lang='lat' dir='ltr'>conventum</span> <span class='ocrx_word' id='word_1_263' title='bbox 1097 2364 1183 2403; x_wconf 88' lang='lat' dir='ltr'>quod</span> 
     </span>
     <span class='ocr_line' id='line_1_39' title="bbox 170 2417 1182 2456; baseline -0.001 -9"><span class='ocrx_word' id='word_1_264' title='bbox 170 2417 394 2456; x_wconf 84' lang='lat' dir='ltr'>supradictam</span> <span class='ocrx_word' id='word_1_265' title='bbox 423 2417 681 2456; x_wconf 82' lang='lat' dir='ltr'>possessiouem,</span> <span class='ocrx_word' id='word_1_266' title='bbox 712 2426 786 2446; x_wconf 87' lang='lat' dir='ltr'>cum</span> <span class='ocrx_word' id='word_1_267' title='bbox 811 2417 976 2447; x_wconf 84' lang='lat' dir='ltr'>fructibus</span> <span class='ocrx_word' id='word_1_268' title='bbox 1003 2426 1040 2447; x_wconf 78' lang='lat' dir='ltr'>ex</span> <span class='ocrx_word' id='word_1_269' title='bbox 1069 2417 1182 2447; x_wconf 87' lang='lat' dir='ltr'>eadem</span> 
     </span>
     <span class='ocr_line' id='line_1_40' title="bbox 169 2470 1183 2509; baseline -0.002 -9"><span class='ocrx_word' id='word_1_270' title='bbox 169 2474 261 2509; x_wconf 87' lang='lat' dir='ltr'>parte</span> <span class='ocrx_word' id='word_1_271' title='bbox 277 2470 452 2509; x_wconf 83' lang='lat' dir='ltr'>perceptis,</span> <span class='ocrx_word' id='word_1_272' title='bbox 469 2474 635 2509; x_wconf 89' lang='lat' dir='ltr'>quatenus</span> <span class='ocrx_word' id='word_1_273' title='bbox 652 2470 692 2499; x_wconf 90' lang='lat' dir='ltr'>ad</span> <span class='ocrx_word' id='word_1_274' title='bbox 707 2470 882 2500; x_wconf 82' lang='lat' dir='ltr'>ecclesiam</span> <span class='ocrx_word' id='word_1_275' title='bbox 899 2470 1042 2508; x_wconf 83' lang='lat' dir='ltr'>pertinet</span> <span class='ocrx_word' id='word_1_276' title='bbox 1059 2479 1183 2500; x_wconf 88' lang='lat' dir='ltr'>memo-</span> 
     </span>
     <span class='ocr_line' id='line_1_41' title="bbox 168 2523 1183 2562; baseline -0.001 -9"><span class='ocrx_word' id='word_1_277' title='bbox 168 2527 286 2558; x_wconf 81' lang='lat' dir='ltr'>ratam,</span> <span class='ocrx_word' id='word_1_278' title='bbox 307 2523 446 2553; x_wconf 87' lang='lat' dir='ltr'>ecclesie</span> <span class='ocrx_word' id='word_1_279' title='bbox 467 2523 532 2561; x_wconf 90' lang='lat' dir='ltr'>ipsi</span> <span class='ocrx_word' id='word_1_280' title='bbox 549 2523 739 2558; x_wconf 81' lang='lat' dir='ltr'>restituant,</span> <span class='ocrx_word' id='word_1_281' title='bbox 758 2527 789 2553; x_wconf 89' lang='lat' dir='ltr'>et</span> <span class='ocrx_word' id='word_1_282' title='bbox 812 2523 850 2553; x_wconf 90' lang='lat' dir='ltr'>de</span> <span class='ocrx_word' id='word_1_283' title='bbox 870 2523 1021 2561; x_wconf 84' lang='lat' dir='ltr'>dampnis</span> <span class='ocrx_word' id='word_1_284' title='bbox 1039 2532 1075 2552; x_wconf 88' lang='lat' dir='ltr'>ac</span> <span class='ocrx_word' id='word_1_285' title='bbox 1094 2523 1183 2562; x_wconf 89' lang='lat' dir='ltr'>inju-</span> 
     </span>
     <span class='ocr_line' id='line_1_42' title="bbox 169 2575 1180 2614; baseline 0 -9"><span class='ocrx_word' id='word_1_286' title='bbox 169 2575 230 2606; x_wconf 90' lang='lat' dir='ltr'>riis</span> <span class='ocrx_word' id='word_1_287' title='bbox 245 2575 402 2614; x_wconf 87' lang='lat' dir='ltr'>irrogatis</span> <span class='ocrx_word' id='word_1_288' title='bbox 416 2576 561 2606; x_wconf 85' lang='lat' dir='ltr'>debitam</span> <span class='ocrx_word' id='word_1_289' title='bbox 576 2576 841 2606; x_wconf 81' lang='lat' dir='ltr'>satisfactionem</span> <span class='ocrx_word' id='word_1_290' title='bbox 855 2576 963 2606; x_wconf 83' lang='lat' dir='ltr'>eidem</span> <span class='ocrx_word' id='word_1_291' title='bbox 976 2576 1180 2614; x_wconf 84' lang='lat' dir='ltr'>impendant,</span> 
     </span>
    </p>
   </div>
   <div class='ocr_carea' id='block_1_10' title="bbox 169 2694 1186 2989">
    <p class='ocr_par' dir='ltr' id='par_1_10' title="bbox 169 2694 1186 2896">
     <span class='ocr_line' id='line_1_43' title="bbox 169 2694 1185 2726; baseline 0.001 -8"><span class='ocrx_word' id='word_1_292' title='bbox 169 2694 298 2726; x_wconf 73' lang='lat' dir='ltr'>megarde</span> <span class='ocrx_word' id='word_1_293' title='bbox 312 2695 435 2719; x_wconf 75' lang='lat' dir='ltr'>inserecs</span> <span class='ocrx_word' id='word_1_294' title='bbox 455 2695 515 2725; x_wconf 90' lang='lat' dir='ltr'>plus</span> <span class='ocrx_word' id='word_1_295' title='bbox 531 2695 588 2718; x_wconf 92' lang='lat' dir='ltr'>loin</span> <span class='ocrx_word' id='word_1_296' title='bbox 603 2695 671 2718; x_wconf 85' lang='lat' dir='ltr'>dans</span> <span class='ocrx_word' id='word_1_297' title='bbox 688 2696 712 2718; x_wconf 92' lang='lat' dir='ltr'>le</span> <span class='ocrx_word' id='word_1_298' title='bbox 726 2697 851 2724; x_wconf 71' lang='lat' dir='ltr'>Reyislre</span> <span class='ocrx_word' id='word_1_299' title='bbox 868 2695 901 2719; x_wconf 88' lang='lat' dir='ltr'>de</span> <span class='ocrx_word' id='word_1_300' title='bbox 917 2696 942 2718; x_wconf 82' lang='lat' dir='ltr'>la</span> <span class='ocrx_word' id='word_1_301' title='bbox 958 2695 1017 2719; x_wconf 78' lang='lat' dir='ltr'>xv·</span> <span class='ocrx_word' id='word_1_302' title='bbox 1033 2696 1137 2725; x_wconf 79' lang='lat' dir='ltr'>annee3</span> <span class='ocrx_word' id='word_1_303' title='bbox 1155 2702 1185 2719; x_wconf 83' lang='lat' dir='ltr'>ce</span> 
     </span>
     <span class='ocr_line' id='line_1_44' title="bbox 169 2739 1186 2769; baseline 0.001 -6"><span class='ocrx_word' id='word_1_304' title='bbox 169 2741 234 2763; x_wconf 86' lang='lat' dir='ltr'>sont</span> <span class='ocrx_word' id='word_1_305' title='bbox 248 2739 288 2763; x_wconf 89' lang='lat' dir='ltr'>les</span> <span class='ocrx_word' id='word_1_306' title='bbox 304 2741 429 2768; x_wconf 80' lang='lat' dir='ltr'>capitula</span> <span class='ocrx_word' id='word_1_307' title='bbox 442 2739 485 2767; x_wconf 82' lang='lat'>35,</span> <span class='ocrx_word' id='word_1_308' title='bbox 502 2739 531 2763; x_wconf 85' lang='lat'>36</span> <span class='ocrx_word' id='word_1_309' title='bbox 546 2743 572 2763; x_wconf 85' lang='lat' dir='ltr'>et</span> <span class='ocrx_word' id='word_1_310' title='bbox 588 2740 616 2764; x_wconf 87' lang='grc'>93</span> <span class='ocrx_word' id='word_1_311' title='bbox 631 2740 666 2762; x_wconf 91' lang='lat' dir='ltr'>du</span> <span class='ocrx_word' id='word_1_312' title='bbox 683 2741 808 2769; x_wconf 75' lang='lat' dir='ltr'>Reyz&#39;slre</span> <span class='ocrx_word' id='word_1_313' title='bbox 825 2740 858 2762; x_wconf 86' lang='lat' dir='ltr'>de</span> <span class='ocrx_word' id='word_1_314' title='bbox 874 2743 945 2763; x_wconf 78' lang='lat' dir='ltr'>cette</span> <span class='ocrx_word' id='word_1_315' title='bbox 962 2739 1023 2763; x_wconf 75' lang='lat' dir='ltr'>xv·</span> <span class='ocrx_word' id='word_1_316' title='bbox 1039 2739 1136 2764; x_wconf 78' lang='lat' dir='ltr'>annee.</span> <span class='ocrx_word' id='word_1_317' title='bbox 1157 2753 1186 2757; x_wconf 93' lang='lat'>--</span> 
     </span>
     <span class='ocr_line' id='line_1_45' title="bbox 170 2783 1186 2812; baseline 0 -5"><span class='ocrx_word' id='word_1_318' title='bbox 170 2784 210 2808; x_wconf 79' lang='lat' dir='ltr'>De</span> <span class='ocrx_word' id='word_1_319' title='bbox 224 2783 320 2812; x_wconf 74' lang='lat' dir='ltr'>meme,</span> <span class='ocrx_word' id='word_1_320' title='bbox 335 2784 384 2808; x_wconf 89' lang='lat' dir='ltr'>des</span> <span class='ocrx_word' id='word_1_321' title='bbox 398 2784 486 2808; x_wconf 86' lang='lat' dir='ltr'>bulles</span> <span class='ocrx_word' id='word_1_322' title='bbox 503 2784 536 2808; x_wconf 85' lang='lat' dir='ltr'>de</span> <span class='ocrx_word' id='word_1_323' title='bbox 553 2785 577 2808; x_wconf 78' lang='lat' dir='ltr'>la</span> <span class='ocrx_word' id='word_1_324' title='bbox 593 2784 668 2808; x_wconf 86' lang='lat' dir='ltr'>XIII·</span> <span class='ocrx_word' id='word_1_325' title='bbox 682 2785 768 2807; x_wconf 84' lang='lat' dir='ltr'>annec</span> <span class='ocrx_word' id='word_1_326' title='bbox 785 2788 831 2808; x_wconf 86' lang='lat' dir='ltr'>ont</span> <span class='ocrx_word' id='word_1_327' title='bbox 847 2784 889 2808; x_wconf 75' lang='lat' dir='ltr'>ete</span> <span class='ocrx_word' id='word_1_328' title='bbox 903 2785 1065 2808; x_wconf 86' lang='lat' dir='ltr'>transcrites</span> <span class='ocrx_word' id='word_1_329' title='bbox 1081 2784 1149 2807; x_wconf 90' lang='lat' dir='ltr'>dans</span> <span class='ocrx_word' id='word_1_330' title='bbox 1162 2784 1186 2807; x_wconf 85' lang='lat' dir='ltr'>le</span> 
     </span>
     <span class='ocr_line' id='line_1_46' title="bbox 169 2829 1185 2859; baseline 0 -7"><span class='ocrx_word' id='word_1_331' title='bbox 169 2830 295 2858; x_wconf 70' lang='lat' dir='ltr'>Registre</span> <span class='ocrx_word' id='word_1_332' title='bbox 311 2829 345 2852; x_wconf 91' lang='lat' dir='ltr'>de</span> <span class='ocrx_word' id='word_1_333' title='bbox 358 2829 384 2852; x_wconf 89' lang='lat' dir='ltr'>la</span> <span class='ocrx_word' id='word_1_334' title='bbox 397 2829 485 2857; x_wconf 69' lang='lat' dir='ltr'>X1V2;</span> <span class='ocrx_word' id='word_1_335' title='bbox 501 2829 535 2854; x_wconf 84' lang='lat' dir='ltr'>cf.</span> <span class='ocrx_word' id='word_1_336' title='bbox 550 2836 648 2859; x_wconf 81' lang='lat' dir='ltr'>supra,</span> <span class='ocrx_word' id='word_1_337' title='bbox 663 2832 682 2853; x_wconf 89' lang='lat' dir='ltr'>t.</span> <span class='ocrx_word' id='word_1_338' title='bbox 697 2829 745 2856; x_wconf 81' lang='lat'>111,</span> <span class='ocrx_word' id='word_1_339' title='bbox 762 2829 813 2853; x_wconf 88' lang='lat' dir='ltr'>col.</span> <span class='ocrx_word' id='word_1_340' title='bbox 830 2829 885 2858; x_wconf 76' lang='lat'>246,</span> <span class='ocrx_word' id='word_1_341' title='bbox 901 2832 965 2853; x_wconf 89' lang='lat' dir='ltr'>note</span> <span class='ocrx_word' id='word_1_342' title='bbox 980 2830 1002 2857; x_wconf 82' lang='lat'>3,</span> <span class='ocrx_word' id='word_1_343' title='bbox 1020 2832 1046 2852; x_wconf 87' lang='lat' dir='ltr'>et</span> <span class='ocrx_word' id='word_1_344' title='bbox 1062 2829 1114 2854; x_wconf 92' lang='lat' dir='ltr'>col.</span> <span class='ocrx_word' id='word_1_345' title='bbox 1130 2829 1185 2855; x_wconf 73' lang='lat'>271,</span> 
     </span>
     <span class='ocr_line' id='line_1_47' title="bbox 170 2872 274 2896; baseline -0.019 0"><span class='ocrx_word' id='word_1_346' title='bbox 170 2875 236 2896; x_wconf 80' lang='lat' dir='ltr'>note</span> <span class='ocrx_word' id='word_1_347' title='bbox 254 2872 274 2895; x_wconf 87' lang='lat' dir='ltr'>l.</span> 
     </span>
    </p>

    <p class='ocr_par' dir='ltr' id='par_1_11' title="bbox 203 2916 768 2946">
     <span class='ocr_line' id='line_1_48' title="bbox 203 2916 768 2946; baseline 0.002 -7"><span class='ocrx_word' id='word_1_348' title='bbox 203 2916 225 2940; x_wconf 88' lang='lat' dir='ltr'>l.</span> <span class='ocrx_word' id='word_1_349' title='bbox 243 2918 292 2940; x_wconf 79' lang='grc' dir='ltr'>Με.</span> <span class='ocrx_word' id='word_1_350' title='bbox 309 2925 316 2939; x_wconf 88' lang='lat'>.·</span> <span class='ocrx_word' id='word_1_351' title='bbox 332 2919 356 2940; x_wconf 84' lang='lat' dir='ltr'>el</span> <span class='ocrx_word' id='word_1_352' title='bbox 374 2934 390 2940; x_wconf 90' lang='lat'>..</span> <span class='ocrx_word' id='word_1_353' title='bbox 407 2918 611 2945; x_wconf 80' lang='lat' dir='ltr'>Licheseldensi</span> <span class='ocrx_word' id='word_1_354' title='bbox 627 2919 768 2946; x_wconf 76' lang='lat' dir='ltr'>episcopo.</span> 
     </span>
    </p>

    <p class='ocr_par' dir='ltr' id='par_1_12' title="bbox 202 2959 721 2989">
     <span class='ocr_line' id='line_1_49' title="bbox 202 2959 721 2989; baseline 0.004 -6"><span class='ocrx_word' id='word_1_355' title='bbox 202 2959 226 2984; x_wconf 75' lang='lat'>2.</span> <span class='ocrx_word' id='word_1_356' title='bbox 246 2959 286 2984; x_wconf 78' lang='lat' dir='ltr'>Cf.</span> <span class='ocrx_word' id='word_1_357' title='bbox 304 2967 402 2989; x_wconf 80' lang='lat' dir='ltr'>supra,</span> <span class='ocrx_word' id='word_1_358' title='bbox 418 2967 445 2983; x_wconf 88' lang='lat' dir='ltr'>n.</span> <span class='ocrx_word' id='word_1_359' title='bbox 462 2960 516 2989; x_wconf 76' lang='lat'>946,</span> <span class='ocrx_word' id='word_1_360' title='bbox 534 2961 591 2984; x_wconf 82' lang='lat'>3171</span> <span class='ocrx_word' id='word_1_361' title='bbox 610 2964 637 2984; x_wconf 87' lang='lat' dir='ltr'>et</span> <span class='ocrx_word' id='word_1_362' title='bbox 651 2960 721 2986; x_wconf 61' lang='lat'>4123.</span> 
     </span>
    </p>
   </div>
   <div class='ocr_carea' id='block_1_11' title="bbox 1268 359 2280 717">
    <p class='ocr_par' dir='ltr' id='par_1_13' title="bbox 1268 359 2280 717">
     <span class='ocr_line' id='line_1_50' title="bbox 1274 359 2278 402; baseline 0.011 -19"><span class='ocrx_word' id='word_1_363' title='bbox 1274 360 1446 385; x_wconf 86' lang='lat' dir='ltr'>monentes</span> <span class='ocrx_word' id='word_1_364' title='bbox 1474 361 1597 387; x_wconf 81' lang='lat' dir='ltr'>attente</span> <span class='ocrx_word' id='word_1_365' title='bbox 1628 363 1658 388; x_wconf 88' lang='lat' dir='ltr'>et</span> <span class='ocrx_word' id='word_1_366' title='bbox 1687 359 1844 390; x_wconf 86' lang='lat' dir='ltr'>inducere</span> <span class='ocrx_word' id='word_1_367' title='bbox 1871 367 2096 398; x_wconf 73' lang='lat' dir='ltr'>procuranteS,</span> <span class='ocrx_word' id='word_1_368' title='bbox 2124 364 2223 402; x_wconf 82' lang='lat' dir='ltr'>ipsos,</span> <span class='ocrx_word' id='word_1_369' title='bbox 2251 367 2278 395; x_wconf 91' lang='lat' dir='ltr'>si</span> 
     </span>
     <span class='ocr_line' id='line_1_51' title="bbox 1271 407 2280 453; baseline 0.012 -18"><span class='ocrx_word' id='word_1_370' title='bbox 1271 407 1407 437; x_wconf 85' lang='lat' dir='ltr'>monitis</span> <span class='ocrx_word' id='word_1_371' title='bbox 1423 410 1634 448; x_wconf 82' lang='lat' dir='ltr'>acquiescere</span> <span class='ocrx_word' id='word_1_372' title='bbox 1651 412 1735 442; x_wconf 84' lang='lat' dir='ltr'>forte</span> <span class='ocrx_word' id='word_1_373' title='bbox 1756 413 1935 445; x_wconf 81' lang='lat' dir='ltr'>noluerint,</span> <span class='ocrx_word' id='word_1_374' title='bbox 1954 415 2040 453; x_wconf 82' lang='lat' dir='ltr'>quod</span> <span class='ocrx_word' id='word_1_375' title='bbox 2060 416 2149 446; x_wconf 81' lang='lat' dir='ltr'>infra</span> <span class='ocrx_word' id='word_1_376' title='bbox 2166 418 2280 447; x_wconf 85' lang='lat' dir='ltr'>termi-</span> 
     </span>
     <span class='ocr_line' id='line_1_52' title="bbox 1271 463 2279 505; baseline 0.011 -17"><span class='ocrx_word' id='word_1_377' title='bbox 1271 468 1349 489; x_wconf 87' lang='lat' dir='ltr'>num</span> <span class='ocrx_word' id='word_1_378' title='bbox 1371 463 1628 500; x_wconf 83' lang='lat' dir='ltr'>peremptorium</span> <span class='ocrx_word' id='word_1_379' title='bbox 1653 470 1903 503; x_wconf 85' lang='lat' dir='ltr'>competentem,</span> <span class='ocrx_word' id='word_1_380' title='bbox 1926 476 2022 505; x_wconf 88' lang='lat' dir='ltr'>quem</span> <span class='ocrx_word' id='word_1_381' title='bbox 2048 468 2095 498; x_wconf 92' lang='lat' dir='ltr'>eis</span> <span class='ocrx_word' id='word_1_382' title='bbox 2119 469 2279 500; x_wconf 85' lang='lat' dir='ltr'>duxeritis</span> 
     </span>
     <span class='ocr_line' id='line_1_53' title="bbox 1270 513 2279 556; baseline 0.011 -15"><span class='ocrx_word' id='word_1_383' title='bbox 1270 513 1508 551; x_wconf 76' lang='lat' dir='ltr'>prefigendum,</span> <span class='ocrx_word' id='word_1_384' title='bbox 1522 516 1629 547; x_wconf 82' lang='lat' dir='ltr'>dictus</span> <span class='ocrx_word' id='word_1_385' title='bbox 1647 517 1748 548; x_wconf 88' lang='lat' dir='ltr'>abbas</span> <span class='ocrx_word' id='word_1_386' title='bbox 1763 519 1991 556; x_wconf 86' lang='lat' dir='ltr'>personaliter,</span> <span class='ocrx_word' id='word_1_387' title='bbox 2005 526 2186 551; x_wconf 80' lang='lat' dir='ltr'>conventus</span> <span class='ocrx_word' id='word_1_388' title='bbox 2204 532 2279 552; x_wconf 81' lang='lat' dir='ltr'>vero</span> 
     </span>
     <span class='ocr_line' id='line_1_54' title="bbox 1270 570 2274 611; baseline 0.01 -17"><span class='ocrx_word' id='word_1_389' title='bbox 1270 574 1327 602; x_wconf 87' lang='lat' dir='ltr'>per</span> <span class='ocrx_word' id='word_1_390' title='bbox 1349 573 1594 603; x_wconf 80' lang='lat' dir='ltr'>procuratorem</span> <span class='ocrx_word' id='word_1_391' title='bbox 1618 570 1784 605; x_wconf 81' lang='lat' dir='ltr'>idoneum,</span> <span class='ocrx_word' id='word_1_392' title='bbox 1808 578 2018 610; x_wconf 85' lang='lat' dir='ltr'>compareant</span> <span class='ocrx_word' id='word_1_393' title='bbox 2039 582 2146 603; x_wconf 85' lang='lat' dir='ltr'>coram</span> <span class='ocrx_word' id='word_1_394' title='bbox 2171 575 2274 611; x_wconf 87' lang='lat' dir='ltr'>nobis,</span> 
     </span>
     <span class='ocr_line' id='line_1_55' title="bbox 1269 618 2278 662; baseline 0.01 -15"><span class='ocrx_word' id='word_1_395' title='bbox 1269 618 1390 648; x_wconf 85' lang='lat' dir='ltr'>facturi</span> <span class='ocrx_word' id='word_1_396' title='bbox 1416 629 1514 658; x_wconf 88' lang='lat' dir='ltr'>super</span> <span class='ocrx_word' id='word_1_397' title='bbox 1539 622 1711 659; x_wconf 85' lang='lat' dir='ltr'>premissis</span> <span class='ocrx_word' id='word_1_398' title='bbox 1732 624 1819 662; x_wconf 82' lang='lat' dir='ltr'>quod</span> <span class='ocrx_word' id='word_1_399' title='bbox 1841 625 1920 654; x_wconf 87' lang='lat' dir='ltr'>ordo</span> <span class='ocrx_word' id='word_1_400' title='bbox 1943 625 2116 656; x_wconf 85' lang='lat' dir='ltr'>dictaverit</span> <span class='ocrx_word' id='word_1_401' title='bbox 2139 628 2278 658; x_wconf 88' lang='lat' dir='ltr'>rationis</span> 
     </span>
     <span class='ocr_line' id='line_1_56' title="bbox 1268 675 1918 717; baseline 0.008 -15"><span class='ocrx_word' id='word_1_402' title='bbox 1268 690 1316 709; x_wconf 83' lang='lat'>—‚</span> <span class='ocrx_word' id='word_1_403' title='bbox 1338 675 1542 713; x_wconf 87' lang='lat' dir='ltr'>compellatis</span> <span class='ocrx_word' id='word_1_404' title='bbox 1559 694 1606 707; x_wconf 91' lang='lat'>—.</span> <span class='ocrx_word' id='word_1_405' title='bbox 1625 678 1698 707; x_wconf 87' lang='lat' dir='ltr'>Dat.</span> <span class='ocrx_word' id='word_1_406' title='bbox 1717 683 1752 708; x_wconf 86' lang='lat' dir='ltr'>nt</span> <span class='ocrx_word' id='word_1_407' title='bbox 1771 688 1882 717; x_wconf 85' lang='lat' dir='ltr'>supra.</span> <span class='ocrx_word' id='word_1_408' title='bbox 1906 692 1918 706; x_wconf 70' lang='lat' dir='ltr'>r&gt;</span> 
     </span>
    </p>
   </div>
   <div class='ocr_carea' id='block_1_12' title="bbox 1339 852 1459 881">
    <p class='ocr_par' dir='ltr' id='par_1_14' title="bbox 1339 852 1459 881">
     <span class='ocr_line' id='line_1_57' title="bbox 1339 852 1459 881; baseline 0.017 -2"><span class='ocrx_word' id='word_1_409' title='bbox 1339 852 1459 881; x_wconf 69' lang='lat'>5983</span> 
     </span>
    </p>
   </div>
   <div class='ocr_carea' id='block_1_13' title="bbox 1266 915 2278 1294">
    <p class='ocr_par' dir='ltr' id='par_1_15' title="bbox 1266 915 2278 1294">
     <span class='ocr_line' id='line_1_58' title="bbox 1305 915 2275 951; baseline 0.01 -10"><span class='ocrx_word' id='word_1_410' title='bbox 1305 915 1377 949; x_wconf 81' lang='lat' dir='ltr'>Regi</span> <span class='ocrx_word' id='word_1_411' title='bbox 1403 916 1545 943; x_wconf 87' lang='lat' dir='ltr'>Franciae</span> <span class='ocrx_word' id='word_1_412' title='bbox 1567 917 1715 951; x_wconf 75' lang='lat' dir='ltr'>significat</span> <span class='ocrx_word' id='word_1_413' title='bbox 1738 928 1767 945; x_wconf 81' lang='lat' dir='ltr'>se</span> <span class='ocrx_word' id='word_1_414' title='bbox 1785 920 2001 947; x_wconf 85' lang='lat' dir='ltr'>thesaurarium</span> <span class='ocrx_word' id='word_1_415' title='bbox 2027 922 2275 951; x_wconf 88' lang='lat' dir='ltr'>Catalaunensem</span> 
     </span>
     <span class='ocr_line' id='line_1_59' title="bbox 1267 963 2275 1005; baseline 0.01 -15"><span class='ocrx_word' id='word_1_416' title='bbox 1267 963 1432 991; x_wconf 88' lang='lat' dir='ltr'>decrevisse</span> <span class='ocrx_word' id='word_1_417' title='bbox 1447 974 1502 992; x_wconf 82' lang='lat' dir='ltr'>non</span> <span class='ocrx_word' id='word_1_418' title='bbox 1513 967 1733 994; x_wconf 86' lang='lat' dir='ltr'>admittendum</span> <span class='ocrx_word' id='word_1_419' title='bbox 1747 968 1782 994; x_wconf 86' lang='lat' dir='ltr'>ad</span> <span class='ocrx_word' id='word_1_420' title='bbox 1795 970 2028 1002; x_wconf 83' lang='lat' dir='ltr'>prosecutionem</span> <span class='ocrx_word' id='word_1_421' title='bbox 2041 973 2275 1005; x_wconf 85' lang='lat' dir='ltr'>appellationum</span> 
     </span>
     <span class='ocr_line' id='line_1_60' title="bbox 1267 1014 2278 1049; baseline 0.01 -11"><span class='ocrx_word' id='word_1_422' title='bbox 1267 1020 1341 1046; x_wconf 89' lang='lat' dir='ltr'>quae</span> <span class='ocrx_word' id='word_1_423' title='bbox 1357 1016 1459 1040; x_wconf 86' lang='lat' dir='ltr'>contra</span> <span class='ocrx_word' id='word_1_424' title='bbox 1471 1014 1625 1041; x_wconf 76' lang='lat' dir='ltr'>Joffridum</span> <span class='ocrx_word' id='word_1_425' title='bbox 1644 1015 1679 1041; x_wconf 82' lang='lat' dir='ltr'>de</span> <span class='ocrx_word' id='word_1_426' title='bbox 1697 1016 1809 1043; x_wconf 88' lang='lat' dir='ltr'>Grandi</span> <span class='ocrx_word' id='word_1_427' title='bbox 1826 1017 1924 1049; x_wconf 87' lang='lat' dir='ltr'>Prato,</span> <span class='ocrx_word' id='word_1_428' title='bbox 1936 1019 2063 1045; x_wconf 79' lang='lat' dir='ltr'>electum</span> <span class='ocrx_word' id='word_1_429' title='bbox 2081 1019 2278 1048; x_wconf 86' lang='lat' dir='ltr'>Catalaunen-</span> 
     </span>
     <span class='ocr_line' id='line_1_61' title="bbox 1267 1062 2277 1104; baseline 0.011 -17"><span class='ocrx_word' id='word_1_430' title='bbox 1267 1070 1340 1093; x_wconf 79' lang='lat' dir='ltr'>sem,</span> <span class='ocrx_word' id='word_1_431' title='bbox 1362 1062 1554 1097; x_wconf 83' lang='lat' dir='ltr'>interpositae</span> <span class='ocrx_word' id='word_1_432' title='bbox 1578 1065 1705 1098; x_wconf 84' lang='lat' dir='ltr'>fuerant,</span> <span class='ocrx_word' id='word_1_433' title='bbox 1727 1074 1853 1100; x_wconf 80' lang='lat' dir='ltr'>eumque</span> <span class='ocrx_word' id='word_1_434' title='bbox 1874 1071 1954 1100; x_wconf 71' lang='lat' dir='ltr'>rogat</span> <span class='ocrx_word' id='word_1_435' title='bbox 1974 1070 2002 1094; x_wconf 89' lang='lat' dir='ltr'>et</span> <span class='ocrx_word' id='word_1_436' title='bbox 2025 1069 2158 1096; x_wconf 83' lang='lat' dir='ltr'>hortatur</span> <span class='ocrx_word' id='word_1_437' title='bbox 2178 1073 2277 1104; x_wconf 87' lang='lat' dir='ltr'>quate-</span> 
     </span>
     <span class='ocr_line' id='line_1_62' title="bbox 1268 1111 2277 1152; baseline 0.009 -16"><span class='ocrx_word' id='word_1_438' title='bbox 1268 1119 1323 1136; x_wconf 88' lang='lat' dir='ltr'>nus</span> <span class='ocrx_word' id='word_1_439' title='bbox 1339 1111 1449 1144; x_wconf 65' lang='lat' dir='ltr'>rogalia</span> <span class='ocrx_word' id='word_1_440' title='bbox 1463 1112 1691 1140; x_wconf 85' lang='lat' dir='ltr'>Catalaunensis</span> <span class='ocrx_word' id='word_1_441' title='bbox 1712 1115 1854 1141; x_wconf 80' lang='lat' dir='ltr'>ecclesiae</span> <span class='ocrx_word' id='word_1_442' title='bbox 1865 1124 1898 1141; x_wconf 86' lang='lat' dir='ltr'>ac</span> <span class='ocrx_word' id='word_1_443' title='bbox 1913 1117 2025 1142; x_wconf 67' lang='lat' dir='ltr'>frus-tus</span> <span class='ocrx_word' id='word_1_444' title='bbox 2037 1126 2053 1143; x_wconf 90' lang='lat' dir='ltr'>a</span> <span class='ocrx_word' id='word_1_445' title='bbox 2065 1120 2195 1152; x_wconf 89' lang='lat' dir='ltr'>tempore</span> <span class='ocrx_word' id='word_1_446' title='bbox 2212 1128 2277 1145; x_wconf 90' lang='lat' dir='ltr'>con—</span> 
     </span>
     <span class='ocr_line' id='line_1_63' title="bbox 1268 1159 2277 1197; baseline 0.01 -12"><span class='ocrx_word' id='word_1_447' title='bbox 1268 1159 1445 1186; x_wconf 85' lang='lat' dir='ltr'>firmationis</span> <span class='ocrx_word' id='word_1_448' title='bbox 1470 1161 1600 1193; x_wconf 78' lang='lat' dir='ltr'>ejusdem</span> <span class='ocrx_word' id='word_1_449' title='bbox 1628 1163 1714 1189; x_wconf 76' lang='lat' dir='ltr'>electi</span> <span class='ocrx_word' id='word_1_450' title='bbox 1745 1166 1911 1197; x_wconf 79' lang='lat' dir='ltr'>perceptos.</span> <span class='ocrx_word' id='word_1_451' title='bbox 1942 1165 2037 1191; x_wconf 89' lang='lat' dir='ltr'>cidem</span> <span class='ocrx_word' id='word_1_452' title='bbox 2066 1167 2158 1193; x_wconf 74' lang='lat' dir='ltr'>electo</span> <span class='ocrx_word' id='word_1_453' title='bbox 2188 1168 2277 1195; x_wconf 84' lang='lat' dir='ltr'>faciat</span> 
     </span>
     <span class='ocr_line' id='line_1_64' title="bbox 1266 1207 2275 1246; baseline 0.01 -13"><span class='ocrx_word' id='word_1_454' title='bbox 1266 1207 1422 1241; x_wconf 81' lang='lat' dir='ltr'>assignari.</span> <span class='ocrx_word' id='word_1_455' title='bbox 1444 1223 1476 1227; x_wconf 72' lang='lat'><strong>—</strong></span> <span class='ocrx_word' id='word_1_456' title='bbox 1496 1210 1583 1240; x_wconf 72' lang='lat' dir='ltr'>(REG.</span> <span class='ocrx_word' id='word_1_457' title='bbox 1601 1210 1646 1241; x_wconf 78' lang='lat'>20,</span> <span class='ocrx_word' id='word_1_458' title='bbox 1665 1212 1684 1236; x_wconf 90' lang='lat' dir='ltr'>f.</span> <span class='ocrx_word' id='word_1_459' title='bbox 1702 1211 1736 1237; x_wconf 90' lang='grc'>69</span> <span class='ocrx_word' id='word_1_460' title='bbox 1752 1214 1792 1243; x_wconf 75' lang='grc' dir='ltr'>ι·”;</span> <span class='ocrx_word' id='word_1_461' title='bbox 1809 1220 1879 1238; x_wconf 86' lang='lat' dir='ltr'>ann.</span> <span class='ocrx_word' id='word_1_462' title='bbox 1897 1212 1965 1241; x_wconf 78' lang='lat' dir='ltr'>XV.</span> <span class='ocrx_word' id='word_1_463' title='bbox 1983 1222 2007 1239; x_wconf 94' lang='lat' dir='ltr'>c.</span> <span class='ocrx_word' id='word_1_464' title='bbox 2025 1214 2076 1246; x_wconf 67' lang='lat'>313</span> <span class='ocrx_word' id='word_1_465' title='bbox 2095 1229 2127 1232; x_wconf 95' lang='lat'>—</span> <span class='ocrx_word' id='word_1_466' title='bbox 2144 1215 2275 1243; x_wconf 69' lang='lat' dir='ltr'>MOREAU</span> 
     </span>
     <span class='ocr_line' id='line_1_65' title="bbox 1268 1256 2179 1294; baseline 0.009 -12"><span class='ocrx_word' id='word_1_467' title='bbox 1268 1256 1346 1289; x_wconf 85' lang='lat'>1193,</span> <span class='ocrx_word' id='word_1_468' title='bbox 1365 1257 1384 1282; x_wconf 91' lang='lat' dir='ltr'>f.</span> <span class='ocrx_word' id='word_1_469' title='bbox 1399 1256 1465 1289; x_wconf 77' lang='lat'>279;</span> <span class='ocrx_word' id='word_1_470' title='bbox 1485 1272 1516 1275; x_wconf 98' lang='lat'><strong>—</strong></span> <span class='ocrx_word' id='word_1_471' title='bbox 1533 1258 1806 1292; x_wconf 66' lang='lat' dir='ltr'>Porrmsr11003;</span> <span class='ocrx_word' id='word_1_472' title='bbox 1823 1275 1857 1278; x_wconf 86' lang='lat'>——</span> <span class='ocrx_word' id='word_1_473' title='bbox 1873 1261 1910 1287; x_wconf 88' lang='lat' dir='ltr'>cf.</span> <span class='ocrx_word' id='word_1_474' title='bbox 1927 1268 2025 1293; x_wconf 75' lang='lat' dir='ltr'>supra,</span> <span class='ocrx_word' id='word_1_475' title='bbox 2043 1265 2071 1288; x_wconf 80' lang='lat' dir='ltr'>n”</span> <span class='ocrx_word' id='word_1_476' title='bbox 2086 1263 2179 1294; x_wconf 78' lang='lat'>5971.)</span> 
     </span>
    </p>
   </div>
   <div class='ocr_carea' id='block_1_14' title="bbox 1846 858 2204 891">
    <p class='ocr_par' dir='ltr' id='par_1_16' title="bbox 1846 858 2204 891">
     <span class='ocr_line' id='line_1_66' title="bbox 1846 858 2204 891; baseline 0.006 -7"><span class='ocrx_word' id='word_1_477' title='bbox 1846 858 1966 891; x_wconf 85' lang='lat' dir='ltr'>Latran,</span> <span class='ocrx_word' id='word_1_478' title='bbox 1984 860 2017 885; x_wconf 86' lang='lat'>15</span> <span class='ocrx_word' id='word_1_479' title='bbox 2032 860 2109 887; x_wconf 84' lang='lat' dir='ltr'>avril</span> <span class='ocrx_word' id='word_1_480' title='bbox 2126 861 2204 888; x_wconf 69' lang='lat'>1241.</span> 
     </span>
    </p>
   </div>
   <div class='ocr_carea' id='block_1_15' title="bbox 1264 1358 2279 2551">
    <p class='ocr_par' dir='ltr' id='par_1_17' title="bbox 1264 1358 2279 2551">
     <span class='ocr_line' id='line_1_67' title="bbox 1308 1358 2276 1401; baseline 0.011 -17"><span class='ocrx_word' id='word_1_481' title='bbox 1308 1369 1320 1382; x_wconf 70' lang='grc' dir='ltr'>α</span> <span class='ocrx_word' id='word_1_482' title='bbox 1340 1380 1358 1385; x_wconf 94' lang='grc'>..</span> <span class='ocrx_word' id='word_1_483' title='bbox 1376 1358 1494 1386; x_wconf 67' lang='lat' dir='ltr'>illustri</span> <span class='ocrx_word' id='word_1_484' title='bbox 1509 1360 1574 1395; x_wconf 68' lang='lat' dir='ltr'>regn·</span> <span class='ocrx_word' id='word_1_485' title='bbox 1587 1360 1727 1388; x_wconf 77' lang='lat' dir='ltr'>Francie.</span> <span class='ocrx_word' id='word_1_486' title='bbox 1743 1361 1786 1390; x_wconf 88' lang='lat' dir='ltr'>Ut</span> <span class='ocrx_word' id='word_1_487' title='bbox 1801 1360 1830 1390; x_wconf 90' lang='lat' dir='ltr'>ei</span> <span class='ocrx_word' id='word_1_488' title='bbox 1847 1362 1894 1390; x_wconf 63' lang='grc' dir='ltr'>[οἱ</span> <span class='ocrx_word' id='word_1_489' title='bbox 1912 1379 1960 1391; x_wconf 93' lang='grc'>-.</span> <span class='ocrx_word' id='word_1_490' title='bbox 1979 1362 2069 1392; x_wconf 85' lang='lat' dir='ltr'>Licet</span> <span class='ocrx_word' id='word_1_491' title='bbox 2084 1363 2197 1401; x_wconf 77' lang='lat' dir='ltr'>igitur,</span> <span class='ocrx_word' id='word_1_492' title='bbox 2216 1365 2276 1395; x_wconf 88' lang='lat' dir='ltr'>du-</span> 
     </span>
     <span class='ocr_line' id='line_1_68' title="bbox 1266 1408 2275 1449; baseline 0.011 -12"><span class='ocrx_word' id='word_1_493' title='bbox 1266 1408 1343 1438; x_wconf 91' lang='lat' dir='ltr'>dum</span> <span class='ocrx_word' id='word_1_494' title='bbox 1369 1410 1509 1440; x_wconf 80' lang='lat' dir='ltr'>ecclesia</span> <span class='ocrx_word' id='word_1_495' title='bbox 1532 1411 1795 1443; x_wconf 81' lang='lat' dir='ltr'>Cathalannensi</span> <span class='ocrx_word' id='word_1_496' title='bbox 1819 1419 1967 1449; x_wconf 77' lang='lat' dir='ltr'>vacante,</span> <span class='ocrx_word' id='word_1_497' title='bbox 1993 1425 2029 1445; x_wconf 86' lang='lat' dir='ltr'>ac</span> <span class='ocrx_word' id='word_1_498' title='bbox 2053 1416 2212 1447; x_wconf 88' lang='lat' dir='ltr'>electione</span> <span class='ocrx_word' id='word_1_499' title='bbox 2237 1419 2275 1449; x_wconf 90' lang='lat' dir='ltr'>de</span> 
     </span>
     <span class='ocr_line' id='line_1_69' title="bbox 1265 1461 2276 1503; baseline 0.011 -13"><span class='ocrx_word' id='word_1_500' title='bbox 1265 1461 1385 1492; x_wconf 88' lang='lat' dir='ltr'>dilecto</span> <span class='ocrx_word' id='word_1_501' title='bbox 1399 1463 1466 1492; x_wconf 85' lang='lat' dir='ltr'>filio</span> <span class='ocrx_word' id='word_1_502' title='bbox 1481 1464 1645 1503; x_wconf 80' lang='lat' dir='ltr'>J[offrido]</span> <span class='ocrx_word' id='word_1_503' title='bbox 1661 1466 1698 1495; x_wconf 91' lang='lat' dir='ltr'>de</span> <span class='ocrx_word' id='word_1_504' title='bbox 1713 1466 1838 1496; x_wconf 88' lang='lat' dir='ltr'>Grandi</span> <span class='ocrx_word' id='word_1_505' title='bbox 1854 1468 1949 1497; x_wconf 81' lang='lat' dir='ltr'>Pralo</span> <span class='ocrx_word' id='word_1_506' title='bbox 1963 1468 1995 1497; x_wconf 90' lang='lat' dir='ltr'>in</span> <span class='ocrx_word' id='word_1_507' title='bbox 2011 1469 2123 1499; x_wconf 90' lang='lat' dir='ltr'>eadem</span> <span class='ocrx_word' id='word_1_508' title='bbox 2137 1471 2276 1501; x_wconf 83' lang='lat' dir='ltr'>ecclesia</span> 
     </span>
     <span class='ocr_line' id='line_1_70' title="bbox 1265 1515 2275 1563; baseline 0.01 -19"><span class='ocrx_word' id='word_1_509' title='bbox 1265 1515 1441 1551; x_wconf 79' lang='lat' dir='ltr'>celebrata,</span> <span class='ocrx_word' id='word_1_510' title='bbox 1460 1521 1490 1546; x_wconf 84' lang='lat' dir='ltr'>et</span> <span class='ocrx_word' id='word_1_511' title='bbox 1507 1518 1701 1547; x_wconf 81' lang='lat' dir='ltr'>confirmata</span> <span class='ocrx_word' id='word_1_512' title='bbox 1717 1528 1774 1557; x_wconf 85' lang='lat' dir='ltr'>per</span> <span class='ocrx_word' id='word_1_513' title='bbox 1791 1519 1874 1550; x_wconf 85' lang='lat' dir='ltr'>bone</span> <span class='ocrx_word' id='word_1_514' title='bbox 1890 1522 2047 1552; x_wconf 80' lang='lat' dir='ltr'>memorie</span> <span class='ocrx_word' id='word_1_515' title='bbox 2064 1546 2082 1551; x_wconf 92' lang='lat'>..</span> <span class='ocrx_word' id='word_1_516' title='bbox 2097 1524 2275 1563; x_wconf 86' lang='lat' dir='ltr'>archiepis-</span> 
     </span>
     <span class='ocr_line' id='line_1_71' title="bbox 1265 1570 2275 1611; baseline 0.011 -14"><span class='ocrx_word' id='word_1_517' title='bbox 1265 1577 1380 1606; x_wconf 87' lang='lat' dir='ltr'>copmn</span> <span class='ocrx_word' id='word_1_518' title='bbox 1400 1570 1611 1605; x_wconf 81' lang='lat' dir='ltr'>Remensem,</span> <span class='ocrx_word' id='word_1_519' title='bbox 1630 1571 1691 1601; x_wconf 73' lang='lat' dir='ltr'>loci</span> <span class='ocrx_word' id='word_1_520' title='bbox 1709 1573 2010 1611; x_wconf 85' lang='lat' dir='ltr'>metropolitanum,</span> <span class='ocrx_word' id='word_1_521' title='bbox 2029 1576 2168 1607; x_wconf 86' lang='lat' dir='ltr'>dilectus</span> <span class='ocrx_word' id='word_1_522' title='bbox 2186 1578 2275 1608; x_wconf 87' lang='lat' dir='ltr'>filius</span> 
     </span>
     <span class='ocr_line' id='line_1_72' title="bbox 1267 1621 2276 1668; baseline 0.01 -18"><span class='ocrx_word' id='word_1_523' title='bbox 1267 1645 1286 1650; x_wconf 92' lang='lat'>..</span> <span class='ocrx_word' id='word_1_524' title='bbox 1309 1621 1538 1652; x_wconf 86' lang='lat' dir='ltr'>thesaurarius</span> <span class='ocrx_word' id='word_1_525' title='bbox 1556 1623 1837 1655; x_wconf 82' lang='lat' dir='ltr'>Cathalaunensis</span> <span class='ocrx_word' id='word_1_526' title='bbox 1856 1627 2095 1665; x_wconf 84' lang='lat' dir='ltr'>appellationes</span> <span class='ocrx_word' id='word_1_527' title='bbox 2118 1639 2180 1668; x_wconf 85' lang='lat' dir='ltr'>que</span> <span class='ocrx_word' id='word_1_528' title='bbox 2198 1640 2276 1660; x_wconf 87' lang='lat' dir='ltr'>con-</span> 
     </span>
     <span class='ocr_line' id='line_1_73' title="bbox 1267 1675 2275 1722; baseline 0.01 -19"><span class='ocrx_word' id='word_1_529' title='bbox 1267 1679 1316 1704; x_wconf 83' lang='lat' dir='ltr'>tra</span> <span class='ocrx_word' id='word_1_530' title='bbox 1338 1675 1480 1705; x_wconf 87' lang='lat' dir='ltr'>eundem</span> <span class='ocrx_word' id='word_1_531' title='bbox 1503 1675 1642 1706; x_wconf 81' lang='lat' dir='ltr'>electum</span> <span class='ocrx_word' id='word_1_532' title='bbox 1667 1677 1863 1708; x_wconf 81' lang='lat' dir='ltr'>dicebantur</span> <span class='ocrx_word' id='word_1_533' title='bbox 1886 1679 2091 1718; x_wconf 77' lang='lat' dir='ltr'>interposite,</span> <span class='ocrx_word' id='word_1_534' title='bbox 2119 1684 2275 1722; x_wconf 87' lang='lat' dir='ltr'>prosequi</span> 
     </span>
     <span class='ocr_line' id='line_1_74' title="bbox 1267 1727 2275 1772; baseline 0.009 -16"><span class='ocrx_word' id='word_1_535' title='bbox 1267 1727 1428 1757; x_wconf 78' lang='lat' dir='ltr'>niteretur</span> <span class='ocrx_word' id='word_1_536' title='bbox 1447 1738 1451 1756; x_wconf 94' lang='lat'><strong>:</strong></span> <span class='ocrx_word' id='word_1_537' title='bbox 1473 1728 1552 1766; x_wconf 84' lang='lat' dir='ltr'>quia</span> <span class='ocrx_word' id='word_1_538' title='bbox 1570 1733 1678 1759; x_wconf 86' lang='lat' dir='ltr'>tamen</span> <span class='ocrx_word' id='word_1_539' title='bbox 1701 1738 1771 1765; x_wconf 84' lang='lat' dir='ltr'>nos,</span> <span class='ocrx_word' id='word_1_540' title='bbox 1794 1739 1834 1760; x_wconf 87' lang='lat' dir='ltr'>nc</span> <span class='ocrx_word' id='word_1_541' title='bbox 1855 1731 1942 1761; x_wconf 84' lang='lat' dir='ltr'>dicta</span> <span class='ocrx_word' id='word_1_542' title='bbox 1961 1732 2101 1762; x_wconf 78' lang='lat' dir='ltr'>ecclesia</span> <span class='ocrx_word' id='word_1_543' title='bbox 2119 1734 2152 1762; x_wconf 91' lang='lat' dir='ltr'>in</span> <span class='ocrx_word' id='word_1_544' title='bbox 2175 1735 2275 1772; x_wconf 89' lang='lat' dir='ltr'>spiri-</span> 
     </span>
     <span class='ocr_line' id='line_1_75' title="bbox 1265 1779 2275 1821; baseline 0.009 -13"><span class='ocrx_word' id='word_1_545' title='bbox 1265 1779 1411 1810; x_wconf 84' lang='lat' dir='ltr'>tualibus</span> <span class='ocrx_word' id='word_1_546' title='bbox 1435 1781 1485 1810; x_wconf 82' lang='lat' dir='ltr'>vel</span> <span class='ocrx_word' id='word_1_547' title='bbox 1509 1781 1543 1810; x_wconf 90' lang='lat' dir='ltr'>in</span> <span class='ocrx_word' id='word_1_548' title='bbox 1569 1782 1806 1820; x_wconf 85' lang='lat' dir='ltr'>temporalibus</span> <span class='ocrx_word' id='word_1_549' title='bbox 1830 1793 1962 1821; x_wconf 78' lang='lat' dir='ltr'>gravem</span> <span class='ocrx_word' id='word_1_550' title='bbox 1986 1786 2166 1816; x_wconf 87' lang='lat' dir='ltr'>sustineret</span> <span class='ocrx_word' id='word_1_551' title='bbox 2189 1787 2275 1817; x_wconf 85' lang='lat' dir='ltr'>ulte-</span> 
     </span>
     <span class='ocr_line' id='line_1_76' title="bbox 1265 1833 2274 1878; baseline 0.01 -17"><span class='ocrx_word' id='word_1_552' title='bbox 1265 1833 1335 1863; x_wconf 90' lang='lat' dir='ltr'>rius</span> <span class='ocrx_word' id='word_1_553' title='bbox 1352 1833 1523 1867; x_wconf 87' lang='lat' dir='ltr'>lesioncm,</span> <span class='ocrx_word' id='word_1_554' title='bbox 1537 1843 1670 1864; x_wconf 77' lang='lat' dir='ltr'>causam</span> <span class='ocrx_word' id='word_1_555' title='bbox 1690 1835 1796 1873; x_wconf 84' lang='lat' dir='ltr'>ipsam</span> <span class='ocrx_word' id='word_1_556' title='bbox 1816 1846 1920 1874; x_wconf 88' lang='lat' dir='ltr'>nuper</span> <span class='ocrx_word' id='word_1_557' title='bbox 1938 1838 1977 1866; x_wconf 90' lang='lat' dir='ltr'>ad</span> <span class='ocrx_word' id='word_1_558' title='bbox 1994 1847 2130 1868; x_wconf 85' lang='lat' dir='ltr'>examen</span> <span class='ocrx_word' id='word_1_559' title='bbox 2148 1844 2274 1878; x_wconf 86' lang='lat' dir='ltr'>aposto-</span> 
     </span>
     <span class='ocr_line' id='line_1_77' title="bbox 1264 1885 2274 1931; baseline 0.009 -17"><span class='ocrx_word' id='word_1_560' title='bbox 1264 1885 1364 1915; x_wconf 90' lang='lat' dir='ltr'>licum</span> <span class='ocrx_word' id='word_1_561' title='bbox 1382 1892 1585 1917; x_wconf 75' lang='lat' dir='ltr'>revocantes.</span> <span class='ocrx_word' id='word_1_562' title='bbox 1605 1897 1641 1917; x_wconf 84' lang='lat' dir='ltr'>ex</span> <span class='ocrx_word' id='word_1_563' title='bbox 1659 1889 1837 1926; x_wconf 84' lang='lat' dir='ltr'>apostolice</span> <span class='ocrx_word' id='word_1_564' title='bbox 1854 1890 2026 1920; x_wconf 81' lang='lat' dir='ltr'>servitutis</span> <span class='ocrx_word' id='word_1_565' title='bbox 2045 1892 2151 1922; x_wconf 84' lang='lat' dir='ltr'>officio</span> <span class='ocrx_word' id='word_1_566' title='bbox 2166 1894 2274 1931; x_wconf 80' lang='lat' dir='ltr'>quoad</span> 
     </span>
     <span class='ocr_line' id='line_1_78' title="bbox 1265 1939 2274 1983; baseline 0.008 -15"><span class='ocrx_word' id='word_1_567' title='bbox 1265 1939 1453 1969; x_wconf 81' lang='lat' dir='ltr'>faciendum</span> <span class='ocrx_word' id='word_1_568' title='bbox 1475 1940 1650 1979; x_wconf 83' lang='lat' dir='ltr'>judicium,</span> <span class='ocrx_word' id='word_1_569' title='bbox 1678 1941 1725 1971; x_wconf 81' lang='lat' dir='ltr'>ita</span> <span class='ocrx_word' id='word_1_570' title='bbox 1750 1951 1865 1972; x_wconf 81' lang='lat' dir='ltr'>sumus</span> <span class='ocrx_word' id='word_1_571' title='bbox 1892 1943 2031 1978; x_wconf 78' lang='lat' dir='ltr'>astricti,</span> <span class='ocrx_word' id='word_1_572' title='bbox 2059 1946 2144 1983; x_wconf 76' lang='lat' dir='ltr'>quod</span> <span class='ocrx_word' id='word_1_573' title='bbox 2173 1946 2274 1976; x_wconf 83' lang='lat' dir='ltr'>decli-</span> 
     </span>
     <span class='ocr_line' id='line_1_79' title="bbox 1265 1994 2274 2034; baseline 0.008 -13"><span class='ocrx_word' id='word_1_574' title='bbox 1265 2001 1343 2022; x_wconf 86' lang='lat' dir='ltr'>nare</span> <span class='ocrx_word' id='word_1_575' title='bbox 1372 2002 1436 2022; x_wconf 91' lang='lat' dir='ltr'>non</span> <span class='ocrx_word' id='word_1_576' title='bbox 1465 2002 1641 2031; x_wconf 86' lang='lat' dir='ltr'>possumus</span> <span class='ocrx_word' id='word_1_577' title='bbox 1669 1994 1708 2023; x_wconf 87' lang='lat' dir='ltr'>ad</span> <span class='ocrx_word' id='word_1_578' title='bbox 1735 1995 1902 2024; x_wconf 81' lang='lat' dir='ltr'>dexteram</span> <span class='ocrx_word' id='word_1_579' title='bbox 1930 1996 1980 2025; x_wconf 77' lang='lat' dir='ltr'>vel</span> <span class='ocrx_word' id='word_1_580' title='bbox 2008 1997 2209 2034; x_wconf 55' lang='lat' dir='ltr'>sinisti-anfi,</span> <span class='ocrx_word' id='word_1_581' title='bbox 2236 2000 2274 2030; x_wconf 87' lang='lat' dir='ltr'>de</span> 
     </span>
     <span class='ocr_line' id='line_1_80' title="bbox 1266 2045 2275 2083; baseline 0.009 -10"><span class='ocrx_word' id='word_1_582' title='bbox 1266 2045 1404 2075; x_wconf 82' lang='lat' dir='ltr'>fratrum</span> <span class='ocrx_word' id='word_1_583' title='bbox 1425 2050 1612 2075; x_wconf 89' lang='lat' dir='ltr'>nostrorum</span> <span class='ocrx_word' id='word_1_584' title='bbox 1632 2047 1773 2076; x_wconf 83' lang='lat' dir='ltr'>consilio</span> <span class='ocrx_word' id='word_1_585' title='bbox 1790 2048 1931 2078; x_wconf 89' lang='lat' dir='ltr'>cundem</span> <span class='ocrx_word' id='word_1_586' title='bbox 1954 2049 2199 2081; x_wconf 82' lang='lat' dir='ltr'>thesaurarium</span> <span class='ocrx_word' id='word_1_587' title='bbox 2219 2053 2275 2083; x_wconf 84' lang='lat' dir='ltr'>de-</span> 
     </span>
     <span class='ocr_line' id='line_1_81' title="bbox 1264 2099 2275 2141; baseline 0.008 -14"><span class='ocrx_word' id='word_1_588' title='bbox 1264 2099 1429 2128; x_wconf 82' lang='lat' dir='ltr'>crevimus</span> <span class='ocrx_word' id='word_1_589' title='bbox 1459 2108 1524 2128; x_wconf 89' lang='lat' dir='ltr'>non</span> <span class='ocrx_word' id='word_1_590' title='bbox 1553 2108 1624 2129; x_wconf 86' lang='lat' dir='ltr'>esse</span> <span class='ocrx_word' id='word_1_591' title='bbox 1655 2100 1694 2129; x_wconf 88' lang='lat' dir='ltr'>ad</span> <span class='ocrx_word' id='word_1_592' title='bbox 1721 2101 1987 2138; x_wconf 84' lang='lat' dir='ltr'>prosecutionem</span> <span class='ocrx_word' id='word_1_593' title='bbox 2017 2104 2275 2141; x_wconf 81' lang='lat' dir='ltr'>appellationum</span> 
     </span>
     <span class='ocr_line' id='line_1_82' title="bbox 1265 2150 2277 2197; baseline 0.009 -18"><span class='ocrx_word' id='word_1_594' title='bbox 1265 2150 1457 2189; x_wconf 87' lang='lat' dir='ltr'>hujusmodi</span> <span class='ocrx_word' id='word_1_595' title='bbox 1483 2152 1740 2189; x_wconf 81' lang='lat' dir='ltr'>admittendum,</span> <span class='ocrx_word' id='word_1_596' title='bbox 1769 2153 1919 2192; x_wconf 77' lang='lat' dir='ltr'>re[giam]</span> <span class='ocrx_word' id='word_1_597' title='bbox 1947 2155 2200 2197; x_wconf 78' lang='lat' dir='ltr'>ex[cellenliam]</span> <span class='ocrx_word' id='word_1_598' title='bbox 2225 2168 2277 2188; x_wconf 89' lang='lat' dir='ltr'>ro-</span> 
     </span>
     <span class='ocr_line' id='line_1_83' title="bbox 1265 2202 2277 2247; baseline 0.01 -16"><span class='ocrx_word' id='word_1_599' title='bbox 1265 2202 1405 2242; x_wconf 82' lang='lat' dir='ltr'>[gantes]</span> <span class='ocrx_word' id='word_1_600' title='bbox 1423 2208 1451 2233; x_wconf 78' lang='lat' dir='ltr'>et</span> <span class='ocrx_word' id='word_1_601' title='bbox 1470 2204 1667 2244; x_wconf 69' lang='lat' dir='ltr'>hou-[tantes]</span> <span class='ocrx_word' id='word_1_602' title='bbox 1686 2205 1834 2245; x_wconf 58' lang='lat' dir='ltr'>amente]</span> <span class='ocrx_word' id='word_1_603' title='bbox 1853 2212 2027 2245; x_wconf 74' lang='lat' dir='ltr'>quatenus,</span> <span class='ocrx_word' id='word_1_604' title='bbox 2045 2210 2207 2247; x_wconf 81' lang='lat' dir='ltr'>predictos</span> <span class='ocrx_word' id='word_1_605' title='bbox 2225 2222 2277 2241; x_wconf 73' lang='lat' dir='ltr'>ec-</span> 
     </span>
     <span class='ocr_line' id='line_1_84' title="bbox 1264 2256 2276 2299; baseline 0.01 -14"><span class='ocrx_word' id='word_1_606' title='bbox 1264 2256 1400 2286; x_wconf 73' lang='lat' dir='ltr'>clesiam</span> <span class='ocrx_word' id='word_1_607' title='bbox 1424 2261 1455 2286; x_wconf 84' lang='lat' dir='ltr'>et</span> <span class='ocrx_word' id='word_1_608' title='bbox 1483 2257 1623 2287; x_wconf 86' lang='lat' dir='ltr'>electum</span> <span class='ocrx_word' id='word_1_609' title='bbox 1650 2258 1776 2288; x_wconf 88' lang='lat' dir='ltr'>habens</span> <span class='ocrx_word' id='word_1_610' title='bbox 1802 2268 1860 2297; x_wconf 91' lang='lat' dir='ltr'>pro</span> <span class='ocrx_word' id='word_1_611' title='bbox 1886 2259 1998 2290; x_wconf 89' lang='lat' dir='ltr'>divina</span> <span class='ocrx_word' id='word_1_612' title='bbox 2024 2264 2219 2299; x_wconf 78' lang='lat' dir='ltr'>reverentia,</span> <span class='ocrx_word' id='word_1_613' title='bbox 2247 2270 2276 2295; x_wconf 90' lang='lat' dir='ltr'>et</span> 
     </span>
     <span class='ocr_line' id='line_1_85' title="bbox 1265 2309 2275 2351; baseline 0.009 -13"><span class='ocrx_word' id='word_1_614' title='bbox 1265 2309 1453 2347; x_wconf 85' lang='lat' dir='ltr'>Apostolice</span> <span class='ocrx_word' id='word_1_615' title='bbox 1476 2310 1570 2340; x_wconf 85' lang='lat' dir='ltr'>Sedis</span> <span class='ocrx_word' id='word_1_616' title='bbox 1595 2316 1625 2341; x_wconf 86' lang='lat' dir='ltr'>et</span> <span class='ocrx_word' id='word_1_617' title='bbox 1650 2316 1772 2347; x_wconf 81' lang='lat' dir='ltr'>nostra,</span> <span class='ocrx_word' id='word_1_618' title='bbox 1796 2313 1994 2350; x_wconf 85' lang='lat' dir='ltr'>propensius</span> <span class='ocrx_word' id='word_1_619' title='bbox 2020 2317 2275 2351; x_wconf 81' lang='lat' dir='ltr'>commendatos,</span> 
     </span>
     <span class='ocr_line' id='line_1_86' title="bbox 1266 2362 2279 2406; baseline 0.009 -15"><span class='ocrx_word' id='word_1_620' title='bbox 1266 2362 1391 2400; x_wconf 73' lang='lat' dir='ltr'>regalia</span> <span class='ocrx_word' id='word_1_621' title='bbox 1408 2363 1516 2401; x_wconf 84' lang='lat' dir='ltr'>ipsius</span> <span class='ocrx_word' id='word_1_622' title='bbox 1538 2364 1677 2394; x_wconf 80' lang='lat' dir='ltr'>ecclesie</span> <span class='ocrx_word' id='word_1_623' title='bbox 1697 2374 1733 2394; x_wconf 85' lang='lat' dir='ltr'>ac</span> <span class='ocrx_word' id='word_1_624' title='bbox 1757 2370 1927 2403; x_wconf 82' lang='lat' dir='ltr'>perceptos</span> <span class='ocrx_word' id='word_1_625' title='bbox 1952 2376 1969 2395; x_wconf 87' lang='lat' dir='ltr'>a</span> <span class='ocrx_word' id='word_1_626' title='bbox 1994 2371 2137 2406; x_wconf 85' lang='lat' dir='ltr'>tempore</span> <span class='ocrx_word' id='word_1_627' title='bbox 2159 2371 2279 2400; x_wconf 80' lang='lat' dir='ltr'>confir-</span> 
     </span>
     <span class='ocr_line' id='line_1_87' title="bbox 1266 2415 2279 2452; baseline 0.009 -8"><span class='ocrx_word' id='word_1_628' title='bbox 1266 2415 1423 2445; x_wconf 84' lang='lat' dir='ltr'>mationis</span> <span class='ocrx_word' id='word_1_629' title='bbox 1445 2416 1590 2451; x_wconf 78' lang='lat' dir='ltr'>fructus,</span> <span class='ocrx_word' id='word_1_630' title='bbox 1615 2417 1720 2446; x_wconf 82' lang='lat' dir='ltr'>eidem</span> <span class='ocrx_word' id='word_1_631' title='bbox 1744 2417 1846 2447; x_wconf 77' lang='lat' dir='ltr'>electo</span> <span class='ocrx_word' id='word_1_632' title='bbox 1869 2418 1973 2448; x_wconf 73' lang='lat' dir='ltr'>facias</span> <span class='ocrx_word' id='word_1_633' title='bbox 1994 2419 2177 2451; x_wconf 70' lang='lat' dir='ltr'>liberaliter</span> <span class='ocrx_word' id='word_1_634' title='bbox 2194 2424 2279 2452; x_wconf 77' lang='lat' dir='ltr'>assi-</span> 
     </span>
     <span class='ocr_line' id='line_1_88' title="bbox 1266 2469 2278 2514; baseline 0.009 -17"><span class='ocrx_word' id='word_1_635' title='bbox 1266 2469 1372 2506; x_wconf 81' lang='lat' dir='ltr'>gnari.</span> <span class='ocrx_word' id='word_1_636' title='bbox 1388 2469 1460 2499; x_wconf 83' lang='lat' dir='ltr'>Dat.</span> <span class='ocrx_word' id='word_1_637' title='bbox 1477 2469 1643 2505; x_wconf 78' lang='lat' dir='ltr'>Laterani,</span> <span class='ocrx_word' id='word_1_638' title='bbox 1657 2471 1752 2500; x_wconf 82' lang='lat' dir='ltr'>XVII</span> <span class='ocrx_word' id='word_1_639' title='bbox 1766 2470 1925 2501; x_wconf 78' lang='lat' dir='ltr'>kalendas</span> <span class='ocrx_word' id='word_1_640' title='bbox 1941 2473 2029 2508; x_wconf 75' lang='lat' dir='ltr'>maii,</span> <span class='ocrx_word' id='word_1_641' title='bbox 2046 2483 2132 2504; x_wconf 88' lang='lat' dir='ltr'>anno</span> <span class='ocrx_word' id='word_1_642' title='bbox 2145 2476 2278 2514; x_wconf 80' lang='lat' dir='ltr'>quinto-</span> 
     </span>
     <span class='ocr_line' id='line_1_89' title="bbox 1267 2520 1440 2551; baseline 0.012 -2"><span class='ocrx_word' id='word_1_643' title='bbox 1267 2520 1405 2551; x_wconf 82' lang='lat' dir='ltr'>decimo.</span> <span class='ocrx_word' id='word_1_644' title='bbox 1428 2534 1440 2547; x_wconf 76' lang='lat' dir='ltr'>n</span> 
     </span>
    </p>
   </div>
   <div class='ocr_carea' id='block_1_16' title="bbox 1339 2694 1458 2722">
    <p class='ocr_par' dir='ltr' id='par_1_18' title="bbox 1339 2694 1458 2722">
     <span class='ocr_line' id='line_1_90' title="bbox 1339 2694 1458 2722; baseline 0.008 -1"><span class='ocrx_word' id='word_1_645' title='bbox 1339 2694 1458 2722; x_wconf 73' lang='lat'>5984</span> 
     </span>
    </p>
   </div>
   <div class='ocr_carea' id='block_1_17' title="bbox 1304 2757 2279 2795">
    <p class='ocr_par' dir='ltr' id='par_1_19' title="bbox 1304 2757 2279 2795">
     <span class='ocr_line' id='line_1_91' title="bbox 1304 2757 2279 2795; baseline 0.007 -12"><span class='ocrx_word' id='word_1_646' title='bbox 1304 2757 1414 2784; x_wconf 87' lang='lat' dir='ltr'>Abbati</span> <span class='ocrx_word' id='word_1_647' title='bbox 1436 2757 1593 2784; x_wconf 85' lang='lat' dir='ltr'>Tautrcnsi</span> <span class='ocrx_word' id='word_1_648' title='bbox 1617 2759 1663 2790; x_wconf 93' lang='lat'>(=</span> <span class='ocrx_word' id='word_1_649' title='bbox 1683 2758 1718 2785; x_wconf 91' lang='lat' dir='ltr'>de</span> <span class='ocrx_word' id='word_1_650' title='bbox 1739 2758 1900 2792; x_wconf 84' lang='lat' dir='ltr'>Tutteroe)‚</span> <span class='ocrx_word' id='word_1_651' title='bbox 1925 2760 2132 2789; x_wconf 77' lang='lat' dir='ltr'>Cisterciensis</span> <span class='ocrx_word' id='word_1_652' title='bbox 2155 2764 2279 2795; x_wconf 84' lang='lat' dir='ltr'>ordinis,</span> 
     </span>
    </p>
   </div>
   <div class='ocr_carea' id='block_1_18' title="bbox 1847 2697 2214 2737">
    <p class='ocr_par' dir='ltr' id='par_1_20' title="bbox 1847 2697 2214 2737">
     <span class='ocr_line' id='line_1_92' title="bbox 1847 2697 2214 2737; baseline 0.014 -14"><span class='ocrx_word' id='word_1_653' title='bbox 1847 2697 1969 2729; x_wconf 89' lang='lat' dir='ltr'>Latran,</span> <span class='ocrx_word' id='word_1_654' title='bbox 1987 2698 2020 2725; x_wconf 74' lang='lat'>20</span> <span class='ocrx_word' id='word_1_655' title='bbox 2035 2700 2111 2726; x_wconf 89' lang='lat' dir='ltr'>avril</span> <span class='ocrx_word' id='word_1_656' title='bbox 2129 2701 2214 2737; x_wconf 57' lang='lat'>1241,</span> 
     </span>
    </p>
   </div>
   <div class='ocr_carea' id='block_1_19' title="bbox 1270 2869 2282 2989">
    <p class='ocr_par' dir='ltr' id='par_1_21' title="bbox 1270 2869 2282 2989">
     <span class='ocr_line' id='line_1_93' title="bbox 1304 2869 2282 2904; baseline 0.008 -12"><span class='ocrx_word' id='word_1_657' title='bbox 1304 2870 1323 2893; x_wconf 80' lang='lat' dir='ltr'>l.</span> <span class='ocrx_word' id='word_1_658' title='bbox 1344 2869 1417 2893; x_wconf 78' lang='lat' dir='ltr'>Dans</span> <span class='ocrx_word' id='word_1_659' title='bbox 1432 2870 1457 2893; x_wconf 84' lang='lat' dir='ltr'>le</span> <span class='ocrx_word' id='word_1_660' title='bbox 1470 2872 1604 2900; x_wconf 67' lang='lat' dir='ltr'>Regislre,</span> <span class='ocrx_word' id='word_1_661' title='bbox 1623 2878 1658 2894; x_wconf 89' lang='lat' dir='ltr'>on</span> <span class='ocrx_word' id='word_1_662' title='bbox 1674 2871 1706 2895; x_wconf 88' lang='lat' dir='ltr'>lit</span> <span class='ocrx_word' id='word_1_663' title='bbox 1721 2878 1726 2894; x_wconf 73' lang='lat' dir='ltr'><em>z</em></span> <span class='ocrx_word' id='word_1_664' title='bbox 1741 2880 1754 2894; x_wconf 89' lang='lat'>«</span> <span class='ocrx_word' id='word_1_665' title='bbox 1771 2871 1805 2895; x_wconf 90' lang='lat' dir='ltr'>Ut</span> <span class='ocrx_word' id='word_1_666' title='bbox 1820 2873 1843 2896; x_wconf 92' lang='lat' dir='ltr'>ei</span> <span class='ocrx_word' id='word_1_667' title='bbox 1859 2879 1873 2894; x_wconf 79' lang='lat' dir='ltr'>ss</span> <span class='ocrx_word' id='word_1_668' title='bbox 1885 2877 1990 2903; x_wconf 80' lang='lat' dir='ltr'>gratum</span> <span class='ocrx_word' id='word_1_669' title='bbox 2003 2881 2017 2897; x_wconf 70' lang='lat' dir='ltr'>st</span> <span class='ocrx_word' id='word_1_670' title='bbox 2032 2879 2057 2898; x_wconf 84' lang='lat' dir='ltr'>te</span> <span class='ocrx_word' id='word_1_671' title='bbox 2071 2884 2093 2904; x_wconf 74' lang='lat' dir='ltr'>n,</span> <span class='ocrx_word' id='word_1_672' title='bbox 2111 2883 2174 2899; x_wconf 81' lang='lat' dir='ltr'>avoc</span> <span class='ocrx_word' id='word_1_673' title='bbox 2191 2877 2282 2900; x_wconf 81' lang='lat' dir='ltr'>l‘indi-</span> 
     </span>
     <span class='ocr_line' id='line_1_94' title="bbox 1270 2914 2234 2946; baseline 0.007 -9"><span class='ocrx_word' id='word_1_674' title='bbox 1270 2914 1362 2938; x_wconf 86' lang='lat' dir='ltr'>cation</span> <span class='ocrx_word' id='word_1_675' title='bbox 1379 2914 1461 2938; x_wconf 88' lang='lat' dir='ltr'>d&#39;une</span> <span class='ocrx_word' id='word_1_676' title='bbox 1477 2914 1663 2938; x_wconf 77' lang='lat' dir='ltr'>interversion</span> <span class='ocrx_word' id='word_1_677' title='bbox 1679 2916 1693 2938; x_wconf 72' lang='lat' dir='ltr'>a</span> <span class='ocrx_word' id='word_1_678' title='bbox 1709 2916 1775 2939; x_wconf 81' lang='lat' dir='ltr'>faire</span> <span class='ocrx_word' id='word_1_679' title='bbox 1792 2920 1869 2940; x_wconf 86' lang='lat' dir='ltr'>entre</span> <span class='ocrx_word' id='word_1_680' title='bbox 1886 2918 1925 2941; x_wconf 90' lang='lat' dir='ltr'>les</span> <span class='ocrx_word' id='word_1_681' title='bbox 1944 2922 2012 2942; x_wconf 89' lang='lat' dir='ltr'>mots</span> <span class='ocrx_word' id='word_1_682' title='bbox 2029 2923 2140 2946; x_wconf 67' lang='lat' dir='ltr'>eratum</span> <span class='ocrx_word' id='word_1_683' title='bbox 2159 2924 2185 2943; x_wconf 82' lang='lat' dir='ltr'>et</span> <span class='ocrx_word' id='word_1_684' title='bbox 2202 2923 2234 2944; x_wconf 76' lang='lat' dir='ltr'>le.</span> 
     </span>
     <span class='ocr_line' id='line_1_95' title="bbox 1301 2958 1685 2989; baseline 0.003 -7"><span class='ocrx_word' id='word_1_685' title='bbox 1301 2959 1324 2982; x_wconf 69' lang='lat'>2.</span> <span class='ocrx_word' id='word_1_686' title='bbox 1343 2958 1384 2983; x_wconf 82' lang='lat' dir='ltr'>Cf.</span> <span class='ocrx_word' id='word_1_687' title='bbox 1403 2959 1459 2984; x_wconf 56' lang='lat' dir='ltr'>lsi.</span> <span class='ocrx_word' id='word_1_688' title='bbox 1476 2959 1561 2989; x_wconf 88' lang='lat' dir='ltr'>XXX,</span> <span class='ocrx_word' id='word_1_689' title='bbox 1577 2959 1617 2988; x_wconf 71' lang='lat'>21,</span> <span class='ocrx_word' id='word_1_690' title='bbox 1634 2964 1685 2984; x_wconf 85' lang='lat' dir='ltr'>etc.</span> 
     </span>
    </p>
   </div>
  </div>
 </body>
</html>
