2553 3526
299 265 314 294 3
1028 269 1267 299 REGIsTnEs
1291 268 1344 297 DE
1369 262 1590 299 GREGotnE
1617 271 1672 300 [x.
2387 277 2403 305 4

301 334 468 360 aedificium
492 338 690 364 construatur,
715 342 728 359 «
744 344 809 361 cum
838 335 890 361 toti
917 344 951 361 ex
975 336 1026 361 lmc
1051 335 1203 369 provincie
1224 343 1312 369 grave

303 390 315 407 1)
338 383 428 416 possit
442 383 580 409 obvenire
594 383 756 417 peri-:ulum
771 388 797 410 et
811 384 982 410 scandalum
997 385 1129 417 generari
1141 393 1146 415 ;
1160 385 1209 410 sed
1225 385 1312 410 liceat

302 439 315 455 ›)
337 431 425 457 dictis
442 431 683 458 Ferentinatibus
705 431 806 459 libere.
828 435 968 465 tanquam
991 441 1088 462 suum,
1111 435 1240 459 montem
1261 441 1311 459 ex—

302 488 314 502 11
337 481 430 505 colere
446 480 648 513 supradictum
664 489 687 506 1).
707 496 738 498 ἡ
755 482 841 512 (Rea.
862 481 903 508 19.
922 482 940 507 f.
957 479 1127 515 105[99]1·⁰;
1143 490 1212 508 ann.
1228 482 1311 510 XIII.

301 536 325 553 c.
343 528 382 557 2.)

342 642 353 654 «
375 630 531 657 [fnit-ersis
549 634 698 666 presentes
715 631 833 658 litteras
855 631 1047 667 inspecturis.
1072 631 1160 660 Licet
1185 640 1221 660 cx
1245 631 1311 660 Offi-

299 682 342 710 cii
359 699 406 709 —.
430 683 500 710 Dat.
522 682 688 711 Laterani.
713 683 756 711 XI
772 682 931 711 kalendas
948 683 1075 720 aprilis.
1095 685 1310 714 0000161110-

301 734 439 763 decimo.
462 748 472 759 ›»

369 926 492 954 4235

334 990 565 1023 Art-biepiscopo
593 994 618 1017 et
648 991 833 1017 thesaurario
856 991 1118 1018 Curintliiensibus
1146 995 1173 1018 et
1200 992 1311 1018 decano

881 929 1000 959 Latran,
1014 929 1048 955 23
1066 937 1143 955 mars
1160 929 1238 956 1239.

301 1038 473 1064 Patracensi
504 1038 728 1072 inquisitionem
759 1039 920 1066 committit
950 1048 1036 1073 super
1066 1040 1166 1074 pravis
1195 1040 1311 1067 actibus

299 1086 435 1120 episcopo
445 1086 699 1122 Ceplial‹‘›n[i]ensi
713 1088 872 1121 adscriptis
884 1088 1063 1119 faciendam,
1075 1089 1175 1122 eisque
1188 1089 1310 1116 mandat

299 1137 443 1168 quatenus
461 1144 534 1168 quae
551 1135 732 1167 invenerint,
751 1136 806 1170 ipsi
823 1144 914 1170 papae
927 1137 1100 1163 rescribant.
1117 1152 1148 1155 ——
1163 1138 1249 1168 (ΗΕΘ,
1266 1138 1309 1171 19,

300 1184 319 1209 f.
338 1182 458 1217 105199]
474 1187 514 1215 1⁶¹,
530 1192 599 1210 ann.
618 1185 700 1214 XIII,
719 1194 742 1211 c.
761 1185 795 1215 3:
814 1200 845 1202 —
863 1185 996 1213 Monam
1011 1186 1089 1214 1192.
1103 1187 1122 1212 f.
1140 1186 1214 1217 290.)

339 1297 350 1309 «
377 1308 393 1312 ..
418 1286 644 1322 archiepiscopo
667 1285 716 1324 [et]
739 1309 757 1314 ..
782 1287 976 1315 thesaurario
999 1287 1264 1317 Corialltiensib'zts
1285 1295 1310 1318 el

300 1361 318 1366 ..
342 1339 453 1367 clerano
476 1339 661 1367 Van-acensi.
688 1340 757 1375 Que
780 1340 959 1370 discrimen
984 1341 1114 1378 pariunt
1140 1359 1186 1370 —.
1210 1343 1307 1378 Sane,

297 1391 550 1420 insinuantibus
565 1391 696 1421 dilectis
711 1392 790 1422 tiliis
804 1416 824 1421 ..
845 1393 1079 1423 archidiacono
1094 1399 1122 1424 et
1141 1395 1310 1434 majoriae

297 1444 422 1473 saniori
445 1449 535 1482 parte
559 1445 695 1483 capituli
719 1445 858 1475 ecclesie
879 1446 1155 1484 Ceplialonensis.
1182 1449 1310 1486 accepi-

296 1505 369 1526 mus
384 1497 470 1535 quod
485 1498 686 1527 venerabilis
705 1499 808 1528 frater
825 1504 937 1528 noster
955 1523 974 1528 ..
994 1500 1168 1538 episcopus
1185 1500 1309 1538 Cepha-

296 1549 455 1585 lonensis,
489 1551 545 1589 qui
577 1551 757 1581 notabilem
786 1552 950 1582 desectum
980 1553 1118 1583 scientie
1145 1553 1309 1584 redimere

297 1612 425 1632 morum
444 1603 616 1633 honestate
637 1604 779 1636 deberet.
808 1610 1009 1643 postponens
1031 1606 1179 1636 debitum
1200 1612 1309 1645 pasto-

298 1656 376 1685 ralis
397 1656 508 1685 officii.
527 1657 595 1695 jam
616 1666 671 1695 per
689 1658 825 1695 triginta
844 1667 948 1688 annos
971 1659 1004 1687 in
1023 1659 1161 1689 ecclesia
1180 1669 1239 1689 sua
1256 1661 1308 1690 vix

295 1714 367 1738 octo
385 1709 513 1739 vicibus
535 1710 654 1739 crisma
678 1711 834 1740 confecit:
858 1716 989 1749 propter
1011 1713 1097 1750 quod
1117 1713 1212 1742 multi
1235 1723 1310 1751 par—

297 1761 448 1791 vulorum
481 1772 539 1792 sue
574 1763 716 1793 diocesis
750 1764 823 1793 sine
855 1766 1064 1803 perceptione
1098 1766 1309 1804 baptismatis

297 1814 522 1844 decesserunt.
545 1817 699 1846 preterea
714 1817 801 1846 idem
817 1836 853 1839 —
870 1818 910 1847 ad
927 1819 1045 1848 vitium
1065 1819 1309 1851 incontinentie

297 1867 420 1897 labitur
437 1872 465 1897 et
486 1868 571 1897 filios
589 1869 626 1898 de
644 1870 818 1907 nephanda
836 1871 900 1899 sibi
918 1872 1151 1902 commixtione
1169 1873 1309 1911 produc-

298 1924 345 1949 tos
368 1921 495 1951 nutrire
518 1926 674 1960 tanquan]
693 1922 860 1960 legitimos
883 1933 947 1953 non
971 1930 1111 1959 veretur,
1138 1927 1310 1956 matrimo-

299 1974 350 2003 nia
383 1974 471 2003 licite
504 1980 673 2005 contracta
703 1976 864 2006 dirimens
894 1982 925 2007 et
953 1978 1121 2015 prohibita
1147 1979 1309 2010 celebrari

297 2027 503 2064 permittens.
521 2028 607 2064 Quid
626 2028 737 2058 ultra?
755 2030 938 2067 prebendas
955 2033 1191 2062 canonicorum
1209 2034 1308 2064 eccle-

298 2080 345 2109 sie
369 2085 547 2110 memorate
570 2081 639 2111 suis
662 2082 779 2111 usibus
803 2083 1014 2120 applicando.
1041 2094 1155 2122 grecos
1179 2087 1308 2124 presbi-

297 2138 382 2161 teros
397 2133 593 2163 auctoritate
611 2135 791 2172 apostolica
809 2137 1162 2168 excommunicationis
1176 2140 1308 2170 vinculo

297 2186 472 2215 innodatos
490 2187 637 2217 instituit
655 2188 687 2216 in
706 2189 883 2219 canonicos
901 2190 1048 2228 ejusdem
1069 2192 1224 2225 ecclesie,
1243 2203 1309 2223 me-

298 2239 409 2269 diante
434 2240 514 2270 vitio
544 2242 715 2279 symonieg
748 2247 776 2271 et
807 2252 1008 2281 quamquam
1036 2245 1123 2275 idem
1148 2247 1307 2284 quosdam

298 2292 380 2322 alios
405 2293 596 2324 consimiles
620 2295 819 2325 sacerdotes.
846 2296 885 2325 ad
910 2297 1101 2327 mandatum
1131 2299 1214 2329 bone
1239 2310 1308 2330 me-

297 2346 400 2375 morie
426 2369 445 2374 ..
471 2347 715 2384 predecessoris
739 2349 798 2377 tui.
827 2350 930 2379 frater
955 2350 1215 2390 archiepiscope,
1239 2353 1308 2382 cul-

296 2399 346 2436 pis
374 2408 486 2428 eorum
515 2400 740 2437 exigentibus,
770 2401 899 2431 duxerit
925 2403 1170 2440 degradandos,
1198 2412 1307 2436 tamen

295 2452 419 2482 eisdem
438 2454 665 2483 executionem
679 2455 893 2485 sacerdotalis
906 2456 1006 2486 officii
1018 2457 1154 2487 obtentu
1169 2461 1308 2497 pecunie

297 2506 471 2536 restituere
489 2515 553 2536 non
572 2507 713 2545 expavit.
733 2508 890 2546 prodigus
907 2509 942 2538 in
961 2510 1192 2548 dispergendis
1212 2512 1308 2543 bonis

297 2558 448 2588 ecclesie.
467 2569 541 2598 que,
563 2560 641 2590 olim
659 2561 693 2589 in
711 2566 830 2591 ornatu
849 2563 993 2600 pretioso
1010 2565 1200 2602 conspicua,
1221 2575 1307 2596 nunc

297 2621 420 2650 pauper
444 2612 559 2642 baberi
584 2614 769 2643 dinoscitur
794 2620 824 2645 et
848 2615 1012 2653 despecta.
1039 2617 1088 2647 Ne
1110 2618 1214 2655 igitur
1237 2619 1308 2657 ipsa

298 2665 434 2703 ejusque
456 2665 517 2694 tilii
534 2666 595 2695 sub
613 2667 671 2696 tali
692 2673 822 2705 pastore
842 2669 889 2698 sic
906 2678 940 2699 se
957 2669 1082 2707 negligi
1101 2671 1258 2701 debeant¹
1279 2678 1309 2702 et

297 2718 421 2747 offendi
437 2729 442 2747 :
460 2727 530 2748 003,
546 2729 628 2758 quos
643 2719 720 2750 licet
733 2720 919 2751 immeritos
936 2723 1051 2753 adhoc
1067 2724 1127 2754 Dei
1144 2725 1310 2763 sapientia

298 2771 486 2801 instituisse
507 2771 703 2806 dinoscitur,
728 2778 761 2802 ut
778 2774 944 2811 generalis
962 2775 1109 2806 Ecclesia
1126 2786 1183 2815 pei·
1202 2783 1310 2808 atten-

331 2897 351 2920 1.
369 2898 411 2920 Au
427 2897 482 2920 lieu
500 2898 533 2921 de
550 2900 677 2928 debeant,
694 2906 730 2922 on
746 2900 895 2923 attendrait
911 2901 974 2924 bien
990 2902 1078 2931 plutot
1096 2903 1130 2926 ici
1147 2910 1184 2926 un
1201 2908 1256 2927 mot
1273 2905 1308 2927 tel

297 2947 349 2970 que
366 2943 500 2965 sentiant.

1396 335 1496 364 tionis
1511 341 1620 366 nostre
1635 337 1794 367 studium.
1810 347 1869 368 sua
1884 340 1990 376 gratia
2002 340 2216 378 suffragante,
2234 342 2267 370 in
2286 341 2404 371 salutis

1395 388 1547 418 semitam
1571 389 1745 427 dirigatur,
1776 391 1972 421 mandamus
1998 397 2174 431 quatenus,
2201 395 2229 423 si
2256 394 2403 433 ejusdem

1395 441 1539 479 episcopi
1559 442 1681 471 famam
1702 443 1784 480 apud
1801 443 1904 473 bonos
1921 449 1951 474 et
1968 454 2084 482 graves
2101 446 2190 475 viros
2207 447 2404 476 inveniretis

1393 503 1464 524 esse
1485 494 1598 529 lesam,
1618 495 1798 534 inquiratis
1815 505 1914 534 super
1931 498 2103 534 premissis
2121 503 2151 528 et
2169 499 2244 528 aliis
2261 499 2405 537 diligen-

1396 547 1461 576 tius
1490 548 1674 583 veritatem,
1709 553 1739 578 et
1767 558 1830 587 que
1860 550 2071 585 inveneritis,
2104 551 2210 585 nobis,
2243 552 2404 582 dilatione

1394 600 1586 637 postposita,
1610 601 1752 631 fideliter
1771 602 1974 637 rescribatis,
2001 608 2035 633 ut
2061 604 2178 634 exinde
2202 605 2289 643 quod
2308 614 2404 642 expe-

1395 652 1464 682 dire
1485 653 1678 685 viderimus,
1703 655 1929 693 disponamus.
1951 656 2044 692 Quod
2068 657 2097 686 si
2119 666 2183 686 non
2205 666 2331 692 omnes,
2356 662 2402 694 tu,

1394 706 1498 735 frater
1514 711 1574 736 etc.
1590 718 1595 741 ;
1620 716 1684 737 non
1704 708 1855 738 obstante
1872 710 2109 739 constitutione
2127 710 2165 740 de
2185 710 2313 740 duabus
2335 711 2404 740 die-

1395 759 1437 788 tis
1454 765 1528 789 etc..
1549 760 1594 789 ita
1614 765 1723 790 tamen
1743 761 1829 799 quod
1845 761 1932 791 ultra
1950 762 2101 800 quintam
2119 762 2170 792 vel
2187 768 2312 793 sextam
2328 772 2404 801 pars

1395 811 1497 841 altera
1525 817 1585 842 etc.
1615 814 1686 842 Dat.
1719 814 1885 843 Laterani.
1917 815 1947 844 X
1972 815 2132 845 kalendas
2161 816 2287 853 aprilis.
2317 825 2404 846 anno

1395 865 1634 895 tertiodecimo.
1656 878 1668 891 »

1464 1064 1582 1093 4¹29ss

1429 1127 1539 1154 Abbati
1567 1131 1594 1154 et
1620 1129 1779 1155 conventui
1803 1129 1975 1156 monasterii
2001 1129 2036 1156 de
2062 1129 2268 1164 Campaniola,
2292 1130 2405 1157 ordinis

1394 1177 1489 1203 sancti
1508 1177 1680 1210 Augustini,
1705 1178 1835 1211 Reginae
1858 1178 2012 1206 dioecesis.
2032 1179 2093 1212 qui,
2111 1179 2263 1206 occasione
2285 1180 2405 1206 unionis

1394 1226 1489 1252 factae
1506 1226 1584 1252 inter
1598 1226 1675 1260 ipsos
1692 1230 1719 1253 et
1737 1227 1950 1254 monasterium
1972 1228 2007 1254 de
2028 1227 2154 1260 Marma,
2176 1228 2307 1261 ejusdem
2324 1229 2405 1255 dioe-

1393 1275 1478 1305 cesis,
1493 1279 1519 1301 et
1537 1276 1722 1309 expulsionis
1740 1276 1869 1310 ipsorum
1895 1285 1929 1303 ex
1951 1277 2052 1303 eodem
2071 1277 2249 1304 monasterio
2271 1275 2317 1311 [de
2339 1277 2405 1304 Ma-

1393 1322 1477 1357 rola]⁸
1500 1325 1594 1350 multa
1610 1324 1719 1351 damna
1736 1328 1764 1351 et
1784 1326 1893 1352 multas
1909 1334 2052 1359 expensas
2073 1325 2236 1358 subierant,
2257 1326 2405 1360 signifieat

1393 1381 1422 1398 se
1438 1372 1669 1405 assignationem
1689 1373 1884 1406 quarumdam
1903 1374 2118 1407 possessionum
2138 1375 2269 1408 ejusdem
2288 1384 2405 1402 monas-

1393 1420 1461 1447 terii
1480 1421 1515 1447 de
1538 1421 1668 1453 Marola,
1691 1431 1782 1456 usque
1802 1423 1838 1449 ad
1860 1424 1989 1449 valorem
2010 1423 2240 1457 quingentarum
2260 1423 2404 1450 librarum

1393 1470 1609 1504 imperialium,
1622 1479 1709 1504 quam
1723 1471 1852 1504 ipsorum
1871 1472 2049 1498 monasterio
2063 1472 2099 1498 de
2113 1471 2307 1506 Campaniola
2325 1473 2406 1499 vice—

1392 1518 1531 1545 dominus
1557 1519 1724 1546 Brixiensis
1748 1523 1775 1546 et
1801 1520 1848 1548 R..
1875 1521 2034 1547 canonicus
2060 1521 2206 1554 Reginus,
2238 1521 2405 1548 faciendam

1393 1571 1580 1599 curaverant,
1609 1568 1650 1594 eis
1680 1569 1863 1595 confirmare.
1890 1584 1921 1587 —
1950 1569 2036 1601 (REG.
2067 1569 2111 1601 19,
2140 1570 2160 1596 f.
2190 1569 2241 1596 105
2269 1568 2325 1604 [99]
2353 1576 2404 1603 vu,

1392 1625 1462 1643 ann.
1478 1617 1560 1647 XIII,
1576 1626 1601 1643 c.
1615 1617 1646 1649 4;
1663 1633 1697 1635 -
1713 1618 1750 1644 cf.
1762 1625 1857 1650 snpra,
1874 1626 1902 1644 n.
1918 1617 2088 1647 36724024.
2101 1618 2258 1645 4407-4409
2271 1621 2299 1645 et
2312 1619 2406 1650 4462.)

1970 1067 2092 1099 Latran,
2108 1067 2142 1094 24
2160 1076 2237 1094 mars
2253 1068 2332 1095 1239.

1434 1731 1446 1744 «
1471 1720 1610 1756 ..priori
1632 1725 1656 1747 el
1678 1720 1842 1747 concentui
1868 1720 2046 1748 monasterii
2065 1720 2098 1748 de
2120 1720 2333 1757 Campansola.
2356 1730 2407 1749 or-

1392 1772 1476 1800 dinis
1496 1773 1594 1801 sancti
1614 1773 1793 1809 Augustini,
1812 1771 1944 1810 Reqinje]
1963 1772 2099 1801 diocesis.
2121 1773 2166 1802 Ex
2189 1777 2280 1810 parte
2296 1777 2407 1802 vestra

1393 1824 1454 1853 fuit
1476 1825 1661 1862 expositum
1676 1833 1785 1854 coram
1804 1824 1898 1854 nobis
1919 1824 2016 1863 quod,
2035 1834 2109 1854 cum
2127 1834 2186 1854 nos
2203 1825 2293 1859 olim,
2311 1825 2406 1855 intel-

1392 1878 1487 1907 lectis
1514 1878 1678 1916 dampnis,
1704 1877 1874 1907 laboribus
1900 1882 1931 1907 et
1954 1877 2108 1915 expensis
2130 1887 2202 1916 que.
2232 1878 2406 1908 occasione

1393 1931 1529 1960 unionis
1557 1931 1644 1960 inter
1673 1940 1728 1960 vos
1756 1931 1841 1960 facte
1867 1935 1897 1960 et
1925 1930 2166 1960 monasterium
2197 1931 2236 1960 de
2267 1931 2403 1965 Marola,

1392 1985 1520 2022 Regine
1537 1985 1691 2015 diocesis.
1711 1989 1739 2013 ct
1759 1984 1964 2022 expulsionis
1981 1990 2167 2015 vestrorum
2185 1994 2222 2015 ex
2243 1986 2314 2024 ipso
2334 1995 2405 2016 mo-

1392 2038 1550 2067 nasterio.
1569 2038 1733 2072 subiistis,
1751 2039 1800 2075 [..]
1817 2038 1978 2075 magistro
1995 2038 2159 2068 scolarum
2178 2039 2362 2073 Parmensi,
2381 2063 2400 2067 ..

1392 2091 1600 2121 vicedomino
1624 2091 1793 2120 Brixiensi
1812 2095 1840 2120 et
1859 2092 1912 2123 R„
1938 2091 2097 2120 canonico
2116 2092 2256 2129 Regino.
2280 2093 2404 2122 nostris

1392 2145 1582 2174 dederimus
1605 2144 1727 2174 litteris
1756 2145 1790 2173 in
1818 2144 1994 2178 mandatis,
2026 2149 2061 2173 ut
2089 2144 2182 2174 vobis
2211 2149 2337 2174 tantum
2364 2145 2403 2175 de

1391 2197 1487 2227 bonis
1500 2198 1579 2227 dicti
1593 2197 1800 2231 monasterii,
1815 2206 1872 2235 pro
1884 2197 2041 2235 predictis
2054 2197 2217 2235 dampnis,
2232 2197 2403 2228 laboribus

1391 2255 1422 2280 et
1447 2250 1612 2288 expensis.
1645 2249 1800 2280 exhibere
1828 2253 1992 2284 curarent,
2023 2250 2110 2288 quod
2135 2250 2228 2280 vobis
2257 2259 2294 2280 ex
2320 2251 2402 2289 ipsis

1388 2305 1482 2342 juxta
1502 2303 1702 2333 taxationem
1719 2303 1867 2341 ipsorum
1885 2304 2148 2341 recompensatio
2166 2313 2312 2341 congrua
2328 2313 2404 2342 pro-

1391 2357 1518 2387 veniret
1545 2366 1550 2385 :
1580 2356 1666 2385 dicto
1691 2356 1851 2394 magistro
1874 2355 2038 2385 scolarum
2062 2355 2210 2394 legitime
2236 2362 2401 2392 excusato,

1391 2410 1511 2448 prefati
1528 2410 1756 2439 vicedominus
1773 2414 1804 2439 et
1822 2410 1858 2439 R.
1881 2409 2073 2444 canonicus,
2091 2409 2126 2438 in
2144 2410 2321 2440 commisso
2338 2411 2403 2440 sibi

1391 2464 1523 2501 negotio
1556 2464 1649 2501 juxta
1688 2462 1880 2492 mandatum
1916 2462 2134 2500 apostolicum
2167 2463 2400 2501 procedentes,

1391 2517 1539 2555 pensatis
1561 2516 1725 2554 dampnis,
1745 2515 1916 2545 laboribus
1938 2520 1969 2545 et
1988 2515 2141 2553 expensis
2158 2525 2220 2554 que
2240 2520 2306 2545 tam
2327 2521 2402 2546 ante

1391 2579 1488 2609 quam
1517 2574 1589 2608 post
1616 2569 1840 2608 receptionem
1870 2569 2058 2599 litterarum
2088 2574 2277 2599 nostrarum
2305 2570 2402 2600 susti-

1391 2623 1514 2653 nuistis
1542 2623 1715 2652 occasione
1742 2623 1880 2660 prefata,
1910 2622 2044 2660 provide
2072 2622 2288 2653 decreverunt
2317 2623 2403 2661 quod

1392 2680 1519 2706 tantum
1541 2676 1579 2706 de
1603 2676 1699 2705 bonis
1721 2676 1800 2705 dicti
1825 2675 2022 2705 monasterii
2045 2675 2138 2705 vobis
2161 2676 2328 2713 assignari
2350 2676 2404 2706 de-

1392 2729 1493 2763 beret,
1521 2729 1607 2768 quod
1631 2729 1755 2759 valeret
1779 2729 2038 2768 quingentarum
2060 2727 2221 2758 librarum
2245 2728 2403 2766 imperia-

1391 2781 1473 2811 lium
1495 2782 1728 2820 quantitatem,
1748 2781 1909 2820 quasdam
1927 2781 2157 2819 possessiones
2175 2781 2255 2810 dicti
2274 2790 2402 2811 monas-

1393 2834 1478 2869 terii,
1496 2835 1589 2873 juxta
1605 2835 1853 2864 extimationem
1869 2833 2015 2872 predicte
2032 2833 2183 2871 pecunie,
2202 2834 2403 2864 monasterio

1391 2892 1501 2917 vestro
1522 2888 1696 2925 assignare
1719 2891 1886 2921 curantes,
1909 2892 1944 2916 ut
1966 2887 2002 2916 in
2023 2887 2248 2916 instrumento
2270 2887 2403 2925 publico

1390 2941 1468 2970 inde
1500 2942 1649 2971 confecto
1679 2940 1810 2979 plenius
1836 2940 1959 2969 dicitur
1985 2939 2161 2969 contineri.
2191 2940 2260 2969 Nos
2286 2940 2400 2978 igitur,
