2553 3526
277 295 334 324 5-23
1003 284 1242 318 REGis'rnEs
1264 282 1319 312 DE
1342 275 1564 312 GREGOIRE
1588 284 1645 312 ix.
2318 285 2374 313 524

351 361 473 389 6056
868 358 988 387 Latran,
1007 355 1038 381 IS
1053 354 1117 387 juin
1135 352 1213 378 1241.

316 422 511 450 Coventrensi
536 424 562 447 et
590 419 808 447 Liclieteldensi
835 418 980 451 episeopo.
1006 430 1039 433 —
1060 414 1143 447 cujus
1168 418 1286 438 mensae

282 475 441 506 proventus
458 471 487 497 in
504 470 627 496 civitate
643 467 848 495 thentrensi,
867 466 915 492 ubi
935 465 1017 491 sedes
1034 461 1209 497 episcopalis
1224 462 1286 486 erat

283 520 387 554 posita,
402 519 472 546 adeo
489 522 590 544 tenues
611 520 704 547 erant,
722 516 795 542 sicut
813 515 891 541 idem
913 513 1066 547 episcopus
1080 509 1238 540 asserebat,
1255 511 1285 534 ut

283 569 354 602 ipse,
376 568 411 594 ad
431 567 583 593 civitatem
601 565 722 591 eandem
745 563 897 593 accedens,
918 569 952 587 cx
973 559 1114 594 praefatis
1135 556 1287 592 proventi-

283 618 335 643 bus
352 616 585 649 hospitalitatem
605 621 660 639 non
678 615 791 646 poterat
807 618 951 641 exercere,
969 623 1001 627 —
1018 607 1152 640 indulget
1172 604 1286 639 suppli-

283 666 361 692 canti
385 668 416 691 ut
442 663 595 690 ecclesiam
623 661 726 688 Sancti
752 659 911 687 Michaelis
934 655 1155 687 Coventrensis,
1176 655 1207 681 in
1231 661 1286 687 qua

284 715 360 741 idem
374 713 526 747 episcopus
541 712 587 744 jus
605 713 775 744 patronatus
791 707 954 738 obtinebat,
973 706 1066 740 ipsius
1084 703 1225 731 ecclesiae
1241 710 1287 728 ce-

283 763 370 788 dente
384 762 431 787 vel
451 761 610 787 decedente
630 762 749 787 rectore.
772 757 863 791 possit
884 757 914 783 in
935 764 1005 782 usus
1021 754 1152 788 ejusdem
1171 759 1288 778 mensae

284 810 420 838 retinere.
445 810 484 835 ita
511 812 610 835 tamen
636 807 711 841 quod
737 806 906 840 praedictae
930 803 1071 830 ecclesiae
1099 800 1202 828 Sancti
1228 799 1288 828 Mi-

285 859 395 885 chaelis
418 866 468 892 per
493 857 638 884 vicarium
664 855 820 883 serviatur,
847 853 893 880 cui
924 861 959 879 ex
988 851 1120 885 ejusdem
1149 848 1290 875 ecclesiae

286 906 476 941 proventibus
490 914 617 938 congrua
635 904 728 938 portio
745 906 920 930 reservetur.
938 916 970 919 -—
986 901 1073 931 (Hm.
1090 898 1134 931 20,
1159 899 1179 924 f.
1196 897 1228 923 81
1243 899 1289 927 v⁰;

285 965 354 983 ann.
368 956 437 987 XV,
451 964 476 981 c.
491 954 548 985 78.)

328 1084 340 1097 <1
361 1094 380 1100 ..
398 1069 591 1100 Couentrensi
611 1073 636 1097 ct
652 1066 868 1102 Liclieseldensi
885 1064 1048 1102 episcopo¹.
1065 1062 1149 1092 Cum
1165 1059 1292 1098 episeo-

286 1123 370 1162 palis
398 1130 511 1152 mense
531 1139 579 1150 ——.
608 1121 681 1150 Dat.
708 1117 874 1152 Laterani,
898 1117 1000 1146 XIIII
1024 1113 1184 1144 kalendas
1203 1111 1292 1151 julii,

287 1185 374 1206 anno
390 1174 649 1214 quintodecimo.
668 1185 680 1198 n

359 1379 473 1409 (3052
879 1376 999 1406 Latran,
1015 1373 1048 1400 16
1063 1373 1127 1406 Juin
1144 1372 1223 1398 1241,

325 1445 440 1475 Belam,
455 1450 550 1475 regem
569 1440 751 1474 IIungariae,
775 1439 810 1465 de
830 1437 995 1471 irruptione
1015 1436 1203 1463 Tartarorum
1227 1442 1296 1460 con-

289 1494 409 1523 solatur,
426 1492 511 1525 eique
527 1489 676 1525 promittit
691 1498 721 1515 se
737 1490 907 1514 curaturum
924 1489 955 1513 ut
973 1485 999 1512 ei
1015 1485 1117 1511 efficax
1137 1483 1295 1510 consilium

290 1545 317 1568 et
333 1540 479 1568 auxilium
497 1539 659 1569 tribuatur:
678 1538 703 1564 ei
722 1537 843 1570 insuper
864 1538 891 1562 et
911 1534 1050 1561 omnibus
1066 1533 1127 1567 qui,
1146 1534 1297 1565 assumpto

290 1591 385 1618 crucis
407 1589 570 1623 signaculo,
587 1590 688 1614 contra
702 1587 839 1613 Tartaros
856 1584 971 1611 eosdem
989 1582 1195 1618 processerint,
1212 1581 1296 1608 illam

290 1638 512 1666 immunitatem
530 1636 665 1663 coneedit
681 1642 804 1668 eamque
819 1632 1037 1667 indulgentiam
1055 1631 1207 1664 elargitur,
1225 1638 1299 1663 quae

290 1687 396 1713 Terrae
413 1686 540 1712 Sanctae
556 1682 797 1710 succurrentibus
812 1682 842 1708 in
857 1680 987 1715 generali
1004 1679 1130 1706 concilio
1145 1686 1299 1704 concessae

290 1736 416 1761 fuerant.
429 1749 463 1751 —
476 1733 562 1764 (ΗΕΘ.
573 1732 617 1763 20,
633 1732 652 1758 f.
664 1731 695 1758 81
711 1734 754 1762 v⁰;
768 1739 837 1757 ann.
850 1730 919 1761 XV,
932 1737 956 1755 c.
969 1728 1018 1758 79:
1032 1743 1063 1746 —
1075 1727 1208 1754 MOREAU
1218 1726 1297 1757 1193,

290 1784 310 1810 i.
327 1783 389 1814 322,
406 1790 441 1808 ex
459 1782 635 1812 nsi-mmm
650 1795 679 1798 —
695 1780 852 1806 Porrnasr
867 1778 969 1809 11034;
983 1792 1014 1795 —
1030 1777 1213 1803 RooENBsRG
1224 1775 1299 1805 821.)

332 1910 344 1923 ι(
361 1897 436 1930 Bele,
454 1896 518 1932 regi
536 1895 667 1931 Βηθανία
681 1894 812 1922 illustri.
826 1893 948 1921 Vocem
964 1891 999 1920 in
1014 1890 1143 1920 excelso
1155 1907 1203 1918 —.
1224 1890 1298 1919 Dat.

291 1949 456 1983 Laterani,
472 1949 549 1978 XVI
564 1946 724 1977 kalendas
737 1945 827 1985 julii,
843 1954 930 1975 anno
945 1944 1204 1983 quintodecimo.
1225 1955 1238 1969 υ

326 2087 438 2109 6058.
461 2097 493 2100 -
513 2081 544 2108 In
565 2081 690 2108 eundem
710 2080 829 2107 modum
853 2079 1028 2109 Colomanno,
1053 2076 1127 2110 re9i²
1146 2077 1254 2102 illustri
1276 2078 1300 2102 et

289 2132 352 2157 duci
369 2131 518 2158 Sciat-onie.
534 2145 569 2148 —
585 2130 763 2162 (Ροττι-ῑΑετ,
778 2130 836 2161 post
852 2127 962 2157 11034.)

361 2331 478 2359 6059

325 2402 338 2419 «
356 2395 387 2420 In
404 2392 530 2420 eundem
553 2391 671 2418 modum
696 2412 714 2417 ..

290 2444 364 2469 riore
386 2443 422 2469 ad
446 2442 547 2468 Belam
573 2449 669 2474 regem
694 2440 819 2474 epistola
835 2442 946 2466 certum
971 2438 1053 2471 facit,
1076 2438 1160 2471 eique
1177 2438 1300 2464 mandat

290 2496 444 2526 quatenus,
458 2499 507 2524 per
521 2489 705 2523 Hungariam
721 2492 749 2515 et
761 2488 876 2515 vicinas
889 2487 1057 2522 provincias
1070 2486 1192 2513 verbum
1204 2486 1299 2512 erucis

880 2329 1000 2360 Latran,
1017 2327 1050 2354 16
1066 2327 1130 2360 juin
1147 2326 1226 2353 1241.

738 2392 857 2424 episcopo
884 2389 1023 2415 Waciensi.
1049 2388 1135 2423 [Eum
1157 2389 1193 2415 de
1213 2396 1299 2422 supe-

292 2548 463 2575 proponens,
485 2538 646 2565 catholicos
668 2538 791 2564 inducat
807 2540 839 2564 ut
859 2540 961 2563 contra
981 2536 1129 2567 Tartaros,
1148 2538 1300 2569 assumpto

290 2589 385 2615 crucis
413 2588 576 2621 signaculo,
604 2589 738 2620 potenter
765 2590 793 2612 et
811 2585 942 2612 viriliter
966 2594 995 2611 se
1015 2584 1187 2618 accingant;
1214 2592 1299 2617 quae-

290 2639 357 2664 ‹lam
380 2637 415 2663 de
439 2635 635 2669 indulgentiis
660 2634 830 2662 obtinendis
851 2632 958 2668 addit.]
980 2634 1046 2660 Dat.
1064 2636 1097 2660 ut
1116 2641 1214 2667 supra.
1233 2640 1246 2657 ›)
1267 2647 1299 2650 —

290 2687 376 2719 (Rso.
389 2685 433 2717 20,
447 2686 466 2711 Ι.
480 2684 512 2711 82
525 2688 547 2710 r⁰
557 2692 563 2716 ;
575 2699 609 2701 —
623 2684 755 2711 Moru-:au
771 2684 849 2716 1193,
866 2685 885 2709 t'.
901 2683 966 2714 323;
980 2697 1011 2700 -
1025 2681 1300 2712 ΡοττΗΑ5τ11Ο33.)

322 2821 343 2845 l.
366 2821 439 2844 Dans
458 2820 482 2843 la
501 2820 646 2849 rubrique,
668 2826 703 2842 on
723 2819 753 2842 lit
771 2826 776 2842 :
795 2821 818 2842 et
838 2836 859 2842 ..
880 2819 1083 2846 Lichefeldensi
1099 2819 1256 2846 episcopis;
1275 2817 1300 2840 la

259 2879 263 2881 >
289 2866 361 2889 table
377 2865 425 2888 des
441 2865 565 2893 capitula
582 2863 615 2887 de
631 2864 655 2886 la
672 2863 731 2886 XVe
745 2862 831 2886 annee
848 2862 938 2886 donne
955 2863 979 2885 la
995 2862 1073 2892 lecon
1090 2864 1213 2885 correcte
1230 2863 1299 2891 epis-

285 2916 367 2939 sopo.

320 2954 342 2978 ⁵3,
360 2952 447 2983 Apros
462 2953 528 2981 reqi,
546 2952 562 2974 il
582 2952 639 2975 saut
656 2950 873 2975 sous-entendre
891 2940 1095 2973 Rullienorurn.

1439 348 1557 376 6060

1404 418 1417 435 (ι
1440 411 1471 437 ln
1491 411 1616 437 eundem
1639 412 1758 438 modum
1784 411 1995 445 archiepiscopis
2018 413 2042 437 et
2064 412 2202 444 episcopis,
2222 412 2378 445 abbatibus,

1367 459 1519 492 prioribus,
1541 459 1755 492 archidiaconis,
1777 460 1920 493 prepositis
1944 461 1969 484 et
1988 460 2054 485 aliis
2069 459 2245 485 ecclesiarum
2261 459 2376 493 prelatis

1369 510 1392 532 et
1408 508 1514 532 clericis
1534 508 1569 532 ad
1587 516 1652 540 quos
1671 508 1759 533 littere
1780 507 1827 533 isle
1845 509 2029 540 pervenerint.
2048 506 2109 542 [Eis
2125 508 2160 535 de
2175 508 2324 542 superiore
2339 509 2376 535 ad

1370 556 1473 583 Belam
1500 565 1595 590 regem
1618 556 1741 590 epistola
1764 556 1923 590 significat,
1947 564 2051 590 eosque
2074 560 2173 583 monet
2193 559 2221 583 et
2244 557 2378 584 hortatur

1371 607 1525 638 quatenus,
1544 619 1574 623 -
1592 613 1679 639 regno
1696 605 1867 639 Hungariae
1886 613 1935 639 pro
1952 607 2034 638 parte
2049 607 2189 639 occupato
2205 612 2219 630 a
2234 604 2378 637 Tartaris,

1372 653 1421 686 qui
1443 661 1498 679 non
1520 654 1613 679 solum
1638 653 1769 686 ejusdem
1793 653 1874 687 regni
1901 653 2050 680 residuum
2072 653 2192 687 perdere
2208 653 2378 688 cupiebant,

1371 701 1420 728 sed
1436 701 1526 728 etiam
1544 704 1635 728 totam
1653 701 1890 729 Christianorum
1909 704 2016 728 terram
2037 701 2183 728 desertam
2200 710 2306 736 ponere
2320 711 2384 730 mo-

1373 749 1532 781 liebantur,
1554 765 1584 768 —
1602 751 1727 777 eundem
1746 759 1842 784 regem
1863 752 1891 776 et
1911 758 1988 782 suos,
2012 750 2036 776 si
2057 750 2173 784 quando
2191 750 2227 776 ad
2248 750 2377 784 ipsorum

1373 798 1569 831 praelatorum
1587 801 1616 825 et
1631 799 1805 826 clericorum
1820 801 1917 833 partes
1931 798 1998 825 illos
2011 798 2114 825 venire
2127 798 2294 832 contigerit,
2311 807 2380 826 cum

1373 846 1455 873 omni
1472 846 1697 874 honorificentia
1714 847 1861 881 recipiant
1877 856 1910 874 ac
1924 847 2041 873 nullum
2058 846 2120 873 illis
2137 846 2168 873 in
2186 847 2316 881 personis
2332 848 2380 874 vel

1374 894 1460 922 rebus
1480 895 1730 929 impedimentum
1758 895 1934 930 permittant
1956 893 2084 929 inferi-L]
2103 895 2171 922 Dat.
2193 898 2225 922 ut
2247 904 2344 930 supra.
2368 903 2385 921 i)

1375 957 1406 961 —
1424 944 1510 975 (Rae.
1524 943 1569 976 20,
1587 945 1606 970 f.
1624 943 1658 970 82
1671 947 1708 975 r‘⁷;
1727 958 1758 962 —
1773 944 1930 971 ΡοἹ-ιἪΛετ
1943 943 2053 975 11035.)

1953 349 2074 382 Latran,
2092 350 2125 376 16
2143 350 2207 383 juin
2224 350 2303 377 1241.

1414 1127 1526 1150 6061.
1542 1138 1574 1141 -
1590 1123 1621 1150 In
1639 1123 1765 1150 eundem
1784 1123 1902 1150 modum
1925 1123 2032 1155 reyihus
2048 1123 2214 1155 illustribus,
2232 1123 2387 1155 comitibus,

1378 1172 1537 1203 baronibus,
1554 1172 1704 1197 rectoribus
1720 1171 1863 1197 civitatum
1879 1174 1902 1196 el
1921 1172 2043 1197 aliorum
2060 1172 2191 1204 locorum,
2208 1172 2244 1197 acl
2259 1180 2325 1204 quos
2341 1173 2386 1197 lit-

1378 1223 1433 1246 tere
1446 1222 1493 1246 iste
1506 1221 1693 1253 pervenerint.
1711 1235 1743 1238 —
1755 1221 1841 1252 (ΗΕΘ.
1855 1220 1898 1252 20,
1917 1221 1937 1246 f.
1953 1220 1988 1246 82
1996 1223 2040 1252 v⁰;
2058 1235 2089 1238 —
2102 1220 2250 1253 Tnamsn,
2263 1221 2387 1247 Monuni.

1378 1270 1517 1302 Hunyar„
1530 1270 1552 1302 1,
1565 1269 1626 1301 184,
1639 1269 1693 1296 sub
1709 1272 1737 1295 n⁰
1751 1269 1816 1301 339;
1834 1283 1865 1287 -—
1883 1268 1980 1295 Omisit
1994 1269 2174 1300 Po‘rTnAST.)

1451 1456 1568 1483 6062
1970 1456 2091 1488 Latran,
2107 1456 2139 1483 16
2154 1456 2219 1490 juin
2236 1456 2314 1484 1241.

1416 1518 1512 1545 Priori
1534 1521 1562 1544 et
1580 1517 1726 1552 suppriori
1747 1517 1860 1544 ordinis
1881 1519 2005 1545 fratrum
2031 1518 2273 1545 Praedicatorum
2296 1519 2390 1552 Zaga-

1381 1566 1558 1597 briensibus,
1574 1568 1601 1592 et
1617 1566 1707 1600 priori
1719 1566 1850 1600 ejusdem
1863 1566 1976 1593 ordinis
1989 1566 2024 1593 de
2038 1566 2168 1594 Chosma
2180 1568 2225 1598 (=
2236 1567 2390 1600 Chasma),

1381 1615 1587 1649 Zagabriensis
1603 1615 1756 1648 dioecesis,
1781 1615 1922 1642 similiter
1943 1615 2084 1648 scribens,
2107 1616 2229 1642 mandat
2246 1619 2392 1650 quatenus

1382 1673 1439 1691 non
1458 1664 1634 1698 permittant
1649 1667 1692 1697 ut,
1707 1673 1773 1691 cun]
1787 1667 1887 1698 gentes
1900 1664 2102 1697 Tartarorum,
2117 1673 2204 1698 regno
2220 1665 2393 1699 Hungariae

1384 1721 1434 1747 pro
1460 1716 1543 1747 parte
1565 1715 1723 1748 occupato,
1752 1722 1809 1740 non
1837 1714 1932 1740 solum
1958 1714 2039 1748 regni
2066 1714 2209 1748 praedicti
2239 1714 2391 1742 residuum

1383 1762 1504 1796 perdere
1530 1765 1681 1796 cuperent,
1710 1762 1760 1789 sed
1786 1763 1875 1789 etiam
1901 1765 1993 1789 totam
2017 1762 2257 1790 Christianorum
2280 1766 2389 1790 terram

1382 1812 1527 1838 desertam
1547 1820 1653 1845 ponere
1669 1812 1855 1844 molirentur,
1876 1810 1983 1846 B[ela],
2000 1817 2050 1838 rex
2068 1812 2249 1846 Hungariae,
2270 1813 2394 1847 ejusque

1384 1859 1501 1887 familia
1525 1859 1562 1886 ab
1584 1860 1735 1894 aliquibus
1761 1861 1965 1893 molestentur,
1992 1869 2097 1894 eosque
2117 1869 2187 1894 quos
2208 1863 2299 1888 terras
2316 1862 2392 1895 ejus·

1382 1909 1448 1935 dem
1471 1908 1546 1942 regis
1564 1912 1628 1942 post
1649 1909 1820 1942 hujusmodi
1841 1909 2027 1936 invasionem
2044 1918 2200 1943 occupasse
2216 1911 2263 1936 vel
2279 1910 2310 1937 in
2325 1919 2394 1944 pos-

1383 1960 1478 1984 terum
1502 1966 1645 1991 occupare
1669 1958 1857 1990 invenerint,
1881 1960 1986 1991 cogant
2007 1960 2039 1984 ut
2059 1958 2138 1992 ipsas
2158 1959 2308 1992 praedicto
2329 1959 2389 1993 regi

1383 2006 1553 2032 restituant.
1581 2021 1612 2024 —
1634 2007 1720 2036 (ΗΕΘ.
1747 2006 1792 2039 20,
1816 2008 1836 2033 f.
1859 2006 1893 2032 82
1915 2010 1959 2039 v⁰;
1981 2015 2051 2033 ann.
2074 2007 2143 2039 XV,
2161 2015 2186 2034 e.
2201 2007 2248 2039 80;
2266 2022 2297 2025 —
2312 2008 2390 2035 Por—

1382 2062 1476 2081 Tnasr
1492 2054 1602 2085 11032.)

1425 2167 1437 2180 «
1457 2177 1476 2184 ..
1495 2155 1694 2192 Zasyabriensi
1711 2160 1736 2183 et
1759 2177 1781 2183 ..
1804 2155 1838 2183 tle
1861 2156 1998 2191 Chosma,
2018 2156 2232 2193 Zayabriensis
2253 2157 2391 2193 diocesis,

1380 2208 1551 2244 prioribus,
1584 2213 1610 2236 et
1642 2230 1660 2236 ..
1691 2209 1851 2245 suppriori
1873 2209 2079 2246 Zayabrz'ensi,
2109 2210 2227 2239 ordinis
2252 2212 2390 2246 fratrum

1383 2262 1625 2290 Predicalorwn.
1645 2261 1739 2296 Cum,
1758 2261 1844 2291 sieut
1860 2270 1897 2291 ex
1913 2279 1960 2291 -.
1979 2263 2052 2293 Dat.
2074 2267 2109 2292 ut
2125 2272 2235 2301 supra.
2256 2276 2268 2290 »

1453 2447 1571 2475 6063
1981 2447 2103 2480 Latran,
2117 2448 2150 2474 14
2161 2448 2225 2481 juin
2241 2448 2319 2475 1241.

1418 2510 1563 2544 Episcopo
1589 2509 1793 2541 Praenestino,
1815 2509 1931 2540 Ottoni‚
1954 2509 2057 2536 Sancti
2076 2509 2193 2536 Nieolai
2214 2510 2244 2536 in
2267 2510 2395 2538 Carcere

1382 2558 1521 2585 Tulliano
1537 2558 1660 2584 diacono
1683 2557 1841 2589 cardinali,
1862 2557 2025 2590 Auxitano,
2049 2558 2262 2592 Burdegalensi
2283 2562 2312 2586 et
2332 2560 2393 2586 Ro—

1382 2607 1568 2640 thomagensi
1585 2606 1826 2641 archiepiscopis,
1839 2606 2048 2638 Nemausensi,
2061 2606 2299 2638 Carcassonensi,
2315 2608 2393 2642 Aga-

1382 2657 1492 2686 thensi,
1518 2656 1669 2690 Papiensi,
1690 2656 1810 2683 Astensi
1832 2658 1860 2682 et
1880 2654 2062 2682 Terdonensi
2087 2656 2242 2690 episcopis,
2266 2656 2392 2684 Clunia-

1383 2705 1474 2737 censi,
1495 2705 1698 2737 Cisterciensi,
1719 2704 1946 2736 Clarevallensi,
1968 2703 2003 2730 de
2020 2704 2136 2731 Pietate
2152 2704 2205 2731 Dei
2222 2707 2250 2731 et
2268 2705 2391 2733 Fiscan—

1382 2753 1466 2779 nensi
1476 2753 1643 2784 abbatibus,
1653 2753 1792 2786 Gregorio
1799 2752 1834 2778 de
1843 2752 1999 2783 Romania,
2008 2751 2101 2786 ipsius
2111 2760 2203 2787 papae
2212 2752 2395 2780 subdiacono·

1382 2804 1409 2828 et
1426 2802 1590 2835 capellano,
1608 2809 1660 2827 nec
1678 2809 1733 2827 non
1747 2801 1878 2833 decanis,
1889 2800 2064 2834 praepositis
2078 2801 2240 2835 ceterisque
2252 2801 2281 2828 in
2294 2802 2391 2836 capti-

1382 2850 1475 2877 vitate
1492 2850 1647 2882 Friderici,
1659 2850 1733 2877 dicti
1748 2850 1946 2884 imperatoris,
1961 2849 2158 2876 existentibus
2168 2850 2282 2877 litteras
2290 2859 2390 2878 conso-

1382 2899 1502 2925 latorias
1513 2899 1625 2931 mittit,
1639 2899 1828 2932 conqueritur
1840 2898 1915 2932 quod
1928 2898 2006 2925 idem
2018 2898 2174 2932 Gregorius
2183 2899 2218 2925 de
2231 2899 2388 2933 Romania,

1382 2948 1417 2974 de
1433 2947 1525 2981 partis
1541 2947 1683 2974 adversae
1699 2947 1831 2981 potentia
1854 2955 1904 2981 per
1924 2947 2039 2974 litteras
2056 2947 2232 2981 apostolicas
2246 2947 2391 2975 informa-
