<?xml version="1.0" encoding="UTF-8"?>
<!DOCTYPE html PUBLIC "-//W3C//DTD XHTML 1.0 Transitional//EN"
    "http://www.w3.org/TR/xhtml1/DTD/xhtml1-transitional.dtd">
<html xmlns="http://www.w3.org/1999/xhtml" xml:lang="en" lang="en">
 <head>
  <title>
</title>
<meta http-equiv="Content-Type" content="text/html;charset=utf-8" />
  <meta name='ocr-system' content='tesseract 3.04.00' />
  <meta name='ocr-capabilities' content='ocr_page ocr_carea ocr_par ocr_line ocrx_word'/>
</head>
<body>
  <div class='ocr_page' id='page_1' title='image "./lesregistresdegr03cathuoft_0175.png"; bbox 0 0 2553 3526; ppageno 0'>
   <div class='ocr_carea' id='block_1_1' title="bbox 145 267 2238 315">
    <p class='ocr_par' dir='ltr' id='par_1_1' title="bbox 145 267 2238 315">
     <span class='ocr_line' id='line_1_1' title="bbox 145 267 2238 315; baseline -0.001 -9"><span class='ocrx_word' id='word_1_1' title='bbox 145 276 202 307; x_wconf 66' lang='lat'><strong>329</strong></span> <span class='ocrx_word' id='word_1_2' title='bbox 950 267 1259 310; x_wconf 80' lang='lat' dir='ltr'><strong>QUATORZIEME</strong></span> <span class='ocrx_word' id='word_1_3' title='bbox 1283 269 1440 305; x_wconf 68' lang='lat' dir='ltr'><strong>ANNEE.</strong></span> <span class='ocrx_word' id='word_1_4' title='bbox 2181 286 2238 315; x_wconf 67' lang='lat'><strong>33„</strong></span> 
     </span>
    </p>
   </div>
   <div class='ocr_carea' id='block_1_2' title="bbox 144 340 1151 423">
    <p class='ocr_par' dir='ltr' id='par_1_2' title="bbox 144 340 1151 423">
     <span class='ocr_line' id='line_1_2' title="bbox 144 340 1151 375; baseline -0.003 -5"><span class='ocrx_word' id='word_1_5' title='bbox 144 345 232 375; x_wconf 63' lang='lat' dir='ltr'><strong>(Rae.</strong></span> <span class='ocrx_word' id='word_1_6' title='bbox 247 343 291 375; x_wconf 86' lang='grc'><strong>20,</strong></span> <span class='ocrx_word' id='word_1_7' title='bbox 307 345 326 369; x_wconf 84' lang='lat' dir='ltr'><strong>f.</strong></span> <span class='ocrx_word' id='word_1_8' title='bbox 341 343 372 369; x_wconf 89' lang='lat'><strong>31</strong></span> <span class='ocrx_word' id='word_1_9' title='bbox 395 346 442 374; x_wconf 75' lang='lat' dir='ltr'><strong>v⁰;</strong></span> <span class='ocrx_word' id='word_1_10' title='bbox 464 351 533 368; x_wconf 86' lang='lat' dir='ltr'><strong>ann.</strong></span> <span class='ocrx_word' id='word_1_11' title='bbox 551 342 634 371; x_wconf 85' lang='lat' dir='ltr'><strong>XIV,</strong></span> <span class='ocrx_word' id='word_1_12' title='bbox 651 350 675 368; x_wconf 86' lang='lat' dir='ltr'><strong>c.</strong></span> <span class='ocrx_word' id='word_1_13' title='bbox 694 342 758 373; x_wconf 79' lang='lat'><strong>175;</strong></span> <span class='ocrx_word' id='word_1_14' title='bbox 777 357 808 359; x_wconf 97' lang='lat'><strong>—</strong></span> <span class='ocrx_word' id='word_1_15' title='bbox 827 342 982 368; x_wconf 60' lang='lat' dir='ltr'><strong>Powxmsr</strong></span> <span class='ocrx_word' id='word_1_16' title='bbox 1001 340 1102 371; x_wconf 86' lang='lat'>10961;</span> <span class='ocrx_word' id='word_1_17' title='bbox 1120 355 1151 358; x_wconf 76' lang='lat'><em>-</em></span> 
     </span>
     <span class='ocr_line' id='line_1_3' title="bbox 144 390 579 423; baseline -0.005 -5"><span class='ocrx_word' id='word_1_18' title='bbox 144 393 183 418; x_wconf 85' lang='lat' dir='ltr'><strong>cf.</strong></span> <span class='ocrx_word' id='word_1_19' title='bbox 200 399 294 423; x_wconf 77' lang='lat' dir='ltr'><strong>supra,</strong></span> <span class='ocrx_word' id='word_1_20' title='bbox 314 400 343 418; x_wconf 80' lang='lat' dir='ltr'><strong>n.</strong></span> <span class='ocrx_word' id='word_1_21' title='bbox 361 391 429 417; x_wconf 88' lang='lat'>1008</span> <span class='ocrx_word' id='word_1_22' title='bbox 441 394 469 417; x_wconf 84' lang='lat' dir='ltr'><strong>ct</strong></span> <span class='ocrx_word' id='word_1_23' title='bbox 485 390 579 421; x_wconf 76' lang='grc'>3304.)</span> 
     </span>
    </p>
   </div>
   <div class='ocr_carea' id='block_1_3' title="bbox 143 505 1152 695">
    <p class='ocr_par' dir='ltr' id='par_1_3' title="bbox 143 505 1152 695">
     <span class='ocr_line' id='line_1_4' title="bbox 187 505 934 543; baseline -0.003 -10"><span class='ocrx_word' id='word_1_24' title='bbox 187 518 200 533; x_wconf 86' lang='lat'>«</span> <span class='ocrx_word' id='word_1_25' title='bbox 220 529 238 534; x_wconf 94' lang='lat'><strong>..</strong></span> <span class='ocrx_word' id='word_1_26' title='bbox 263 507 485 543; x_wconf 77' lang='lat' dir='ltr'><em>archiepiscopo</em></span> <span class='ocrx_word' id='word_1_27' title='bbox 502 506 718 542; x_wconf 58' lang='lat' dir='ltr'><strong>Str-montensi,</strong></span> <span class='ocrx_word' id='word_1_28' title='bbox 744 527 763 532; x_wconf 94' lang='lat'><strong>..</strong></span> <span class='ocrx_word' id='word_1_29' title='bbox 787 505 888 532; x_wconf 69' lang='lat' dir='ltr'><strong>(abbati</strong></span> <span class='ocrx_word' id='word_1_30' title='bbox 909 509 934 532; x_wconf 76' lang='lat' dir='ltr'><strong>el</strong></span> 
     </span>
     <span class='ocr_line' id='line_1_5' title="bbox 145 556 1152 597; baseline -0.004 -8"><span class='ocrx_word' id='word_1_31' title='bbox 145 561 233 593; x_wconf 78' lang='lat' dir='ltr'><strong>Pilis,</strong></span> <span class='ocrx_word' id='word_1_32' title='bbox 257 560 483 597; x_wconf 78' lang='lat' dir='ltr'><strong>Vesprimiensz&#39;s</strong></span> <span class='ocrx_word' id='word_1_33' title='bbox 501 560 636 587; x_wconf 72' lang='lat' dir='ltr'><strong>diocesis.</strong></span> <span class='ocrx_word' id='word_1_34' title='bbox 657 558 742 588; x_wconf 88' lang='lat' dir='ltr'><strong>Olim</strong></span> <span class='ocrx_word' id='word_1_35' title='bbox 760 558 792 586; x_wconf 87' lang='lat' dir='ltr'><strong>in</strong></span> <span class='ocrx_word' id='word_1_36' title='bbox 812 566 911 586; x_wconf 85' lang='lat' dir='ltr'><strong>causa</strong></span> <span class='ocrx_word' id='word_1_37' title='bbox 929 574 974 584; x_wconf 60' lang='lat'><strong>—.</strong></span> <span class='ocrx_word' id='word_1_38' title='bbox 995 557 1067 585; x_wconf 84' lang='lat' dir='ltr'><strong>Dat.</strong></span> <span class='ocrx_word' id='word_1_39' title='bbox 1091 556 1152 585; x_wconf 85' lang='lat' dir='ltr'><strong>La-</strong></span> 
     </span>
     <span class='ocr_line' id='line_1_6' title="bbox 146 609 1149 654; baseline -0.005 -12"><span class='ocrx_word' id='word_1_40' title='bbox 146 612 272 646; x_wconf 84' lang='lat' dir='ltr'><strong>terani,</strong></span> <span class='ocrx_word' id='word_1_41' title='bbox 304 613 398 642; x_wconf 84' lang='lat' dir='ltr'>XVII</span> <span class='ocrx_word' id='word_1_42' title='bbox 428 611 587 654; x_wconf 66' lang='lat' dir='ltr'><strong>kalendas</strong></span> <span class='ocrx_word' id='word_1_43' title='bbox 619 611 823 641; x_wconf 75' lang='lat' dir='ltr'><strong>decembris,</strong></span> <span class='ocrx_word' id='word_1_44' title='bbox 858 618 944 639; x_wconf 84' lang='lat' dir='ltr'><strong>anno</strong></span> <span class='ocrx_word' id='word_1_45' title='bbox 977 609 1149 647; x_wconf 75' lang='lat' dir='ltr'><strong>quartode-</strong></span> 
     </span>
     <span class='ocr_line' id='line_1_7' title="bbox 143 666 281 695; baseline -0.007 0"><span class='ocrx_word' id='word_1_46' title='bbox 143 666 241 695; x_wconf 87' lang='lat' dir='ltr'><strong>cimo.</strong></span> <span class='ocrx_word' id='word_1_47' title='bbox 268 678 281 691; x_wconf 73' lang='lat' dir='ltr'><strong>n</strong></span> 
     </span>
    </p>
   </div>
   <div class='ocr_carea' id='block_1_4' title="bbox 960 504 1152 541">
    <p class='ocr_par' dir='ltr' id='par_1_4' title="bbox 960 504 1152 541">
     <span class='ocr_line' id='line_1_8' title="bbox 960 504 1152 541; baseline -0.005 -9"><span class='ocrx_word' id='word_1_48' title='bbox 960 527 978 532; x_wconf 86' lang='lat'><strong>..</strong></span> <span class='ocrx_word' id='word_1_49' title='bbox 996 505 1096 541; x_wconf 71' lang='lat' dir='ltr'><strong>priori</strong></span> <span class='ocrx_word' id='word_1_50' title='bbox 1119 504 1152 531; x_wconf 81' lang='lat' dir='ltr'><strong>de</strong></span> 
     </span>
    </p>
   </div>
   <div class='ocr_carea' id='block_1_5' title="bbox 213 862 331 891">
    <p class='ocr_par' dir='ltr' id='par_1_5' title="bbox 213 862 331 891">
     <span class='ocr_line' id='line_1_9' title="bbox 213 862 331 891; baseline -0.008 0"><span class='ocrx_word' id='word_1_51' title='bbox 213 862 331 891; x_wconf 68' lang='lat'><strong>53¹6</strong></span> 
     </span>
    </p>
   </div>
   <div class='ocr_carea' id='block_1_6' title="bbox 141 923 1150 1201">
    <p class='ocr_par' dir='ltr' id='par_1_6' title="bbox 141 923 1150 1201">
     <span class='ocr_line' id='line_1_10' title="bbox 179 923 1150 958; baseline -0.006 -6"><span class='ocrx_word' id='word_1_52' title='bbox 179 924 319 955; x_wconf 85' lang='lat' dir='ltr'><strong>Johanni,</strong></span> <span class='ocrx_word' id='word_1_53' title='bbox 343 924 479 958; x_wconf 83' lang='lat' dir='ltr'><strong>episcopo</strong></span> <span class='ocrx_word' id='word_1_54' title='bbox 500 924 708 955; x_wconf 79' lang='lat' dir='ltr'><strong>Ulixbonensi,</strong></span> <span class='ocrx_word' id='word_1_55' title='bbox 740 932 838 957; x_wconf 84' lang='lat' dir='ltr'><strong>quem,</strong></span> <span class='ocrx_word' id='word_1_56' title='bbox 868 923 904 949; x_wconf 87' lang='lat' dir='ltr'><strong>ab</strong></span> <span class='ocrx_word' id='word_1_57' title='bbox 929 923 1150 957; x_wconf 79' lang='lat' dir='ltr'><strong>archiepiscopo</strong></span> 
     </span>
     <span class='ocr_line' id='line_1_11' title="bbox 143 972 1150 1007; baseline -0.005 -6"><span class='ocrx_word' id='word_1_58' title='bbox 143 974 285 1001; x_wconf 81' lang='lat' dir='ltr'>Toletano</span> <span class='ocrx_word' id='word_1_59' title='bbox 301 976 330 1000; x_wconf 80' lang='lat' dir='ltr'><strong>et</strong></span> <span class='ocrx_word' id='word_1_60' title='bbox 345 973 481 1007; x_wconf 76' lang='lat' dir='ltr'><strong>episcopo</strong></span> <span class='ocrx_word' id='word_1_61' title='bbox 496 973 655 1000; x_wconf 81' lang='lat' dir='ltr'><strong>Palentino</strong></span> <span class='ocrx_word' id='word_1_62' title='bbox 671 972 866 999; x_wconf 80' lang='lat' dir='ltr'><strong>Ulixbonensi</strong></span> <span class='ocrx_word' id='word_1_63' title='bbox 879 972 1020 998; x_wconf 83' lang='lat' dir='ltr'><strong>ecelesiae</strong></span> <span class='ocrx_word' id='word_1_64' title='bbox 1032 980 1150 1006; x_wconf 72' lang='lat' dir='ltr'><strong>praepo-</strong></span> 
     </span>
     <span class='ocr_line' id='line_1_12' title="bbox 142 1021 1150 1057; baseline -0.002 -8"><span class='ocrx_word' id='word_1_65' title='bbox 142 1023 246 1054; x_wconf 81' lang='lat' dir='ltr'><strong>situm,</strong></span> <span class='ocrx_word' id='word_1_66' title='bbox 264 1023 326 1057; x_wconf 86' lang='lat' dir='ltr'><strong>ipse</strong></span> <span class='ocrx_word' id='word_1_67' title='bbox 344 1030 420 1057; x_wconf 84' lang='lat' dir='ltr'><strong>papa</strong></span> <span class='ocrx_word' id='word_1_68' title='bbox 443 1022 569 1056; x_wconf 87' lang='lat' dir='ltr'><strong>propriis</strong></span> <span class='ocrx_word' id='word_1_69' title='bbox 591 1021 728 1048; x_wconf 86' lang='lat' dir='ltr'><strong>manibus</strong></span> <span class='ocrx_word' id='word_1_70' title='bbox 751 1021 780 1047; x_wconf 89' lang='lat' dir='ltr'><strong>in</strong></span> <span class='ocrx_word' id='word_1_71' title='bbox 804 1021 974 1055; x_wconf 82' lang='lat' dir='ltr'><strong>episcopum</strong></span> <span class='ocrx_word' id='word_1_72' title='bbox 998 1029 1150 1047; x_wconf 86' lang='lat' dir='ltr'><strong>consecra-</strong></span> 
     </span>
     <span class='ocr_line' id='line_1_13' title="bbox 141 1070 1148 1105; baseline -0.004 -6"><span class='ocrx_word' id='word_1_73' title='bbox 141 1075 236 1104; x_wconf 80' lang='lat' dir='ltr'><strong>verat,</strong></span> <span class='ocrx_word' id='word_1_74' title='bbox 253 1071 402 1105; x_wconf 79' lang='lat' dir='ltr'><strong>signifieat</strong></span> <span class='ocrx_word' id='word_1_75' title='bbox 419 1079 449 1097; x_wconf 87' lang='lat' dir='ltr'><strong>se</strong></span> <span class='ocrx_word' id='word_1_76' title='bbox 471 1071 534 1104; x_wconf 85' lang='lat' dir='ltr'><strong>ejus</strong></span> <span class='ocrx_word' id='word_1_77' title='bbox 554 1071 737 1097; x_wconf 78' lang='lat' dir='ltr'><strong>adversarios</strong></span> <span class='ocrx_word' id='word_1_78' title='bbox 758 1079 815 1096; x_wconf 84' lang='lat' dir='ltr'><strong>non</strong></span> <span class='ocrx_word' id='word_1_79' title='bbox 836 1070 956 1096; x_wconf 78' lang='lat' dir='ltr'><strong>duxisse</strong></span> <span class='ocrx_word' id='word_1_80' title='bbox 976 1070 1148 1096; x_wconf 77' lang='lat' dir='ltr'><strong>audiendos.</strong></span> 
     </span>
     <span class='ocr_line' id='line_1_14' title="bbox 143 1118 1148 1153; baseline -0.003 -6"><span class='ocrx_word' id='word_1_81' title='bbox 143 1135 176 1139; x_wconf 92' lang='lat'><strong>—-</strong></span> <span class='ocrx_word' id='word_1_82' title='bbox 189 1121 276 1152; x_wconf 64' lang='lat' dir='ltr'><strong>(Res.</strong></span> <span class='ocrx_word' id='word_1_83' title='bbox 295 1119 340 1153; x_wconf 85' lang='grc'><strong>20,</strong></span> <span class='ocrx_word' id='word_1_84' title='bbox 358 1120 378 1146; x_wconf 79' lang='lat' dir='ltr'><strong>f.</strong></span> <span class='ocrx_word' id='word_1_85' title='bbox 396 1119 429 1146; x_wconf 90' lang='grc'><strong>32</strong></span> <span class='ocrx_word' id='word_1_86' title='bbox 445 1122 483 1151; x_wconf 75' lang='lat' dir='ltr'><strong>r⁰;</strong></span> <span class='ocrx_word' id='word_1_87' title='bbox 500 1128 570 1145; x_wconf 89' lang='lat' dir='ltr'><strong>ann.</strong></span> <span class='ocrx_word' id='word_1_88' title='bbox 593 1119 675 1149; x_wconf 85' lang='lat' dir='ltr'><strong>XIV,</strong></span> <span class='ocrx_word' id='word_1_89' title='bbox 693 1128 717 1145; x_wconf 87' lang='lat' dir='ltr'><strong>c.</strong></span> <span class='ocrx_word' id='word_1_90' title='bbox 740 1118 808 1149; x_wconf 75' lang='lat'>176;</span> <span class='ocrx_word' id='word_1_91' title='bbox 826 1133 858 1136; x_wconf 88' lang='lat'>—</span> <span class='ocrx_word' id='word_1_92' title='bbox 875 1118 1148 1148; x_wconf 41' lang='lat' dir='ltr'><strong>Pormssr10966:</strong></span> 
     </span>
     <span class='ocr_line' id='line_1_15' title="bbox 141 1167 814 1201; baseline -0.004 -5"><span class='ocrx_word' id='word_1_93' title='bbox 141 1184 175 1188; x_wconf 48' lang='grc' dir='ltr'><strong>-α</strong></span> <span class='ocrx_word' id='word_1_94' title='bbox 191 1170 229 1196; x_wconf 77' lang='lat' dir='ltr'><strong>cf.</strong></span> <span class='ocrx_word' id='word_1_95' title='bbox 244 1176 340 1201; x_wconf 83' lang='lat' dir='ltr'><strong>supra,</strong></span> <span class='ocrx_word' id='word_1_96' title='bbox 357 1177 386 1195; x_wconf 86' lang='lat' dir='ltr'><strong>n.</strong></span> <span class='ocrx_word' id='word_1_97' title='bbox 404 1168 483 1200; x_wconf 65' lang='lat'><strong>4835,</strong></span> <span class='ocrx_word' id='word_1_98' title='bbox 498 1167 577 1200; x_wconf 74' lang='lat'><strong>5004,</strong></span> <span class='ocrx_word' id='word_1_99' title='bbox 592 1167 661 1194; x_wconf 84' lang='lat'><strong>5005</strong></span> <span class='ocrx_word' id='word_1_100' title='bbox 678 1170 706 1194; x_wconf 86' lang='lat' dir='ltr'><strong>et</strong></span> <span class='ocrx_word' id='word_1_101' title='bbox 721 1167 814 1198; x_wconf 83' lang='lat'><strong>5011.)</strong></span> 
     </span>
    </p>
   </div>
   <div class='ocr_carea' id='block_1_7' title="bbox 638 861 1078 893">
    <p class='ocr_par' dir='ltr' id='par_1_7' title="bbox 638 861 1078 893">
     <span class='ocr_line' id='line_1_16' title="bbox 638 861 1078 893; baseline -0.002 -5"><span class='ocrx_word' id='word_1_102' title='bbox 638 862 759 893; x_wconf 85' lang='lat' dir='ltr'><strong>Latran,</strong></span> <span class='ocrx_word' id='word_1_103' title='bbox 776 862 809 888; x_wconf 75' lang='lat'><strong>27</strong></span> <span class='ocrx_word' id='word_1_104' title='bbox 826 861 985 887; x_wconf 81' lang='lat' dir='ltr'><strong>novembre</strong></span> <span class='ocrx_word' id='word_1_105' title='bbox 1000 861 1078 887; x_wconf 73' lang='lat'><strong>1240.</strong></span> 
     </span>
    </p>
   </div>
   <div class='ocr_carea' id='block_1_8' title="bbox 137 1281 1158 2810">
    <p class='ocr_par' dir='ltr' id='par_1_8' title="bbox 137 1281 1158 2810">
     <span class='ocr_line' id='line_1_17' title="bbox 183 1281 1151 1323; baseline 0.001 -13"><span class='ocrx_word' id='word_1_106' title='bbox 183 1296 196 1310; x_wconf 70' lang='grc' dir='ltr'>α</span> <span class='ocrx_word' id='word_1_107' title='bbox 222 1283 393 1323; x_wconf 76' lang='grc' dir='ltr'>.1[οΙιαηηι”],</span> <span class='ocrx_word' id='word_1_108' title='bbox 424 1284 556 1320; x_wconf 74' lang='lat' dir='ltr'><strong>episcopo</strong></span> <span class='ocrx_word' id='word_1_109' title='bbox 587 1282 794 1312; x_wconf 70' lang='lat' dir='ltr'><strong>L&#39;lioebonensi.</strong></span> <span class='ocrx_word' id='word_1_110' title='bbox 828 1281 977 1312; x_wconf 79' lang='lat' dir='ltr'><strong>Dudum,</strong></span> <span class='ocrx_word' id='word_1_111' title='bbox 1011 1281 1151 1311; x_wconf 85' lang='lat' dir='ltr'><strong>ecclesia</strong></span> 
     </span>
     <span class='ocr_line' id='line_1_18' title="bbox 140 1334 1151 1373; baseline -0.003 -6"><span class='ocrx_word' id='word_1_112' title='bbox 140 1336 363 1368; x_wconf 85' lang='lat' dir='ltr'><strong>Ulixbonensi</strong></span> <span class='ocrx_word' id='word_1_113' title='bbox 388 1336 547 1366; x_wconf 87' lang='lat' dir='ltr'><strong>destituta</strong></span> <span class='ocrx_word' id='word_1_114' title='bbox 568 1339 710 1373; x_wconf 85' lang='lat' dir='ltr'><strong>pastore,</strong></span> <span class='ocrx_word' id='word_1_115' title='bbox 735 1339 765 1364; x_wconf 84' lang='lat' dir='ltr'><strong>et</strong></span> <span class='ocrx_word' id='word_1_116' title='bbox 791 1334 939 1373; x_wconf 85' lang='lat' dir='ltr'><strong>ejusdem</strong></span> <span class='ocrx_word' id='word_1_117' title='bbox 961 1335 1151 1372; x_wconf 74' lang='lat' dir='ltr'>provisione</span> 
     </span>
     <span class='ocr_line' id='line_1_19' title="bbox 140 1387 1148 1428; baseline -0.005 -7"><span class='ocrx_word' id='word_1_118' title='bbox 140 1391 182 1421; x_wconf 84' lang='lat' dir='ltr'><strong>ad</strong></span> <span class='ocrx_word' id='word_1_119' title='bbox 197 1390 315 1421; x_wconf 88' lang='lat' dir='ltr'><strong>Sedem</strong></span> <span class='ocrx_word' id='word_1_120' title='bbox 331 1388 555 1428; x_wconf 86' lang='lat' dir='ltr'><strong>Apostolicam</strong></span> <span class='ocrx_word' id='word_1_121' title='bbox 578 1388 742 1418; x_wconf 79' lang='lat' dir='ltr'><strong>devoluta.</strong></span> <span class='ocrx_word' id='word_1_122' title='bbox 762 1397 832 1421; x_wconf 83' lang='lat' dir='ltr'><strong>nos,</strong></span> <span class='ocrx_word' id='word_1_123' title='bbox 852 1397 892 1418; x_wconf 86' lang='lat' dir='ltr'><strong>nc</strong></span> <span class='ocrx_word' id='word_1_124' title='bbox 910 1388 981 1425; x_wconf 78' lang='lat' dir='ltr'><strong>ipsa</strong></span> <span class='ocrx_word' id='word_1_125' title='bbox 997 1387 1148 1418; x_wconf 84' lang='lat' dir='ltr'><strong>ecclesia.</strong></span> 
     </span>
     <span class='ocr_line' id='line_1_20' title="bbox 139 1441 1150 1483; baseline -0.004 -9"><span class='ocrx_word' id='word_1_126' title='bbox 139 1453 204 1483; x_wconf 86' lang='lat' dir='ltr'><strong>que</strong></span> <span class='ocrx_word' id='word_1_127' title='bbox 226 1443 266 1473; x_wconf 92' lang='lat' dir='ltr'><strong>ob</strong></span> <span class='ocrx_word' id='word_1_128' title='bbox 287 1442 487 1481; x_wconf 78' lang='lat' dir='ltr'><strong>multiplices</strong></span> <span class='ocrx_word' id='word_1_129' title='bbox 511 1442 689 1472; x_wconf 75' lang='lat' dir='ltr'><strong>electiones</strong></span> <span class='ocrx_word' id='word_1_130' title='bbox 707 1446 737 1471; x_wconf 85' lang='lat' dir='ltr'><strong>et</strong></span> <span class='ocrx_word' id='word_1_131' title='bbox 754 1441 862 1471; x_wconf 86' lang='lat' dir='ltr'><strong>varios</strong></span> <span class='ocrx_word' id='word_1_132' title='bbox 883 1441 1067 1479; x_wconf 73' lang='lat' dir='ltr'><strong>litigiorum</strong></span> <span class='ocrx_word' id='word_1_133' title='bbox 1085 1442 1150 1471; x_wconf 88' lang='lat' dir='ltr'><strong>cir—</strong></span> 
     </span>
     <span class='ocr_line' id='line_1_21' title="bbox 140 1494 1150 1534; baseline -0.003 -7"><span class='ocrx_word' id='word_1_134' title='bbox 140 1497 263 1532; x_wconf 78' lang='lat' dir='ltr'><strong>cuitus,</strong></span> <span class='ocrx_word' id='word_1_135' title='bbox 281 1505 415 1534; x_wconf 86' lang='lat' dir='ltr'><strong>gravem</strong></span> <span class='ocrx_word' id='word_1_136' title='bbox 437 1496 471 1524; x_wconf 90' lang='lat' dir='ltr'><strong>in</strong></span> <span class='ocrx_word' id='word_1_137' title='bbox 496 1495 728 1533; x_wconf 73' lang='lat' dir='ltr'><strong>spiritualibus</strong></span> <span class='ocrx_word' id='word_1_138' title='bbox 746 1499 776 1525; x_wconf 89' lang='lat' dir='ltr'><strong>et</strong></span> <span class='ocrx_word' id='word_1_139' title='bbox 796 1494 1032 1532; x_wconf 78' lang='lat' dir='ltr'><strong>temporalibus</strong></span> <span class='ocrx_word' id='word_1_140' title='bbox 1049 1494 1150 1524; x_wconf 89' lang='lat' dir='ltr'><strong>susti-</strong></span> 
     </span>
     <span class='ocr_line' id='line_1_22' title="bbox 141 1547 1149 1586; baseline -0.003 -7"><span class='ocrx_word' id='word_1_141' title='bbox 141 1554 260 1580; x_wconf 87' lang='lat' dir='ltr'><strong>nuerat</strong></span> <span class='ocrx_word' id='word_1_142' title='bbox 287 1549 460 1583; x_wconf 78' lang='lat' dir='ltr'><strong>lesionem,</strong></span> <span class='ocrx_word' id='word_1_143' title='bbox 484 1548 702 1586; x_wconf 75' lang='lat' dir='ltr'><strong>irreparaliule</strong></span> <span class='ocrx_word' id='word_1_144' title='bbox 728 1548 762 1576; x_wconf 91' lang='lat' dir='ltr'><strong>in</strong></span> <span class='ocrx_word' id='word_1_145' title='bbox 786 1548 936 1586; x_wconf 85' lang='lat' dir='ltr'><strong>utrisque</strong></span> <span class='ocrx_word' id='word_1_146' title='bbox 965 1547 1149 1577; x_wconf 78' lang='lat' dir='ltr'><strong>incurreret</strong></span> 
     </span>
     <span class='ocr_line' id='line_1_23' title="bbox 138 1591 1015 1638; baseline -0.005 -5"><span class='ocrx_word' id='word_1_147' title='bbox 138 1603 387 1638; x_wconf 86' lang='lat' dir='ltr'><strong>detrimentum,</strong></span> <span class='ocrx_word' id='word_1_148' title='bbox 407 1591 654 1632; x_wconf 74' lang='lat' dir='ltr'><strong>venerabilibus</strong></span> <span class='ocrx_word' id='word_1_149' title='bbox 671 1601 831 1630; x_wconf 81' lang='lat' dir='ltr'><strong>fratribus</strong></span> <span class='ocrx_word' id='word_1_150' title='bbox 851 1601 973 1631; x_wconf 84' lang='lat' dir='ltr'><strong>nostris</strong></span> <span class='ocrx_word' id='word_1_151' title='bbox 996 1624 1015 1629; x_wconf 84' lang='lat'><strong>..</strong></span> 
     </span>
     <span class='ocr_line' id='line_1_24' title="bbox 140 1654 1149 1695; baseline -0.004 -9"><span class='ocrx_word' id='word_1_152' title='bbox 140 1656 293 1695; x_wconf 86' lang='lat' dir='ltr'><strong>episcopo</strong></span> <span class='ocrx_word' id='word_1_153' title='bbox 306 1655 464 1686; x_wconf 75' lang='lat' dir='ltr'><strong>Toletano</strong></span> <span class='ocrx_word' id='word_1_154' title='bbox 480 1659 511 1685; x_wconf 88' lang='lat' dir='ltr'><strong>et</strong></span> <span class='ocrx_word' id='word_1_155' title='bbox 529 1678 548 1683; x_wconf 92' lang='lat'><strong>..</strong></span> <span class='ocrx_word' id='word_1_156' title='bbox 567 1654 719 1692; x_wconf 85' lang='lat' dir='ltr'><strong>episcopo</strong></span> <span class='ocrx_word' id='word_1_157' title='bbox 735 1654 909 1684; x_wconf 81' lang='lat' dir='ltr'><strong>Palentino</strong></span> <span class='ocrx_word' id='word_1_158' title='bbox 926 1654 1149 1692; x_wconf 79' lang='lat' dir='ltr'><strong>provisionem</strong></span> 
     </span>
     <span class='ocr_line' id='line_1_25' title="bbox 140 1707 1149 1747; baseline -0.002 -8"><span class='ocrx_word' id='word_1_159' title='bbox 140 1709 247 1747; x_wconf 89' lang='lat' dir='ltr'><strong>ipsius</strong></span> <span class='ocrx_word' id='word_1_160' title='bbox 272 1709 411 1739; x_wconf 79' lang='lat' dir='ltr'><strong>ecclesie</strong></span> <span class='ocrx_word' id='word_1_161' title='bbox 433 1708 587 1737; x_wconf 81' lang='lat' dir='ltr'><strong>duximus</strong></span> <span class='ocrx_word' id='word_1_162' title='bbox 612 1707 894 1737; x_wconf 85' lang='lat' dir='ltr'><strong>committendam.</strong></span> <span class='ocrx_word' id='word_1_163' title='bbox 922 1708 1045 1737; x_wconf 84' lang='lat' dir='ltr'><strong>Prefati</strong></span> <span class='ocrx_word' id='word_1_164' title='bbox 1074 1716 1149 1737; x_wconf 89' lang='lat' dir='ltr'><strong>vero</strong></span> 
     </span>
     <span class='ocr_line' id='line_1_26' title="bbox 140 1760 1149 1801; baseline -0.003 -9"><span class='ocrx_word' id='word_1_165' title='bbox 140 1762 410 1801; x_wconf 79' lang='lat' dir='ltr'><strong>archiepiscopus</strong></span> <span class='ocrx_word' id='word_1_166' title='bbox 428 1766 459 1791; x_wconf 91' lang='lat' dir='ltr'><strong>et</strong></span> <span class='ocrx_word' id='word_1_167' title='bbox 472 1761 656 1799; x_wconf 85' lang='lat' dir='ltr'><strong>episcopus,</strong></span> <span class='ocrx_word' id='word_1_168' title='bbox 675 1761 835 1790; x_wconf 87' lang='lat' dir='ltr'><strong>habentes</strong></span> <span class='ocrx_word' id='word_1_169' title='bbox 852 1770 907 1798; x_wconf 89' lang='lat' dir='ltr'><strong>pre</strong></span> <span class='ocrx_word' id='word_1_170' title='bbox 922 1760 1026 1790; x_wconf 85' lang='lat' dir='ltr'><strong>oculis</strong></span> <span class='ocrx_word' id='word_1_171' title='bbox 1043 1760 1149 1790; x_wconf 80' lang='lat' dir='ltr'><strong>solum</strong></span> 
     </span>
     <span class='ocr_line' id='line_1_27' title="bbox 141 1813 1148 1852; baseline -0.003 -7"><span class='ocrx_word' id='word_1_172' title='bbox 141 1816 246 1845; x_wconf 86' lang='lat' dir='ltr'><strong>Deum</strong></span> <span class='ocrx_word' id='word_1_173' title='bbox 269 1819 301 1845; x_wconf 83' lang='lat' dir='ltr'><strong>et</strong></span> <span class='ocrx_word' id='word_1_174' title='bbox 320 1814 532 1845; x_wconf 86' lang='lat' dir='ltr'><strong>intendentes</strong></span> <span class='ocrx_word' id='word_1_175' title='bbox 560 1814 731 1852; x_wconf 88' lang='lat' dir='ltr'><strong>providere</strong></span> <span class='ocrx_word' id='word_1_176' title='bbox 756 1814 865 1851; x_wconf 89' lang='lat' dir='ltr'><strong>potius</strong></span> <span class='ocrx_word' id='word_1_177' title='bbox 889 1813 1027 1843; x_wconf 79' lang='lat' dir='ltr'><strong>ecclesie</strong></span> <span class='ocrx_word' id='word_1_178' title='bbox 1050 1822 1148 1852; x_wconf 77' lang='lat' dir='ltr'><strong>quam</strong></span> 
     </span>
     <span class='ocr_line' id='line_1_28' title="bbox 140 1866 1149 1906; baseline -0.002 -8"><span class='ocrx_word' id='word_1_179' title='bbox 140 1877 292 1906; x_wconf 82' lang='lat' dir='ltr'><strong>persone,</strong></span> <span class='ocrx_word' id='word_1_180' title='bbox 310 1867 415 1897; x_wconf 87' lang='lat' dir='ltr'><strong>nostri</strong></span> <span class='ocrx_word' id='word_1_181' title='bbox 436 1867 631 1897; x_wconf 82' lang='lat' dir='ltr'><strong>auctoritate</strong></span> <span class='ocrx_word' id='word_1_182' title='bbox 652 1866 799 1896; x_wconf 86' lang='lat' dir='ltr'><strong>mandati</strong></span> <span class='ocrx_word' id='word_1_183' title='bbox 824 1871 862 1901; x_wconf 85' lang='lat' dir='ltr'><strong>te,</strong></span> <span class='ocrx_word' id='word_1_184' title='bbox 889 1875 986 1904; x_wconf 77' lang='lat' dir='ltr'><strong>quem</strong></span> <span class='ocrx_word' id='word_1_185' title='bbox 1005 1866 1100 1896; x_wconf 87' lang='lat' dir='ltr'><strong>nobis</strong></span> <span class='ocrx_word' id='word_1_186' title='bbox 1119 1871 1149 1896; x_wconf 89' lang='lat' dir='ltr'><strong>et</strong></span> 
     </span>
     <span class='ocr_line' id='line_1_29' title="bbox 141 1919 1149 1958; baseline -0.003 -7"><span class='ocrx_word' id='word_1_187' title='bbox 141 1921 301 1951; x_wconf 85' lang='lat' dir='ltr'><strong>fratribus</strong></span> <span class='ocrx_word' id='word_1_188' title='bbox 314 1921 436 1950; x_wconf 86' lang='lat' dir='ltr'><strong>nostris</strong></span> <span class='ocrx_word' id='word_1_189' title='bbox 450 1920 547 1958; x_wconf 73' lang='lat' dir='ltr'><strong>longa</strong></span> <span class='ocrx_word' id='word_1_190' title='bbox 560 1929 687 1949; x_wconf 91' lang='lat' dir='ltr'><strong>morum</strong></span> <span class='ocrx_word' id='word_1_191' title='bbox 701 1919 905 1957; x_wconf 80' lang='lat' dir='ltr'><strong>experientia</strong></span> <span class='ocrx_word' id='word_1_192' title='bbox 918 1924 1031 1949; x_wconf 86' lang='lat' dir='ltr'><strong>notum</strong></span> <span class='ocrx_word' id='word_1_193' title='bbox 1044 1920 1149 1950; x_wconf 84' lang='lat' dir='ltr'><strong>reddit</strong></span> 
     </span>
     <span class='ocr_line' id='line_1_30' title="bbox 141 1973 1146 2011; baseline -0.003 -7"><span class='ocrx_word' id='word_1_194' title='bbox 141 1979 174 2004; x_wconf 87' lang='lat' dir='ltr'><strong>et</strong></span> <span class='ocrx_word' id='word_1_195' title='bbox 203 1974 382 2004; x_wconf 84' lang='lat' dir='ltr'><strong>familiaris</strong></span> <span class='ocrx_word' id='word_1_196' title='bbox 411 1973 673 2003; x_wconf 85' lang='lat' dir='ltr'><strong>conversationis</strong></span> <span class='ocrx_word' id='word_1_197' title='bbox 707 1973 856 2002; x_wconf 79' lang='lat' dir='ltr'><strong>examine</strong></span> <span class='ocrx_word' id='word_1_198' title='bbox 889 1973 1146 2011; x_wconf 83' lang='lat' dir='ltr'><strong>comprobatum,</strong></span> 
     </span>
     <span class='ocr_line' id='line_1_31' title="bbox 141 2026 1148 2064; baseline -0.002 -7"><span class='ocrx_word' id='word_1_199' title='bbox 141 2027 250 2058; x_wconf 87' lang='lat' dir='ltr'><strong>eidem</strong></span> <span class='ocrx_word' id='word_1_200' title='bbox 273 2026 412 2057; x_wconf 81' lang='lat' dir='ltr'><strong>ecclesie</strong></span> <span class='ocrx_word' id='word_1_201' title='bbox 435 2026 468 2055; x_wconf 86' lang='lat' dir='ltr'><strong>in</strong></span> <span class='ocrx_word' id='word_1_202' title='bbox 494 2026 684 2064; x_wconf 88' lang='lat' dir='ltr'><strong>episcopum</strong></span> <span class='ocrx_word' id='word_1_203' title='bbox 706 2026 931 2063; x_wconf 86' lang='lat' dir='ltr'><strong>providerunt,</strong></span> <span class='ocrx_word' id='word_1_204' title='bbox 960 2031 1054 2063; x_wconf 87' lang='lat' dir='ltr'><strong>prout</strong></span> <span class='ocrx_word' id='word_1_205' title='bbox 1079 2027 1148 2055; x_wconf 79' lang='lat' dir='ltr'><strong>suis</strong></span> 
     </span>
     <span class='ocr_line' id='line_1_32' title="bbox 144 2079 1150 2118; baseline -0.002 -8"><span class='ocrx_word' id='word_1_206' title='bbox 144 2081 240 2111; x_wconf 89' lang='lat' dir='ltr'><strong>nobis</strong></span> <span class='ocrx_word' id='word_1_207' title='bbox 252 2080 386 2115; x_wconf 80' lang='lat' dir='ltr'><strong>litteris,</strong></span> <span class='ocrx_word' id='word_1_208' title='bbox 404 2088 594 2118; x_wconf 84' lang='lat' dir='ltr'><strong>processum</strong></span> <span class='ocrx_word' id='word_1_209' title='bbox 608 2088 721 2109; x_wconf 85' lang='lat' dir='ltr'><strong>eorum</strong></span> <span class='ocrx_word' id='word_1_210' title='bbox 733 2079 994 2109; x_wconf 80' lang='lat' dir='ltr'><strong>continentibus.</strong></span> <span class='ocrx_word' id='word_1_211' title='bbox 1008 2079 1150 2109; x_wconf 81' lang='lat' dir='ltr'><strong>fideliter</strong></span> 
     </span>
     <span class='ocr_line' id='line_1_33' title="bbox 142 2132 1150 2170; baseline -0.002 -7"><span class='ocrx_word' id='word_1_212' title='bbox 142 2134 354 2163; x_wconf 72' lang='lat' dir='ltr'><strong>intimarunt.</strong></span> <span class='ocrx_word' id='word_1_213' title='bbox 386 2134 454 2163; x_wconf 88' lang='lat' dir='ltr'><strong>Nos</strong></span> <span class='ocrx_word' id='word_1_214' title='bbox 478 2137 598 2167; x_wconf 82' lang='lat' dir='ltr'><strong>autem,</strong></span> <span class='ocrx_word' id='word_1_215' title='bbox 628 2142 783 2170; x_wconf 79' lang='lat' dir='ltr'><strong>processu</strong></span> <span class='ocrx_word' id='word_1_216' title='bbox 804 2133 876 2170; x_wconf 75' lang='lat' dir='ltr'><strong>ipso</strong></span> <span class='ocrx_word' id='word_1_217' title='bbox 899 2132 1076 2170; x_wconf 77' lang='lat' dir='ltr'><strong>diligenter</strong></span> <span class='ocrx_word' id='word_1_218' title='bbox 1097 2133 1150 2162; x_wconf 91' lang='lat' dir='ltr'><strong>in-</strong></span> 
     </span>
     <span class='ocr_line' id='line_1_34' title="bbox 142 2185 1148 2225; baseline 0 -8"><span class='ocrx_word' id='word_1_219' title='bbox 142 2191 265 2225; x_wconf 86' lang='lat' dir='ltr'><strong>specto,</strong></span> <span class='ocrx_word' id='word_1_220' title='bbox 297 2186 517 2216; x_wconf 77' lang='lat' dir='ltr'><strong>consideratis</strong></span> <span class='ocrx_word' id='word_1_221' title='bbox 547 2186 647 2215; x_wconf 87' lang='lat' dir='ltr'><strong>etiarn</strong></span> <span class='ocrx_word' id='word_1_222' title='bbox 677 2185 939 2215; x_wconf 76' lang='lat' dir='ltr'><strong>circumstantiis</strong></span> <span class='ocrx_word' id='word_1_223' title='bbox 964 2186 1148 2217; x_wconf 78' lang='lat' dir='ltr'><strong>universis.</strong></span> 
     </span>
     <span class='ocr_line' id='line_1_35' title="bbox 144 2238 1151 2279; baseline -0.001 -10"><span class='ocrx_word' id='word_1_224' title='bbox 144 2249 228 2279; x_wconf 82' lang='lat' dir='ltr'><strong>quas</strong></span> <span class='ocrx_word' id='word_1_225' title='bbox 245 2240 280 2269; x_wconf 92' lang='lat' dir='ltr'><strong>in</strong></span> <span class='ocrx_word' id='word_1_226' title='bbox 297 2239 358 2269; x_wconf 85' lang='lat' dir='ltr'><strong>hoc</strong></span> <span class='ocrx_word' id='word_1_227' title='bbox 374 2239 518 2268; x_wconf 88' lang='lat' dir='ltr'><strong>vidimus</strong></span> <span class='ocrx_word' id='word_1_228' title='bbox 535 2238 762 2268; x_wconf 85' lang='lat' dir='ltr'><strong>attendendas.</strong></span> <span class='ocrx_word' id='word_1_229' title='bbox 786 2247 845 2268; x_wconf 84' lang='lat' dir='ltr'><strong>nec</strong></span> <span class='ocrx_word' id='word_1_230' title='bbox 867 2247 931 2268; x_wconf 91' lang='lat' dir='ltr'><strong>non</strong></span> <span class='ocrx_word' id='word_1_231' title='bbox 949 2243 980 2268; x_wconf 88' lang='lat' dir='ltr'><strong>et</strong></span> <span class='ocrx_word' id='word_1_232' title='bbox 993 2248 1067 2268; x_wconf 87' lang='lat' dir='ltr'><strong>cum</strong></span> <span class='ocrx_word' id='word_1_233' title='bbox 1084 2240 1151 2268; x_wconf 86' lang='lat' dir='ltr'><strong>fra-</strong></span> 
     </span>
     <span class='ocr_line' id='line_1_36' title="bbox 145 2291 1152 2329; baseline -0.002 -6"><span class='ocrx_word' id='word_1_234' title='bbox 145 2293 252 2323; x_wconf 87' lang='lat' dir='ltr'><strong>tribus</strong></span> <span class='ocrx_word' id='word_1_235' title='bbox 275 2292 398 2322; x_wconf 87' lang='lat' dir='ltr'><strong>uostris</strong></span> <span class='ocrx_word' id='word_1_236' title='bbox 415 2291 653 2321; x_wconf 81' lang='lat' dir='ltr'><strong>deliberatione</strong></span> <span class='ocrx_word' id='word_1_237' title='bbox 675 2291 788 2321; x_wconf 86' lang='lat' dir='ltr'><strong>habita</strong></span> <span class='ocrx_word' id='word_1_238' title='bbox 804 2291 966 2329; x_wconf 76' lang='lat' dir='ltr'><strong>diligenti,</strong></span> <span class='ocrx_word' id='word_1_239' title='bbox 987 2301 1061 2321; x_wconf 87' lang='lat' dir='ltr'><strong>cum</strong></span> <span class='ocrx_word' id='word_1_240' title='bbox 1078 2292 1152 2321; x_wconf 89' lang='lat' dir='ltr'><strong>nul-</strong></span> 
     </span>
     <span class='ocr_line' id='line_1_37' title="bbox 144 2344 1153 2383; baseline -0.002 -7"><span class='ocrx_word' id='word_1_241' title='bbox 144 2347 197 2377; x_wconf 90' lang='lat' dir='ltr'><strong>lus</strong></span> <span class='ocrx_word' id='word_1_242' title='bbox 218 2349 332 2376; x_wconf 85' lang='lat' dir='ltr'><strong>contra</strong></span> <span class='ocrx_word' id='word_1_243' title='bbox 355 2350 384 2375; x_wconf 90' lang='lat' dir='ltr'><strong>te</strong></span> <span class='ocrx_word' id='word_1_244' title='bbox 402 2344 592 2383; x_wconf 82' lang='lat' dir='ltr'><strong>apparuerit</strong></span> <span class='ocrx_word' id='word_1_245' title='bbox 619 2344 788 2381; x_wconf 76' lang='lat' dir='ltr'><strong>legitimus</strong></span> <span class='ocrx_word' id='word_1_246' title='bbox 816 2345 1054 2380; x_wconf 80' lang='lat' dir='ltr'><strong>contradictor,</strong></span> <span class='ocrx_word' id='word_1_247' title='bbox 1087 2346 1153 2375; x_wconf 83' lang='lat' dir='ltr'><strong>nisi</strong></span> 
     </span>
     <span class='ocr_line' id='line_1_38' title="bbox 137 2397 1154 2439; baseline -0.002 -9"><span class='ocrx_word' id='word_1_248' title='bbox 137 2400 281 2439; x_wconf 83' lang='lat' dir='ltr'><strong>-quidam</strong></span> <span class='ocrx_word' id='word_1_249' title='bbox 299 2397 441 2428; x_wconf 84' lang='lat' dir='ltr'><strong>Michael</strong></span> <span class='ocrx_word' id='word_1_250' title='bbox 463 2397 638 2436; x_wconf 79' lang='lat' dir='ltr'><strong>Ovequiz¹‚</strong></span> <span class='ocrx_word' id='word_1_251' title='bbox 658 2406 755 2436; x_wconf 86' lang='lat' dir='ltr'><strong>quem</strong></span> <span class='ocrx_word' id='word_1_252' title='bbox 773 2406 829 2435; x_wconf 88' lang='lat' dir='ltr'><strong>per</strong></span> <span class='ocrx_word' id='word_1_253' title='bbox 850 2407 888 2427; x_wconf 85' lang='lat' dir='ltr'><strong>ea</strong></span> <span class='ocrx_word' id='word_1_254' title='bbox 904 2407 967 2436; x_wconf 78' lang='lat' dir='ltr'><strong>que</strong></span> <span class='ocrx_word' id='word_1_255' title='bbox 986 2398 1154 2428; x_wconf 78' lang='lat' dir='ltr'><strong>intellexi-</strong></span> 
     </span>
     <span class='ocr_line' id='line_1_39' title="bbox 146 2451 1155 2490; baseline -0.001 -8"><span class='ocrx_word' id='word_1_256' title='bbox 146 2461 229 2488; x_wconf 85' lang='lat' dir='ltr'><strong>mus,</strong></span> <span class='ocrx_word' id='word_1_257' title='bbox 249 2452 367 2482; x_wconf 90' lang='lat' dir='ltr'><strong>merito</strong></span> <span class='ocrx_word' id='word_1_258' title='bbox 383 2451 566 2489; x_wconf 85' lang='lat' dir='ltr'><strong>repulimus</strong></span> <span class='ocrx_word' id='word_1_259' title='bbox 581 2456 616 2480; x_wconf 83' lang='lat' dir='ltr'><strong>ut</strong></span> <span class='ocrx_word' id='word_1_260' title='bbox 632 2451 818 2488; x_wconf 74' lang='lat' dir='ltr'><strong>indignum,</strong></span> <span class='ocrx_word' id='word_1_261' title='bbox 835 2460 1025 2489; x_wconf 78' lang='lat' dir='ltr'><strong>processum</strong></span> <span class='ocrx_word' id='word_1_262' title='bbox 1040 2461 1155 2490; x_wconf 87' lang='lat' dir='ltr'><strong>appro-</strong></span> 
     </span>
     <span class='ocr_line' id='line_1_40' title="bbox 146 2505 1154 2543; baseline -0.002 -6"><span class='ocrx_word' id='word_1_263' title='bbox 146 2507 297 2537; x_wconf 87' lang='lat' dir='ltr'><strong>bavimus</strong></span> <span class='ocrx_word' id='word_1_264' title='bbox 321 2505 563 2543; x_wconf 84' lang='lat' dir='ltr'><strong>archiepiscopi</strong></span> <span class='ocrx_word' id='word_1_265' title='bbox 589 2509 619 2534; x_wconf 84' lang='lat' dir='ltr'><strong>et</strong></span> <span class='ocrx_word' id='word_1_266' title='bbox 644 2505 789 2543; x_wconf 76' lang='lat' dir='ltr'><strong>episcopi</strong></span> <span class='ocrx_word' id='word_1_267' title='bbox 812 2505 1044 2543; x_wconf 78' lang='lat' dir='ltr'><strong>predictorum,</strong></span> <span class='ocrx_word' id='word_1_268' title='bbox 1070 2510 1101 2535; x_wconf 90' lang='lat' dir='ltr'><strong>et</strong></span> <span class='ocrx_word' id='word_1_269' title='bbox 1125 2510 1154 2535; x_wconf 86' lang='lat' dir='ltr'><strong>te</strong></span> 
     </span>
     <span class='ocr_line' id='line_1_41' title="bbox 148 2557 1154 2597; baseline -0.001 -7"><span class='ocrx_word' id='word_1_270' title='bbox 148 2560 280 2590; x_wconf 86' lang='lat' dir='ltr'><strong>tandem</strong></span> <span class='ocrx_word' id='word_1_271' title='bbox 302 2559 337 2588; x_wconf 90' lang='lat' dir='ltr'><strong>in</strong></span> <span class='ocrx_word' id='word_1_272' title='bbox 362 2558 584 2597; x_wconf 85' lang='lat' dir='ltr'><strong>presbiterum</strong></span> <span class='ocrx_word' id='word_1_273' title='bbox 604 2557 809 2588; x_wconf 81' lang='lat' dir='ltr'><strong>ordinantes.</strong></span> <span class='ocrx_word' id='word_1_274' title='bbox 834 2558 976 2596; x_wconf 86' lang='lat' dir='ltr'><strong>propriis</strong></span> <span class='ocrx_word' id='word_1_275' title='bbox 1001 2559 1154 2589; x_wconf 90' lang='lat' dir='ltr'><strong>manibus</strong></span> 
     </span>
     <span class='ocr_line' id='line_1_42' title="bbox 145 2610 1155 2649; baseline -0.001 -5"><span class='ocrx_word' id='word_1_276' title='bbox 145 2612 416 2644; x_wconf 84' lang='lat' dir='ltr'><strong>consecravimus</strong></span> <span class='ocrx_word' id='word_1_277' title='bbox 432 2611 467 2640; x_wconf 91' lang='lat' dir='ltr'><strong>in</strong></span> <span class='ocrx_word' id='word_1_278' title='bbox 485 2611 676 2649; x_wconf 84' lang='lat' dir='ltr'><strong>episcopum</strong></span> <span class='ocrx_word' id='word_1_279' title='bbox 696 2610 835 2640; x_wconf 80' lang='lat' dir='ltr'><strong>ecclesie</strong></span> <span class='ocrx_word' id='word_1_280' title='bbox 851 2616 1042 2642; x_wconf 85' lang='lat' dir='ltr'><strong>memorate.</strong></span> <span class='ocrx_word' id='word_1_281' title='bbox 1060 2612 1155 2643; x_wconf 84' lang='lat' dir='ltr'><strong>Cete-</strong></span> 
     </span>
     <span class='ocr_line' id='line_1_43' title="bbox 147 2664 1156 2703; baseline 0 -7"><span class='ocrx_word' id='word_1_282' title='bbox 147 2675 233 2702; x_wconf 90' lang='lat' dir='ltr'><strong>rum,</strong></span> <span class='ocrx_word' id='word_1_283' title='bbox 251 2666 409 2703; x_wconf 85' lang='lat' dir='ltr'><strong>magistro</strong></span> <span class='ocrx_word' id='word_1_284' title='bbox 425 2665 589 2698; x_wconf 73' lang='lat' dir='ltr'><strong>Jolianne,</strong></span> <span class='ocrx_word' id='word_1_285' title='bbox 612 2664 698 2693; x_wconf 90' lang='lat' dir='ltr'><strong>dicto</strong></span> <span class='ocrx_word' id='word_1_286' title='bbox 716 2665 853 2694; x_wconf 89' lang='lat' dir='ltr'><strong>Doctore</strong></span> <span class='ocrx_word' id='word_1_287' title='bbox 872 2665 1005 2702; x_wconf 78' lang='lat' dir='ltr'><strong>Legum,</strong></span> <span class='ocrx_word' id='word_1_288' title='bbox 1026 2666 1067 2695; x_wconf 89' lang='lat' dir='ltr'><strong>M.</strong></span> <span class='ocrx_word' id='word_1_289' title='bbox 1086 2666 1156 2696; x_wconf 88' lang='lat' dir='ltr'><strong>Nu-</strong></span> 
     </span>
     <span class='ocr_line' id='line_1_44' title="bbox 150 2717 1157 2758; baseline 0 -9"><span class='ocrx_word' id='word_1_290' title='bbox 150 2720 212 2756; x_wconf 87' lang='lat' dir='ltr'><strong>niz,</strong></span> <span class='ocrx_word' id='word_1_291' title='bbox 227 2719 285 2758; x_wconf 85' lang='lat' dir='ltr'><strong>qui</strong></span> <span class='ocrx_word' id='word_1_292' title='bbox 304 2727 339 2749; x_wconf 88' lang='lat' dir='ltr'><strong>se</strong></span> <span class='ocrx_word' id='word_1_293' title='bbox 353 2718 614 2749; x_wconf 82' lang='lat' dir='ltr'><strong>Ulixbonensem</strong></span> <span class='ocrx_word' id='word_1_294' title='bbox 636 2717 832 2746; x_wconf 87' lang='lat' dir='ltr'><strong>canonicum</strong></span> <span class='ocrx_word' id='word_1_295' title='bbox 849 2718 1030 2753; x_wconf 72' lang='lat' dir='ltr'><strong>asserebat,</strong></span> <span class='ocrx_word' id='word_1_296' title='bbox 1048 2728 1105 2757; x_wconf 87' lang='lat' dir='ltr'><strong>pro</strong></span> <span class='ocrx_word' id='word_1_297' title='bbox 1123 2728 1157 2749; x_wconf 89' lang='lat' dir='ltr'><strong>se</strong></span> 
     </span>
     <span class='ocr_line' id='line_1_45' title="bbox 147 2770 1158 2810; baseline -0.001 -7"><span class='ocrx_word' id='word_1_298' title='bbox 147 2782 186 2803; x_wconf 79' lang='lat' dir='ltr'><strong>ac</strong></span> <span class='ocrx_word' id='word_1_299' title='bbox 199 2771 371 2810; x_wconf 75' lang='lat' dir='ltr'><strong>E[gidio]²,</strong></span> <span class='ocrx_word' id='word_1_300' title='bbox 391 2771 625 2801; x_wconf 84' lang='lat' dir='ltr'><strong>archidiacono</strong></span> <span class='ocrx_word' id='word_1_301' title='bbox 635 2770 905 2805; x_wconf 81' lang='lat' dir='ltr'><strong>Sanctaranensi,</strong></span> <span class='ocrx_word' id='word_1_302' title='bbox 924 2771 1082 2809; x_wconf 82' lang='lat' dir='ltr'><strong>magistro</strong></span> <span class='ocrx_word' id='word_1_303' title='bbox 1098 2773 1158 2802; x_wconf 89' lang='lat' dir='ltr'><strong>Do-</strong></span> 
     </span>
    </p>
   </div>
   <div class='ocr_carea' id='block_1_9' title="bbox 1041 1601 1150 1630">
    <p class='ocr_par' dir='ltr' id='par_1_9' title="bbox 1041 1601 1150 1630">
     <span class='ocr_line' id='line_1_46' title="bbox 1041 1601 1150 1630; baseline -0.009 0"><span class='ocrx_word' id='word_1_304' title='bbox 1041 1601 1150 1630; x_wconf 86' lang='lat' dir='ltr'><strong>archi-</strong></span> 
     </span>
    </p>
   </div>
   <div class='ocr_carea' id='block_1_10' title="bbox 181 2903 1158 2980">
    <p class='ocr_par' dir='ltr' id='par_1_10' title="bbox 181 2903 1158 2980">
     <span class='ocr_line' id='line_1_47' title="bbox 184 2903 1158 2936; baseline -0.001 -6"><span class='ocrx_word' id='word_1_305' title='bbox 184 2906 205 2930; x_wconf 85' lang='lat'><strong>1.</strong></span> <span class='ocrx_word' id='word_1_306' title='bbox 221 2907 275 2930; x_wconf 79' lang='lat' dir='ltr'><strong>Sic.</strong></span> <span class='ocrx_word' id='word_1_307' title='bbox 290 2918 320 2923; x_wconf 92' lang='lat'><strong>—-</strong></span> <span class='ocrx_word' id='word_1_308' title='bbox 332 2905 384 2935; x_wconf 63' lang='lat' dir='ltr'><strong>Cf„</strong></span> <span class='ocrx_word' id='word_1_309' title='bbox 398 2905 466 2928; x_wconf 85' lang='lat' dir='ltr'><strong>dans</strong></span> <span class='ocrx_word' id='word_1_310' title='bbox 479 2904 504 2927; x_wconf 82' lang='lat' dir='ltr'><strong>la</strong></span> <span class='ocrx_word' id='word_1_311' title='bbox 520 2903 597 2934; x_wconf 74' lang='lat' dir='ltr'><strong>pieee</strong></span> <span class='ocrx_word' id='word_1_312' title='bbox 612 2903 671 2927; x_wconf 70' lang='lat'>5002</span> <span class='ocrx_word' id='word_1_313' title='bbox 687 2910 691 2926; x_wconf 94' lang='lat'>:</span> <span class='ocrx_word' id='word_1_314' title='bbox 710 2911 721 2925; x_wconf 94' lang='lat'>«</span> <span class='ocrx_word' id='word_1_315' title='bbox 735 2903 867 2928; x_wconf 83' lang='lat' dir='ltr'><strong>Michaele</strong></span> <span class='ocrx_word' id='word_1_316' title='bbox 879 2904 1007 2936; x_wconf 87' lang='lat' dir='ltr'><strong>Onequio</strong></span> <span class='ocrx_word' id='word_1_317' title='bbox 1021 2907 1131 2932; x_wconf 80' lang='lat' dir='ltr'><strong>clerico,</strong></span> <span class='ocrx_word' id='word_1_318' title='bbox 1147 2916 1158 2929; x_wconf 90' lang='lat'>»</span> 
     </span>
     <span class='ocr_line' id='line_1_48' title="bbox 181 2949 508 2980; baseline -0.009 -5"><span class='ocrx_word' id='word_1_319' title='bbox 181 2951 205 2975; x_wconf 68' lang='lat'><strong>⁴2.</strong></span> <span class='ocrx_word' id='word_1_320' title='bbox 221 2950 263 2975; x_wconf 80' lang='lat' dir='ltr'><strong>Cf.</strong></span> <span class='ocrx_word' id='word_1_321' title='bbox 280 2957 378 2980; x_wconf 82' lang='lat' dir='ltr'><strong>supra,</strong></span> <span class='ocrx_word' id='word_1_322' title='bbox 394 2953 422 2972; x_wconf 81' lang='lat' dir='ltr'><strong>n⁰</strong></span> <span class='ocrx_word' id='word_1_323' title='bbox 439 2949 508 2973; x_wconf 67' lang='lat'><strong>5002.</strong></span> 
     </span>
    </p>
   </div>
   <div class='ocr_carea' id='block_1_11' title="bbox 1231 340 2244 2131">
    <p class='ocr_par' dir='ltr' id='par_1_11' title="bbox 1231 340 2244 2131">
     <span class='ocr_line' id='line_1_49' title="bbox 1236 340 2238 381; baseline 0.015 -14"><span class='ocrx_word' id='word_1_324' title='bbox 1236 340 1358 370; x_wconf 88' lang='lat' dir='ltr'><strong>minico</strong></span> <span class='ocrx_word' id='word_1_325' title='bbox 1379 346 1407 371; x_wconf 89' lang='lat' dir='ltr'><strong>et</strong></span> <span class='ocrx_word' id='word_1_326' title='bbox 1428 343 1581 374; x_wconf 82' lang='lat' dir='ltr'><strong>Johanne</strong></span> <span class='ocrx_word' id='word_1_327' title='bbox 1604 346 1786 375; x_wconf 80' lang='lat' dir='ltr'><strong>Dominici.</strong></span> <span class='ocrx_word' id='word_1_328' title='bbox 1815 348 1983 377; x_wconf 76' lang='lat' dir='ltr'><strong>canonicis</strong></span> <span class='ocrx_word' id='word_1_329' title='bbox 2003 350 2238 381; x_wconf 69' lang='lat' dir='ltr'><strong>Ulixboneusi-</strong></span> 
     </span>
     <span class='ocr_line' id='line_1_50' title="bbox 1236 392 2238 439; baseline 0.012 -18"><span class='ocrx_word' id='word_1_330' title='bbox 1236 392 1307 423; x_wconf 78' lang='lat' dir='ltr'><strong>bus.</strong></span> <span class='ocrx_word' id='word_1_331' title='bbox 1326 403 1385 423; x_wconf 81' lang='lat' dir='ltr'><strong>nec</strong></span> <span class='ocrx_word' id='word_1_332' title='bbox 1403 404 1466 424; x_wconf 83' lang='lat' dir='ltr'><strong>non</strong></span> <span class='ocrx_word' id='word_1_333' title='bbox 1485 401 1515 425; x_wconf 84' lang='lat' dir='ltr'><strong>et</strong></span> <span class='ocrx_word' id='word_1_334' title='bbox 1530 406 1586 434; x_wconf 88' lang='lat' dir='ltr'><strong>pro</strong></span> <span class='ocrx_word' id='word_1_335' title='bbox 1604 398 1644 427; x_wconf 83' lang='lat' dir='ltr'><strong>M.</strong></span> <span class='ocrx_word' id='word_1_336' title='bbox 1665 403 1695 427; x_wconf 87' lang='lat' dir='ltr'><strong>et</strong></span> <span class='ocrx_word' id='word_1_337' title='bbox 1710 399 1744 428; x_wconf 82' lang='lat' dir='ltr'><strong>E.</strong></span> <span class='ocrx_word' id='word_1_338' title='bbox 1763 399 1966 437; x_wconf 67' lang='lat' dir='ltr'><strong>(j)veq11iz.se</strong></span> <span class='ocrx_word' id='word_1_339' title='bbox 1984 411 2039 439; x_wconf 90' lang='lat' dir='ltr'><strong>pro</strong></span> <span class='ocrx_word' id='word_1_340' title='bbox 2056 405 2238 433; x_wconf 65' lang='lat' dir='ltr'><strong>rectoribus</strong></span> 
     </span>
     <span class='ocr_line' id='line_1_51' title="bbox 1236 445 2238 485; baseline 0.012 -12"><span class='ocrx_word' id='word_1_341' title='bbox 1236 445 1354 475; x_wconf 79' lang='lat' dir='ltr'><strong>Sancte</strong></span> <span class='ocrx_word' id='word_1_342' title='bbox 1376 447 1479 477; x_wconf 72' lang='lat' dir='ltr'><strong>Mai-ie</strong></span> <span class='ocrx_word' id='word_1_343' title='bbox 1503 449 1539 477; x_wconf 66' lang='lat' dir='ltr'><strong>dt*</strong></span> <span class='ocrx_word' id='word_1_344' title='bbox 1558 450 1681 479; x_wconf 81' lang='lat' dir='ltr'><strong>Sintria</strong></span> <span class='ocrx_word' id='word_1_345' title='bbox 1700 456 1727 479; x_wconf 79' lang='lat' dir='ltr'><strong>et</strong></span> <span class='ocrx_word' id='word_1_346' title='bbox 1749 452 1861 481; x_wconf 76' lang='lat' dir='ltr'><strong>Sancti</strong></span> <span class='ocrx_word' id='word_1_347' title='bbox 1879 454 1993 482; x_wconf 82' lang='lat' dir='ltr'><strong>Jacobi</strong></span> <span class='ocrx_word' id='word_1_348' title='bbox 2019 455 2238 485; x_wconf 49' lang='lat' dir='ltr'><strong>vlessin-ribus</strong></span> 
     </span>
     <span class='ocr_line' id='line_1_52' title="bbox 1234 498 2238 540; baseline 0.013 -14"><span class='ocrx_word' id='word_1_349' title='bbox 1234 498 1410 528; x_wconf 66' lang='lat' dir='ltr'><strong>Veteribus</strong></span> <span class='ocrx_word' id='word_1_350' title='bbox 1427 501 1641 531; x_wconf 78' lang='lat' dir='ltr'><strong>ecclesiarum</strong></span> <span class='ocrx_word' id='word_1_351' title='bbox 1660 505 1862 540; x_wconf 70' lang='lat' dir='ltr'><strong>gerentibus,</strong></span> <span class='ocrx_word' id='word_1_352' title='bbox 1883 505 2119 537; x_wconf 77' lang='lat' dir='ltr'><strong>Ulixbonensis</strong></span> <span class='ocrx_word' id='word_1_353' title='bbox 2136 509 2238 539; x_wconf 79' lang='lat' dir='ltr'><strong>‹liore-</strong></span> 
     </span>
     <span class='ocr_line' id='line_1_53' title="bbox 1235 551 2239 591; baseline 0.013 -13"><span class='ocrx_word' id='word_1_354' title='bbox 1235 551 1292 580; x_wconf 80' lang='lat' dir='ltr'><strong>sis.</strong></span> <span class='ocrx_word' id='word_1_355' title='bbox 1312 561 1450 589; x_wconf 84' lang='lat' dir='ltr'><strong>quorum</strong></span> <span class='ocrx_word' id='word_1_356' title='bbox 1469 554 1647 585; x_wconf 79' lang='lat' dir='ltr'><strong>exhibuere</strong></span> <span class='ocrx_word' id='word_1_357' title='bbox 1664 557 1866 589; x_wconf 79' lang='lat' dir='ltr'><strong>mandatum,</strong></span> <span class='ocrx_word' id='word_1_358' title='bbox 1885 564 1915 588; x_wconf 85' lang='lat' dir='ltr'><strong>et</strong></span> <span class='ocrx_word' id='word_1_359' title='bbox 1932 560 2097 589; x_wconf 83' lang='lat' dir='ltr'><strong>Durando.</strong></span> <span class='ocrx_word' id='word_1_360' title='bbox 2116 562 2239 591; x_wconf 77' lang='lat' dir='ltr'><strong>cancel-</strong></span> 
     </span>
     <span class='ocr_line' id='line_1_54' title="bbox 1235 603 2240 652; baseline 0.014 -21"><span class='ocrx_word' id='word_1_361' title='bbox 1235 603 1350 633; x_wconf 88' lang='lat' dir='ltr'><strong>lario..</strong></span> <span class='ocrx_word' id='word_1_362' title='bbox 1369 606 1456 640; x_wconf 60' lang='lat' dir='ltr'><strong>regis</strong></span> <span class='ocrx_word' id='word_1_363' title='bbox 1471 608 1718 645; x_wconf 65' lang='lat' dir='ltr'><strong>Portugalensis</strong></span> <span class='ocrx_word' id='word_1_364' title='bbox 1735 610 1888 642; x_wconf 82' lang='lat' dir='ltr'><strong>illustris.</strong></span> <span class='ocrx_word' id='word_1_365' title='bbox 1907 621 1963 649; x_wconf 89' lang='lat' dir='ltr'><strong>pro</strong></span> <span class='ocrx_word' id='word_1_366' title='bbox 1973 613 2043 650; x_wconf 89' lang='lat' dir='ltr'><strong>ipso</strong></span> <span class='ocrx_word' id='word_1_367' title='bbox 2056 623 2130 651; x_wconf 67' lang='lat' dir='ltr'><strong>rege</strong></span> <span class='ocrx_word' id='word_1_368' title='bbox 2146 624 2240 652; x_wconf 87' lang='lat' dir='ltr'><strong>oppo-</strong></span> 
     </span>
     <span class='ocr_line' id='line_1_55' title="bbox 1235 659 2239 706; baseline 0.011 -20"><span class='ocrx_word' id='word_1_369' title='bbox 1235 666 1312 687; x_wconf 85' lang='lat' dir='ltr'><strong>nere</strong></span> <span class='ocrx_word' id='word_1_370' title='bbox 1325 667 1358 687; x_wconf 77' lang='lat' dir='ltr'><strong>se</strong></span> <span class='ocrx_word' id='word_1_371' title='bbox 1373 659 1431 687; x_wconf 90' lang='lat' dir='ltr'><strong>tibi</strong></span> <span class='ocrx_word' id='word_1_372' title='bbox 1447 660 1644 696; x_wconf 74' lang='lat' dir='ltr'><strong>volerltilms,</strong></span> <span class='ocrx_word' id='word_1_373' title='bbox 1659 663 1813 692; x_wconf 85' lang='lat' dir='ltr'><strong>dilectum</strong></span> <span class='ocrx_word' id='word_1_374' title='bbox 1825 664 1928 694; x_wconf 84' lang='lat' dir='ltr'><strong>tilium</strong></span> <span class='ocrx_word' id='word_1_375' title='bbox 1945 671 2091 695; x_wconf 84' lang='lat' dir='ltr'><strong>nostrum</strong></span> <span class='ocrx_word' id='word_1_376' title='bbox 2106 667 2239 706; x_wconf 59' lang='lat' dir='ltr'><strong>‹Helian-</strong></span> 
     </span>
     <span class='ocr_line' id='line_1_56' title="bbox 1235 710 2237 755; baseline 0.013 -17"><span class='ocrx_word' id='word_1_377' title='bbox 1235 710 1334 749; x_wconf 83' lang='lat' dir='ltr'><strong>nem].</strong></span> <span class='ocrx_word' id='word_1_378' title='bbox 1357 712 1443 741; x_wconf 85' lang='lat' dir='ltr'><strong>tituli</strong></span> <span class='ocrx_word' id='word_1_379' title='bbox 1461 714 1580 743; x_wconf 68' lang='lat' dir='ltr'><strong>Sancte</strong></span> <span class='ocrx_word' id='word_1_380' title='bbox 1607 716 1761 746; x_wconf 80' lang='lat' dir='ltr'><strong>Praxedis</strong></span> <span class='ocrx_word' id='word_1_381' title='bbox 1785 718 2004 755; x_wconf 61' lang='lat' dir='ltr'><strong>presbiterun‘i</strong></span> <span class='ocrx_word' id='word_1_382' title='bbox 2026 721 2237 753; x_wconf 76' lang='lat' dir='ltr'><strong>cardinalem,</strong></span> 
     </span>
     <span class='ocr_line' id='line_1_57' title="bbox 1235 763 2239 813; baseline 0.013 -22"><span class='ocrx_word' id='word_1_383' title='bbox 1235 763 1293 792; x_wconf 88' lang='lat' dir='ltr'><strong>tibi</strong></span> <span class='ocrx_word' id='word_1_384' title='bbox 1314 769 1344 793; x_wconf 86' lang='lat' dir='ltr'><strong>et</strong></span> <span class='ocrx_word' id='word_1_385' title='bbox 1363 765 1410 793; x_wconf 80' lang='lat' dir='ltr'><strong>eis</strong></span> <span class='ocrx_word' id='word_1_386' title='bbox 1428 768 1653 797; x_wconf 72' lang='lat' dir='ltr'><strong>concessimus</strong></span> <span class='ocrx_word' id='word_1_387' title='bbox 1668 770 1862 800; x_wconf 82' lang='lat' dir='ltr'><strong>auditorem.</strong></span> <span class='ocrx_word' id='word_1_388' title='bbox 1879 772 2027 810; x_wconf 79' lang='lat' dir='ltr'><strong>Cumque</strong></span> <span class='ocrx_word' id='word_1_389' title='bbox 2042 782 2151 803; x_wconf 87' lang='lat' dir='ltr'><strong>coram</strong></span> <span class='ocrx_word' id='word_1_390' title='bbox 2168 775 2239 813; x_wconf 89' lang='lat' dir='ltr'><strong>ipso</strong></span> 
     </span>
     <span class='ocr_line' id='line_1_58' title="bbox 1235 817 2237 858; baseline 0.013 -13"><span class='ocrx_word' id='word_1_391' title='bbox 1235 821 1263 845; x_wconf 85' lang='lat' dir='ltr'><strong>te</strong></span> <span class='ocrx_word' id='word_1_392' title='bbox 1297 817 1467 848; x_wconf 80' lang='lat' dir='ltr'><strong>diffamare</strong></span> <span class='ocrx_word' id='word_1_393' title='bbox 1502 829 1601 857; x_wconf 80' lang='lat' dir='ltr'><strong>super</strong></span> <span class='ocrx_word' id='word_1_394' title='bbox 1629 821 1779 858; x_wconf 87' lang='lat' dir='ltr'><strong>pluribus</strong></span> <span class='ocrx_word' id='word_1_395' title='bbox 1809 823 2007 854; x_wconf 81' lang='lat' dir='ltr'><strong>criminibus</strong></span> <span class='ocrx_word' id='word_1_396' title='bbox 2041 826 2237 858; x_wconf 80' lang='lat' dir='ltr'><strong>niterentur.</strong></span> 
     </span>
     <span class='ocr_line' id='line_1_59' title="bbox 1234 869 2238 911; baseline 0.012 -14"><span class='ocrx_word' id='word_1_397' title='bbox 1234 869 1320 898; x_wconf 82' lang='lat' dir='ltr'><strong>idem</strong></span> <span class='ocrx_word' id='word_1_398' title='bbox 1333 871 1524 907; x_wconf 81' lang='lat' dir='ltr'><strong>cardinalis,</strong></span> <span class='ocrx_word' id='word_1_399' title='bbox 1543 873 1580 903; x_wconf 87' lang='lat' dir='ltr'><strong>de</strong></span> <span class='ocrx_word' id='word_1_400' title='bbox 1599 875 1905 911; x_wconf 74' lang='lat' dir='ltr'><strong>speciali&#39;mandato</strong></span> <span class='ocrx_word' id='word_1_401' title='bbox 1922 883 2033 908; x_wconf 73' lang='lat' dir='ltr'><strong>nostro</strong></span> <span class='ocrx_word' id='word_1_402' title='bbox 2050 884 2080 907; x_wconf 71' lang='lat' dir='ltr'><strong>et</strong></span> <span class='ocrx_word' id='word_1_403' title='bbox 2099 880 2238 909; x_wconf 79' lang='lat' dir='ltr'><strong>fratrum</strong></span> 
     </span>
     <span class='ocr_line' id='line_1_60' title="bbox 1233 923 2238 968; baseline 0.012 -18"><span class='ocrx_word' id='word_1_404' title='bbox 1233 923 1382 957; x_wconf 87' lang='lat' dir='ltr'><strong>consilio,</strong></span> <span class='ocrx_word' id='word_1_405' title='bbox 1404 924 1437 952; x_wconf 91' lang='lat' dir='ltr'><strong>in</strong></span> <span class='ocrx_word' id='word_1_406' title='bbox 1458 924 1523 954; x_wconf 81' lang='lat' dir='ltr'><strong>biis</strong></span> <span class='ocrx_word' id='word_1_407' title='bbox 1541 935 1603 964; x_wconf 77' lang='lat' dir='ltr'><strong>que</strong></span> <span class='ocrx_word' id='word_1_408' title='bbox 1622 928 1742 956; x_wconf 85' lang='lat' dir='ltr'><strong>samam</strong></span> <span class='ocrx_word' id='word_1_409' title='bbox 1761 933 1789 958; x_wconf 88' lang='lat' dir='ltr'><strong>et</strong></span> <span class='ocrx_word' id='word_1_410' title='bbox 1807 934 1929 958; x_wconf 87' lang='lat' dir='ltr'><strong>statum</strong></span> <span class='ocrx_word' id='word_1_411' title='bbox 1946 940 2083 968; x_wconf 83' lang='lat' dir='ltr'><strong>persone</strong></span> <span class='ocrx_word' id='word_1_412' title='bbox 2098 937 2150 962; x_wconf 89' lang='lat' dir='ltr'><strong>tue</strong></span> <span class='ocrx_word' id='word_1_413' title='bbox 2167 938 2238 962; x_wconf 83' lang='lat' dir='ltr'><strong>tau-</strong></span> 
     </span>
     <span class='ocr_line' id='line_1_61' title="bbox 1233 976 2238 1023; baseline 0.011 -18"><span class='ocrx_word' id='word_1_414' title='bbox 1233 976 1364 1009; x_wconf 59' lang='lat' dir='ltr'><strong>f-rebant,</strong></span> <span class='ocrx_word' id='word_1_415' title='bbox 1383 977 1430 1006; x_wconf 88' lang='lat' dir='ltr'><strong>eis</strong></span> <span class='ocrx_word' id='word_1_416' title='bbox 1450 979 1654 1008; x_wconf 85' lang='lat' dir='ltr'><strong>audientiam</strong></span> <span class='ocrx_word' id='word_1_417' title='bbox 1676 981 1861 1019; x_wconf 64' lang='lat' dir='ltr'><strong>denegavit.</strong></span> <span class='ocrx_word' id='word_1_418' title='bbox 1881 983 2036 1018; x_wconf 75' lang='lat' dir='ltr'><strong>Tandem,</strong></span> <span class='ocrx_word' id='word_1_419' title='bbox 2057 985 2096 1013; x_wconf 91' lang='lat' dir='ltr'><strong>ad</strong></span> <span class='ocrx_word' id='word_1_420' title='bbox 2115 986 2238 1023; x_wconf 88' lang='lat' dir='ltr'><strong>impor—</strong></span> 
     </span>
     <span class='ocr_line' id='line_1_62' title="bbox 1234 1031 2236 1074; baseline 0.011 -17"><span class='ocrx_word' id='word_1_421' title='bbox 1234 1033 1346 1058; x_wconf 85' lang='lat' dir='ltr'><strong>tunam</strong></span> <span class='ocrx_word' id='word_1_422' title='bbox 1364 1039 1476 1059; x_wconf 81' lang='lat' dir='ltr'><strong>eorum</strong></span> <span class='ocrx_word' id='word_1_423' title='bbox 1494 1031 1701 1061; x_wconf 70' lang='lat' dir='ltr'><strong>instantiam.</strong></span> <span class='ocrx_word' id='word_1_424' title='bbox 1720 1033 1869 1064; x_wconf 84' lang='lat' dir='ltr'><strong>libellum</strong></span> <span class='ocrx_word' id='word_1_425' title='bbox 1891 1037 2054 1074; x_wconf 81' lang='lat' dir='ltr'><strong>quendam</strong></span> <span class='ocrx_word' id='word_1_426' title='bbox 2075 1038 2236 1068; x_wconf 77' lang='lat' dir='ltr'><strong>famosum</strong></span> 
     </span>
     <span class='ocr_line' id='line_1_63' title="bbox 1233 1082 2236 1127; baseline 0.013 -19"><span class='ocrx_word' id='word_1_427' title='bbox 1233 1082 1364 1120; x_wconf 80' lang='lat' dir='ltr'><strong>recepit.</strong></span> <span class='ocrx_word' id='word_1_428' title='bbox 1394 1093 1490 1121; x_wconf 72' lang='lat' dir='ltr'><strong>quem</strong></span> <span class='ocrx_word' id='word_1_429' title='bbox 1511 1085 1551 1114; x_wconf 81' lang='lat' dir='ltr'><strong>ei.</strong></span> <span class='ocrx_word' id='word_1_430' title='bbox 1579 1094 1641 1114; x_wconf 90' lang='lat' dir='ltr'><strong>non</strong></span> <span class='ocrx_word' id='word_1_431' title='bbox 1665 1091 1773 1115; x_wconf 85' lang='lat' dir='ltr'><strong>tamen</strong></span> <span class='ocrx_word' id='word_1_432' title='bbox 1795 1088 1828 1116; x_wconf 92' lang='lat' dir='ltr'><strong>in</strong></span> <span class='ocrx_word' id='word_1_433' title='bbox 1850 1088 1983 1126; x_wconf 74' lang='lat' dir='ltr'><strong>judicio,</strong></span> <span class='ocrx_word' id='word_1_434' title='bbox 2011 1097 2236 1127; x_wconf 63' lang='lat' dir='ltr'><strong>porrexerimt,</strong></span> 
     </span>
     <span class='ocr_line' id='line_1_64' title="bbox 1232 1134 2239 1182; baseline 0.012 -20"><span class='ocrx_word' id='word_1_435' title='bbox 1232 1134 1265 1163; x_wconf 89' lang='lat' dir='ltr'><strong>in</strong></span> <span class='ocrx_word' id='word_1_436' title='bbox 1285 1144 1348 1173; x_wconf 83' lang='lat' dir='ltr'><strong>quo</strong></span> <span class='ocrx_word' id='word_1_437' title='bbox 1365 1141 1475 1165; x_wconf 78' lang='lat' dir='ltr'><strong>contra</strong></span> <span class='ocrx_word' id='word_1_438' title='bbox 1495 1142 1524 1167; x_wconf 70' lang='lat' dir='ltr'><strong>te</strong></span> <span class='ocrx_word' id='word_1_439' title='bbox 1542 1138 1643 1167; x_wconf 84' lang='lat' dir='ltr'><strong>multa</strong></span> <span class='ocrx_word' id='word_1_440' title='bbox 1661 1139 1801 1169; x_wconf 83' lang='lat' dir='ltr'><strong>crimina</strong></span> <span class='ocrx_word' id='word_1_441' title='bbox 1824 1142 2059 1179; x_wconf 84' lang='lat' dir='ltr'><strong>proponebant.</strong></span> <span class='ocrx_word' id='word_1_442' title='bbox 2077 1144 2159 1174; x_wconf 91' lang='lat' dir='ltr'><strong>Cum</strong></span> <span class='ocrx_word' id='word_1_443' title='bbox 2176 1145 2239 1182; x_wconf 69' lang='lat' dir='ltr'><strong>igi-</strong></span> 
     </span>
     <span class='ocr_line' id='line_1_65' title="bbox 1234 1189 2239 1230; baseline 0.011 -14"><span class='ocrx_word' id='word_1_444' title='bbox 1234 1192 1294 1219; x_wconf 71' lang='lat' dir='ltr'><strong>tur,</strong></span> <span class='ocrx_word' id='word_1_445' title='bbox 1315 1189 1427 1218; x_wconf 86' lang='lat' dir='ltr'><strong>eodem</strong></span> <span class='ocrx_word' id='word_1_446' title='bbox 1452 1190 1564 1220; x_wconf 81' lang='lat' dir='ltr'><strong>libello</strong></span> <span class='ocrx_word' id='word_1_447' title='bbox 1585 1200 1642 1229; x_wconf 86' lang='lat' dir='ltr'><strong>per</strong></span> <span class='ocrx_word' id='word_1_448' title='bbox 1659 1193 1854 1230; x_wconf 78' lang='lat' dir='ltr'><strong>J&#39;amdictum</strong></span> <span class='ocrx_word' id='word_1_449' title='bbox 1873 1196 2074 1226; x_wconf 85' lang='lat' dir='ltr'><strong>cardinalem</strong></span> <span class='ocrx_word' id='word_1_450' title='bbox 2094 1207 2239 1228; x_wconf 74' lang='lat' dir='ltr'><strong>summa-</strong></span> 
     </span>
     <span class='ocr_line' id='line_1_66' title="bbox 1234 1241 2241 1289; baseline 0.011 -20"><span class='ocrx_word' id='word_1_451' title='bbox 1234 1241 1292 1269; x_wconf 91' lang='lat' dir='ltr'><strong>tim</strong></span> <span class='ocrx_word' id='word_1_452' title='bbox 1307 1242 1402 1271; x_wconf 87' lang='lat' dir='ltr'><strong>nobis</strong></span> <span class='ocrx_word' id='word_1_453' title='bbox 1417 1247 1445 1271; x_wconf 86' lang='lat' dir='ltr'><strong>et</strong></span> <span class='ocrx_word' id='word_1_454' title='bbox 1464 1244 1624 1273; x_wconf 80' lang='lat' dir='ltr'><strong>l&#39;ratrilms</strong></span> <span class='ocrx_word' id='word_1_455' title='bbox 1643 1246 1764 1275; x_wconf 80' lang='lat' dir='ltr'><strong>nostris</strong></span> <span class='ocrx_word' id='word_1_456' title='bbox 1780 1247 1936 1284; x_wconf 77' lang='lat' dir='ltr'><strong>exposito.</strong></span> <span class='ocrx_word' id='word_1_457' title='bbox 1956 1249 2142 1279; x_wconf 79' lang='lat' dir='ltr'><strong>videremus</strong></span> <span class='ocrx_word' id='word_1_458' title='bbox 2156 1252 2241 1289; x_wconf 76' lang='lat' dir='ltr'><strong>quod</strong></span> 
     </span>
     <span class='ocr_line' id='line_1_67' title="bbox 1234 1294 2242 1333; baseline 0.012 -12"><span class='ocrx_word' id='word_1_459' title='bbox 1234 1302 1299 1323; x_wconf 90' lang='lat' dir='ltr'><strong>nou</strong></span> <span class='ocrx_word' id='word_1_460' title='bbox 1319 1294 1387 1324; x_wconf 81' lang='lat' dir='ltr'><strong>zelo</strong></span> <span class='ocrx_word' id='word_1_461' title='bbox 1405 1295 1546 1333; x_wconf 80' lang='lat' dir='ltr'><strong>justitie.</strong></span> <span class='ocrx_word' id='word_1_462' title='bbox 1571 1297 1627 1327; x_wconf 78' lang='lat' dir='ltr'><strong>sed</strong></span> <span class='ocrx_word' id='word_1_463' title='bbox 1652 1307 1687 1327; x_wconf 74' lang='lat' dir='ltr'><strong>ex</strong></span> <span class='ocrx_word' id='word_1_464' title='bbox 1714 1298 1780 1327; x_wconf 86' lang='lat' dir='ltr'><strong>odii</strong></span> <span class='ocrx_word' id='word_1_465' title='bbox 1803 1299 1927 1330; x_wconf 77' lang='lat' dir='ltr'><strong>fomite,</strong></span> <span class='ocrx_word' id='word_1_466' title='bbox 1950 1301 2075 1331; x_wconf 82' lang='lat' dir='ltr'><strong>invidie</strong></span> <span class='ocrx_word' id='word_1_467' title='bbox 2097 1304 2242 1333; x_wconf 80' lang='lat' dir='ltr'><strong>stimulis</strong></span> 
     </span>
     <span class='ocr_line' id='line_1_68' title="bbox 1233 1348 2243 1394; baseline 0.01 -18"><span class='ocrx_word' id='word_1_468' title='bbox 1233 1348 1361 1383; x_wconf 59' lang='lat' dir='ltr'><strong>agitati.</strong></span> <span class='ocrx_word' id='word_1_469' title='bbox 1382 1353 1410 1377; x_wconf 85' lang='lat' dir='ltr'><strong>te</strong></span> <span class='ocrx_word' id='word_1_470' title='bbox 1427 1349 1599 1380; x_wconf 79' lang='lat' dir='ltr'><strong>diffamare</strong></span> <span class='ocrx_word' id='word_1_471' title='bbox 1617 1353 1843 1382; x_wconf 86' lang='lat' dir='ltr'><strong>tantummodo</strong></span> <span class='ocrx_word' id='word_1_472' title='bbox 1863 1354 2090 1391; x_wconf 77' lang='lat' dir='ltr'><strong>intendebant,</strong></span> <span class='ocrx_word' id='word_1_473' title='bbox 2114 1366 2243 1394; x_wconf 60' lang='lat' dir='ltr'><strong>preser-</strong></span> 
     </span>
     <span class='ocr_line' id='line_1_69' title="bbox 1235 1401 2242 1447; baseline 0.011 -19"><span class='ocrx_word' id='word_1_474' title='bbox 1235 1401 1293 1429; x_wconf 85' lang='lat' dir='ltr'><strong>tim</strong></span> <span class='ocrx_word' id='word_1_475' title='bbox 1310 1410 1383 1430; x_wconf 90' lang='lat' dir='ltr'><strong>cum</strong></span> <span class='ocrx_word' id='word_1_476' title='bbox 1401 1408 1511 1431; x_wconf 83' lang='lat' dir='ltr'><strong>essent</strong></span> <span class='ocrx_word' id='word_1_477' title='bbox 1529 1409 1639 1433; x_wconf 82' lang='lat' dir='ltr'><strong>contra</strong></span> <span class='ocrx_word' id='word_1_478' title='bbox 1660 1414 1714 1433; x_wconf 85' lang='lat' dir='ltr'><strong>eos</strong></span> <span class='ocrx_word' id='word_1_479' title='bbox 1738 1406 1915 1435; x_wconf 82' lang='lat' dir='ltr'><strong>manifesta</strong></span> <span class='ocrx_word' id='word_1_480' title='bbox 1936 1407 2059 1437; x_wconf 77' lang='lat' dir='ltr'><strong>indicia</strong></span> <span class='ocrx_word' id='word_1_481' title='bbox 2078 1414 2108 1438; x_wconf 82' lang='lat' dir='ltr'><strong>et</strong></span> <span class='ocrx_word' id='word_1_482' title='bbox 2125 1410 2242 1447; x_wconf 85' lang='lat' dir='ltr'><strong>proba—</strong></span> 
     </span>
     <span class='ocr_line' id='line_1_70' title="bbox 1234 1453 2242 1496; baseline 0.01 -14"><span class='ocrx_word' id='word_1_483' title='bbox 1234 1453 1316 1483; x_wconf 85' lang='lat' dir='ltr'><strong>biles</strong></span> <span class='ocrx_word' id='word_1_484' title='bbox 1333 1455 1530 1493; x_wconf 74' lang='lat' dir='ltr'><strong>conJ&#39;ecture.</strong></span> <span class='ocrx_word' id='word_1_485' title='bbox 1552 1461 1662 1494; x_wconf 83' lang='lat' dir='ltr'><strong>utpote</strong></span> <span class='ocrx_word' id='word_1_486' title='bbox 1680 1458 1737 1496; x_wconf 84' lang='lat' dir='ltr'><strong>qui</strong></span> <span class='ocrx_word' id='word_1_487' title='bbox 1755 1462 1784 1487; x_wconf 84' lang='lat' dir='ltr'><strong>te</strong></span> <span class='ocrx_word' id='word_1_488' title='bbox 1803 1468 1899 1488; x_wconf 89' lang='lat' dir='ltr'><strong>suum</strong></span> <span class='ocrx_word' id='word_1_489' title='bbox 1919 1465 1949 1489; x_wconf 87' lang='lat' dir='ltr'><strong>et</strong></span> <span class='ocrx_word' id='word_1_490' title='bbox 1973 1470 2108 1490; x_wconf 76' lang='lat' dir='ltr'><strong>suorum</strong></span> <span class='ocrx_word' id='word_1_491' title='bbox 2126 1463 2242 1492; x_wconf 89' lang='lat' dir='ltr'><strong>inimi-</strong></span> 
     </span>
     <span class='ocr_line' id='line_1_71' title="bbox 1233 1508 2243 1548; baseline 0.011 -13"><span class='ocrx_word' id='word_1_492' title='bbox 1233 1516 1307 1535; x_wconf 84' lang='lat' dir='ltr'><strong>cum</strong></span> <span class='ocrx_word' id='word_1_493' title='bbox 1332 1517 1404 1537; x_wconf 81' lang='lat' dir='ltr'><strong>esse</strong></span> <span class='ocrx_word' id='word_1_494' title='bbox 1424 1508 1457 1536; x_wconf 86' lang='lat' dir='ltr'><strong>in</strong></span> <span class='ocrx_word' id='word_1_495' title='bbox 1476 1508 1588 1539; x_wconf 85' lang='lat' dir='ltr'><strong>libello</strong></span> <span class='ocrx_word' id='word_1_496' title='bbox 1606 1510 1797 1548; x_wconf 82' lang='lat' dir='ltr'><strong>hujusmodi</strong></span> <span class='ocrx_word' id='word_1_497' title='bbox 1816 1512 2016 1542; x_wconf 84' lang='lat' dir='ltr'><strong>fatebantur.</strong></span> <span class='ocrx_word' id='word_1_498' title='bbox 2035 1516 2243 1546; x_wconf 79' lang='lat' dir='ltr'><strong>attendentes</strong></span> 
     </span>
     <span class='ocr_line' id='line_1_72' title="bbox 1234 1560 2244 1600; baseline 0.011 -12"><span class='ocrx_word' id='word_1_499' title='bbox 1234 1560 1472 1591; x_wconf 80' lang='lat' dir='ltr'><strong>nichilominus</strong></span> <span class='ocrx_word' id='word_1_500' title='bbox 1490 1563 1576 1600; x_wconf 82' lang='lat' dir='ltr'><strong>quod</strong></span> <span class='ocrx_word' id='word_1_501' title='bbox 1598 1564 1721 1593; x_wconf 78' lang='lat' dir='ltr'><strong>nostris</strong></span> <span class='ocrx_word' id='word_1_502' title='bbox 1744 1569 1773 1594; x_wconf 86' lang='lat' dir='ltr'><strong>et</strong></span> <span class='ocrx_word' id='word_1_503' title='bbox 1794 1565 1902 1595; x_wconf 82' lang='lat' dir='ltr'><strong>felicis</strong></span> <span class='ocrx_word' id='word_1_504' title='bbox 1920 1568 2160 1598; x_wconf 79' lang='lat' dir='ltr'><strong>recordationis</strong></span> <span class='ocrx_word' id='word_1_505' title='bbox 2177 1571 2244 1600; x_wconf 88' lang='lat' dir='ltr'><strong>Ho-</strong></span> 
     </span>
     <span class='ocr_line' id='line_1_73' title="bbox 1233 1614 2244 1660; baseline 0.01 -18"><span class='ocrx_word' id='word_1_506' title='bbox 1233 1614 1319 1643; x_wconf 91' lang='lat' dir='ltr'><strong>norii</strong></span> <span class='ocrx_word' id='word_1_507' title='bbox 1342 1615 1458 1652; x_wconf 87' lang='lat' dir='ltr'><strong>[tertii]</strong></span> <span class='ocrx_word' id='word_1_508' title='bbox 1480 1624 1571 1653; x_wconf 69' lang='lat' dir='ltr'><strong>pape,</strong></span> <span class='ocrx_word' id='word_1_509' title='bbox 1593 1617 1836 1653; x_wconf 76' lang='lat' dir='ltr'><strong>predecessoris</strong></span> <span class='ocrx_word' id='word_1_510' title='bbox 1862 1620 1976 1648; x_wconf 85' lang='lat' dir='ltr'><strong>nostri.</strong></span> <span class='ocrx_word' id='word_1_511' title='bbox 1997 1620 2168 1659; x_wconf 77' lang='lat' dir='ltr'><strong>obsequiis</strong></span> <span class='ocrx_word' id='word_1_512' title='bbox 2186 1632 2244 1660; x_wconf 86' lang='lat' dir='ltr'><strong>per</strong></span> 
     </span>
     <span class='ocr_line' id='line_1_74' title="bbox 1233 1667 2242 1710; baseline 0.01 -15"><span class='ocrx_word' id='word_1_513' title='bbox 1233 1667 1351 1704; x_wconf 73' lang='lat' dir='ltr'><strong>viginti</strong></span> <span class='ocrx_word' id='word_1_514' title='bbox 1369 1677 1472 1697; x_wconf 84' lang='lat' dir='ltr'><strong>annos</strong></span> <span class='ocrx_word' id='word_1_515' title='bbox 1497 1673 1527 1697; x_wconf 87' lang='lat' dir='ltr'><strong>et</strong></span> <span class='ocrx_word' id='word_1_516' title='bbox 1549 1669 1690 1707; x_wconf 84' lang='lat' dir='ltr'><strong>amplius</strong></span> <span class='ocrx_word' id='word_1_517' title='bbox 1709 1671 1919 1701; x_wconf 85' lang='lat' dir='ltr'><strong>familiariter</strong></span> <span class='ocrx_word' id='word_1_518' title='bbox 1938 1673 2157 1710; x_wconf 80' lang='lat' dir='ltr'><strong>inlici-entem,</strong></span> <span class='ocrx_word' id='word_1_519' title='bbox 2177 1676 2242 1705; x_wconf 82' lang='lat' dir='ltr'><strong>vite</strong></span> 
     </span>
     <span class='ocr_line' id='line_1_75' title="bbox 1232 1720 2240 1761; baseline 0.01 -13"><span class='ocrx_word' id='word_1_520' title='bbox 1232 1720 1405 1756; x_wconf 81' lang='lat' dir='ltr'><strong>munditia,</strong></span> <span class='ocrx_word' id='word_1_521' title='bbox 1427 1721 1583 1751; x_wconf 69' lang='lat' dir='ltr'><strong>honestas</strong></span> <span class='ocrx_word' id='word_1_522' title='bbox 1600 1731 1739 1753; x_wconf 89' lang='lat' dir='ltr'><strong>morum.</strong></span> <span class='ocrx_word' id='word_1_523' title='bbox 1759 1733 1861 1761; x_wconf 88' lang='lat' dir='ltr'><strong>prona</strong></span> <span class='ocrx_word' id='word_1_524' title='bbox 1872 1725 2000 1755; x_wconf 86' lang='lat' dir='ltr'><strong>devotio</strong></span> <span class='ocrx_word' id='word_1_525' title='bbox 2017 1732 2048 1756; x_wconf 88' lang='lat' dir='ltr'><strong>et</strong></span> <span class='ocrx_word' id='word_1_526' title='bbox 2064 1727 2240 1758; x_wconf 80' lang='lat' dir='ltr'><strong>laudabilis</strong></span> 
     </span>
     <span class='ocr_line' id='line_1_76' title="bbox 1231 1774 2239 1811; baseline 0.005 -9"><span class='ocrx_word' id='word_1_527' title='bbox 1231 1774 1448 1809; x_wconf 84' lang='lat' dir='ltr'><strong>conversatio,</strong></span> <span class='ocrx_word' id='word_1_528' title='bbox 1469 1774 1563 1804; x_wconf 86' lang='lat' dir='ltr'><strong>uobis</strong></span> <span class='ocrx_word' id='word_1_529' title='bbox 1581 1780 1612 1804; x_wconf 86' lang='lat' dir='ltr'><strong>et</strong></span> <span class='ocrx_word' id='word_1_530' title='bbox 1630 1776 1789 1806; x_wconf 85' lang='lat' dir='ltr'><strong>fratribus</strong></span> <span class='ocrx_word' id='word_1_531' title='bbox 1805 1778 1928 1807; x_wconf 86' lang='lat' dir='ltr'><strong>nostris</strong></span> <span class='ocrx_word' id='word_1_532' title='bbox 1949 1783 2036 1808; x_wconf 79' lang='lat' dir='ltr'><strong>nota.</strong></span> <span class='ocrx_word' id='word_1_533' title='bbox 2053 1784 2083 1809; x_wconf 87' lang='lat' dir='ltr'><strong>te</strong></span> <span class='ocrx_word' id='word_1_534' title='bbox 2099 1781 2239 1811; x_wconf 81' lang='lat' dir='ltr'><strong>fecerint</strong></span> 
     </span>
     <span class='ocr_line' id='line_1_77' title="bbox 1231 1826 2237 1870; baseline 0.01 -16"><span class='ocrx_word' id='word_1_535' title='bbox 1231 1826 1321 1855; x_wconf 88' lang='lat' dir='ltr'><strong>omni</strong></span> <span class='ocrx_word' id='word_1_536' title='bbox 1337 1827 1527 1864; x_wconf 83' lang='lat' dir='ltr'><strong>exceptione</strong></span> <span class='ocrx_word' id='word_1_537' title='bbox 1541 1828 1708 1866; x_wconf 85' lang='lat' dir='ltr'><strong>majorem,</strong></span> <span class='ocrx_word' id='word_1_538' title='bbox 1723 1837 1758 1858; x_wconf 85' lang='lat' dir='ltr'><strong>ac</strong></span> <span class='ocrx_word' id='word_1_539' title='bbox 1775 1830 1843 1867; x_wconf 84' lang='lat' dir='ltr'><strong>pati</strong></span> <span class='ocrx_word' id='word_1_540' title='bbox 1860 1830 2009 1861; x_wconf 82' lang='lat' dir='ltr'><strong>nolentes</strong></span> <span class='ocrx_word' id='word_1_541' title='bbox 2021 1833 2107 1870; x_wconf 82' lang='lat' dir='ltr'><strong>quod</strong></span> <span class='ocrx_word' id='word_1_542' title='bbox 2124 1838 2237 1864; x_wconf 86' lang='lat' dir='ltr'><strong>contra</strong></span> 
     </span>
     <span class='ocr_line' id='line_1_78' title="bbox 1231 1882 2238 1921; baseline 0.01 -14"><span class='ocrx_word' id='word_1_543' title='bbox 1231 1888 1421 1916; x_wconf 88' lang='lat' dir='ltr'><strong>processum</strong></span> <span class='ocrx_word' id='word_1_544' title='bbox 1448 1885 1609 1911; x_wconf 83' lang='lat' dir='ltr'><strong>nostrum.</strong></span> <span class='ocrx_word' id='word_1_545' title='bbox 1640 1886 1705 1910; x_wconf 89' lang='lat' dir='ltr'><strong>tam</strong></span> <span class='ocrx_word' id='word_1_546' title='bbox 1735 1882 1963 1921; x_wconf 82' lang='lat' dir='ltr'><strong>sollempniter</strong></span> <span class='ocrx_word' id='word_1_547' title='bbox 1988 1884 2148 1921; x_wconf 84' lang='lat' dir='ltr'><strong>habitum,</strong></span> <span class='ocrx_word' id='word_1_548' title='bbox 2176 1887 2238 1917; x_wconf 86' lang='lat' dir='ltr'><strong>ali-</strong></span> 
     </span>
     <span class='ocr_line' id='line_1_79' title="bbox 1232 1932 2238 1974; baseline 0.01 -14"><span class='ocrx_word' id='word_1_549' title='bbox 1232 1942 1371 1970; x_wconf 75' lang='lat' dir='ltr'><strong>quorum</strong></span> <span class='ocrx_word' id='word_1_550' title='bbox 1402 1932 1514 1970; x_wconf 74' lang='lat' dir='ltr'><strong>lingue</strong></span> <span class='ocrx_word' id='word_1_551' title='bbox 1543 1933 1707 1963; x_wconf 85' lang='lat' dir='ltr'><strong>lubricum</strong></span> <span class='ocrx_word' id='word_1_552' title='bbox 1733 1935 1915 1970; x_wconf 84' lang='lat' dir='ltr'><strong>audiretur,</strong></span> <span class='ocrx_word' id='word_1_553' title='bbox 1944 1936 2033 1974; x_wconf 85' lang='lat' dir='ltr'><strong>ipsos</strong></span> <span class='ocrx_word' id='word_1_554' title='bbox 2063 1944 2177 1970; x_wconf 88' lang='lat' dir='ltr'><strong>contra</strong></span> <span class='ocrx_word' id='word_1_555' title='bbox 2208 1946 2238 1971; x_wconf 90' lang='lat' dir='ltr'><strong>te</strong></span> 
     </span>
     <span class='ocr_line' id='line_1_80' title="bbox 1232 1985 2237 2030; baseline 0.01 -17"><span class='ocrx_word' id='word_1_556' title='bbox 1232 1994 1296 2013; x_wconf 91' lang='lat' dir='ltr'><strong>non</strong></span> <span class='ocrx_word' id='word_1_557' title='bbox 1309 1985 1463 2015; x_wconf 80' lang='lat' dir='ltr'><strong>duximus</strong></span> <span class='ocrx_word' id='word_1_558' title='bbox 1476 1986 1669 2021; x_wconf 80' lang='lat' dir='ltr'><strong>audiendos,</strong></span> <span class='ocrx_word' id='word_1_559' title='bbox 1685 1987 1733 2017; x_wconf 90' lang='lat' dir='ltr'><strong>eis</strong></span> <span class='ocrx_word' id='word_1_560' title='bbox 1746 1996 1844 2025; x_wconf 89' lang='lat' dir='ltr'><strong>super</strong></span> <span class='ocrx_word' id='word_1_561' title='bbox 1858 1989 2030 2026; x_wconf 86' lang='lat' dir='ltr'><strong>premissis</strong></span> <span class='ocrx_word' id='word_1_562' title='bbox 2044 1998 2237 2030; x_wconf 84' lang='lat' dir='ltr'><strong>perpetuum</strong></span> 
     </span>
     <span class='ocr_line' id='line_1_81' title="bbox 1232 2038 2240 2077; baseline 0.01 -11"><span class='ocrx_word' id='word_1_563' title='bbox 1232 2038 1403 2067; x_wconf 84' lang='lat' dir='ltr'><strong>silentium</strong></span> <span class='ocrx_word' id='word_1_564' title='bbox 1420 2039 1640 2077; x_wconf 87' lang='lat' dir='ltr'><strong>imponentes.</strong></span> <span class='ocrx_word' id='word_1_565' title='bbox 1668 2041 1740 2069; x_wconf 85' lang='lat' dir='ltr'><strong>Dat.</strong></span> <span class='ocrx_word' id='word_1_566' title='bbox 1766 2041 1929 2077; x_wconf 79' lang='lat' dir='ltr'><strong>Laterani,</strong></span> <span class='ocrx_word' id='word_1_567' title='bbox 1957 2044 1985 2072; x_wconf 89' lang='lat' dir='ltr'>V</span> <span class='ocrx_word' id='word_1_568' title='bbox 2007 2044 2164 2075; x_wconf 83' lang='lat' dir='ltr'><strong>kalendas</strong></span> <span class='ocrx_word' id='word_1_569' title='bbox 2183 2047 2240 2077; x_wconf 86' lang='lat' dir='ltr'><strong>de-</strong></span> 
     </span>
     <span class='ocr_line' id='line_1_82' title="bbox 1232 2092 1802 2131; baseline 0.005 -11"><span class='ocrx_word' id='word_1_570' title='bbox 1232 2092 1386 2121; x_wconf 72' lang='lat' dir='ltr'><strong>cembris.</strong></span> <span class='ocrx_word' id='word_1_571' title='bbox 1409 2101 1494 2121; x_wconf 87' lang='lat' dir='ltr'><strong>anno</strong></span> <span class='ocrx_word' id='word_1_572' title='bbox 1511 2093 1769 2131; x_wconf 80' lang='lat' dir='ltr'><strong>quartodecimo.</strong></span> <span class='ocrx_word' id='word_1_573' title='bbox 1790 2106 1802 2119; x_wconf 71' lang='grc' dir='ltr'><strong>υ</strong></span> 
     </span>
    </p>
   </div>
   <div class='ocr_carea' id='block_1_12' title="bbox 1304 2279 2168 2313">
    <p class='ocr_par' dir='ltr' id='par_1_12' title="bbox 1304 2279 2168 2313">
     <span class='ocr_line' id='line_1_83' title="bbox 1304 2279 2168 2313; baseline 0.008 -8"><span class='ocrx_word' id='word_1_574' title='bbox 1304 2279 1420 2306; x_wconf 63' lang='lat'>531¹?</span> <span class='ocrx_word' id='word_1_575' title='bbox 1733 2281 1851 2313; x_wconf 84' lang='lat' dir='ltr'><strong>Latran,</strong></span> <span class='ocrx_word' id='word_1_576' title='bbox 1867 2282 1899 2308; x_wconf 82' lang='lat'><strong>15</strong></span> <span class='ocrx_word' id='word_1_577' title='bbox 1916 2284 2075 2310; x_wconf 80' lang='lat' dir='ltr'><strong>novembre</strong></span> <span class='ocrx_word' id='word_1_578' title='bbox 2092 2285 2168 2312; x_wconf 67' lang='lat'><strong>1240.</strong></span> 
     </span>
    </p>
   </div>
   <div class='ocr_carea' id='block_1_13' title="bbox 1237 2341 2248 2984">
    <p class='ocr_par' dir='ltr' id='par_1_13' title="bbox 1237 2341 2245 2715">
     <span class='ocr_line' id='line_1_84' title="bbox 1269 2341 2242 2375; baseline 0.008 -8"><span class='ocrx_word' id='word_1_579' title='bbox 1269 2341 1500 2375; x_wconf 82' lang='lat' dir='ltr'><strong>Arcbiepiscopo</strong></span> <span class='ocrx_word' id='word_1_580' title='bbox 1527 2341 1720 2374; x_wconf 76' lang='lat' dir='ltr'><strong>Cassellensi,</strong></span> <span class='ocrx_word' id='word_1_581' title='bbox 1749 2351 1801 2369; x_wconf 82' lang='lat' dir='ltr'><strong>nee</strong></span> <span class='ocrx_word' id='word_1_582' title='bbox 1827 2352 1883 2370; x_wconf 81' lang='lat' dir='ltr'><strong>non</strong></span> <span class='ocrx_word' id='word_1_583' title='bbox 1914 2345 2070 2372; x_wconf 78' lang='lat' dir='ltr'><strong>abbatibus</strong></span> <span class='ocrx_word' id='word_1_584' title='bbox 2095 2347 2130 2373; x_wconf 79' lang='lat' dir='ltr'><strong>de</strong></span> <span class='ocrx_word' id='word_1_585' title='bbox 2156 2349 2242 2375; x_wconf 80' lang='lat' dir='ltr'><strong>Valle</strong></span> 
     </span>
     <span class='ocr_line' id='line_1_85' title="bbox 1237 2390 2242 2427; baseline 0.006 -12"><span class='ocrx_word' id='word_1_586' title='bbox 1237 2390 1401 2416; x_wconf 59' lang='lat' dir='ltr'><strong>salvatoris</strong></span> <span class='ocrx_word' id='word_1_587' title='bbox 1419 2392 1464 2421; x_wconf 71' lang='lat' dir='ltr'><strong>(z</strong></span> <span class='ocrx_word' id='word_1_588' title='bbox 1484 2390 1767 2424; x_wconf 67' lang='lat' dir='ltr'><strong>Graignemanagli),</strong></span> <span class='ocrx_word' id='word_1_589' title='bbox 1785 2392 1992 2420; x_wconf 78' lang='lat' dir='ltr'><strong>Cisterciensis</strong></span> <span class='ocrx_word' id='word_1_590' title='bbox 2012 2395 2135 2427; x_wconf 82' lang='lat' dir='ltr'><strong>ordinis,</strong></span> <span class='ocrx_word' id='word_1_591' title='bbox 2154 2397 2242 2423; x_wconf 75' lang='lat' dir='ltr'><strong>Osso-</strong></span> 
     </span>
     <span class='ocr_line' id='line_1_86' title="bbox 1237 2438 2243 2476; baseline 0.008 -12"><span class='ocrx_word' id='word_1_592' title='bbox 1237 2438 1342 2464; x_wconf 82' lang='lat' dir='ltr'><strong>riensis</strong></span> <span class='ocrx_word' id='word_1_593' title='bbox 1358 2439 1510 2469; x_wconf 74' lang='lat' dir='ltr'><strong>dioecesis,</strong></span> <span class='ocrx_word' id='word_1_594' title='bbox 1529 2440 1604 2465; x_wconf 80' lang='lat' dir='ltr'><strong>etde</strong></span> <span class='ocrx_word' id='word_1_595' title='bbox 1620 2441 1779 2473; x_wconf 75' lang='lat' dir='ltr'><strong>(ieriponte</strong></span> <span class='ocrx_word' id='word_1_596' title='bbox 1796 2443 1840 2473; x_wconf 72' lang='lat' dir='ltr'><strong>(z</strong></span> <span class='ocrx_word' id='word_1_597' title='bbox 1850 2442 2006 2475; x_wconf 82' lang='lat' dir='ltr'><strong>Jerpoint),</strong></span> <span class='ocrx_word' id='word_1_598' title='bbox 2021 2444 2151 2476; x_wconf 73' lang='lat' dir='ltr'><strong>ejusdem</strong></span> <span class='ocrx_word' id='word_1_599' title='bbox 2168 2447 2243 2472; x_wconf 78' lang='lat' dir='ltr'><strong>ordi—</strong></span> 
     </span>
     <span class='ocr_line' id='line_1_87' title="bbox 1237 2487 2245 2522; baseline 0.009 -10"><span class='ocrx_word' id='word_1_600' title='bbox 1237 2487 1283 2513; x_wconf 86' lang='lat' dir='ltr'><strong>nis</strong></span> <span class='ocrx_word' id='word_1_601' title='bbox 1299 2490 1325 2513; x_wconf 85' lang='lat' dir='ltr'><strong>et</strong></span> <span class='ocrx_word' id='word_1_602' title='bbox 1341 2488 1471 2520; x_wconf 79' lang='lat' dir='ltr'><strong>ejusdem</strong></span> <span class='ocrx_word' id='word_1_603' title='bbox 1485 2488 1637 2517; x_wconf 72' lang='lat' dir='ltr'><strong>dioecesis,</strong></span> <span class='ocrx_word' id='word_1_604' title='bbox 1650 2489 1874 2522; x_wconf 78' lang='lat' dir='ltr'><strong>inquisitionem</strong></span> <span class='ocrx_word' id='word_1_605' title='bbox 1888 2492 2050 2519; x_wconf 79' lang='lat' dir='ltr'><strong>committit</strong></span> <span class='ocrx_word' id='word_1_606' title='bbox 2062 2493 2096 2519; x_wconf 87' lang='lat' dir='ltr'><strong>de</strong></span> <span class='ocrx_word' id='word_1_607' title='bbox 2109 2495 2245 2521; x_wconf 78' lang='lat' dir='ltr'><strong>iacienda</strong></span> 
     </span>
     <span class='ocr_line' id='line_1_88' title="bbox 1237 2535 2244 2573; baseline 0.008 -12"><span class='ocrx_word' id='word_1_608' title='bbox 1237 2535 1345 2562; x_wconf 89' lang='lat' dir='ltr'><strong>unione</strong></span> <span class='ocrx_word' id='word_1_609' title='bbox 1362 2536 1552 2562; x_wconf 77' lang='lat' dir='ltr'><strong>ecclesiarum</strong></span> <span class='ocrx_word' id='word_1_610' title='bbox 1575 2538 1782 2563; x_wconf 83' lang='lat' dir='ltr'><strong>Armaclianae</strong></span> <span class='ocrx_word' id='word_1_611' title='bbox 1796 2540 1840 2569; x_wconf 86' lang='lat'><strong>(=</strong></span> <span class='ocrx_word' id='word_1_612' title='bbox 1853 2539 1997 2573; x_wconf 71' lang='lat' dir='ltr'><strong>Armagli)</strong></span> <span class='ocrx_word' id='word_1_613' title='bbox 2014 2544 2041 2567; x_wconf 83' lang='lat' dir='ltr'><strong>et</strong></span> <span class='ocrx_word' id='word_1_614' title='bbox 2060 2542 2244 2569; x_wconf 78' lang='lat' dir='ltr'><strong>Clocorensis</strong></span> 
     </span>
     <span class='ocr_line' id='line_1_89' title="bbox 1238 2584 2245 2625; baseline 0.01 -18"><span class='ocrx_word' id='word_1_615' title='bbox 1238 2586 1282 2615; x_wconf 72' lang='lat' dir='ltr'><strong>(z</strong></span> <span class='ocrx_word' id='word_1_616' title='bbox 1299 2584 1446 2617; x_wconf 67' lang='lat' dir='ltr'><strong>Cloglier),</strong></span> <span class='ocrx_word' id='word_1_617' title='bbox 1464 2585 1562 2618; x_wconf 77' lang='lat' dir='ltr'><strong>eisque</strong></span> <span class='ocrx_word' id='word_1_618' title='bbox 1581 2585 1701 2611; x_wconf 85' lang='lat' dir='ltr'><strong>mandat</strong></span> <span class='ocrx_word' id='word_1_619' title='bbox 1718 2590 1861 2619; x_wconf 79' lang='lat' dir='ltr'><strong>quatenus</strong></span> <span class='ocrx_word' id='word_1_620' title='bbox 1875 2588 1950 2620; x_wconf 85' lang='lat' dir='ltr'><strong>quod</strong></span> <span class='ocrx_word' id='word_1_621' title='bbox 1963 2597 2049 2622; x_wconf 82' lang='lat' dir='ltr'><strong>super</strong></span> <span class='ocrx_word' id='word_1_622' title='bbox 2063 2591 2115 2616; x_wconf 87' lang='lat' dir='ltr'><strong>boc</strong></span> <span class='ocrx_word' id='word_1_623' title='bbox 2130 2593 2245 2625; x_wconf 68' lang='lat' dir='ltr'><strong>negotio</strong></span> 
     </span>
     <span class='ocr_line' id='line_1_90' title="bbox 1238 2633 2244 2671; baseline 0.008 -12"><span class='ocrx_word' id='word_1_624' title='bbox 1238 2633 1420 2665; x_wconf 71' lang='lat' dir='ltr'><strong>invenerint,</strong></span> <span class='ocrx_word' id='word_1_625' title='bbox 1452 2634 1507 2667; x_wconf 86' lang='lat' dir='ltr'><strong>ipsi</strong></span> <span class='ocrx_word' id='word_1_626' title='bbox 1536 2642 1627 2668; x_wconf 85' lang='lat' dir='ltr'><strong>papae</strong></span> <span class='ocrx_word' id='word_1_627' title='bbox 1659 2635 1830 2662; x_wconf 78' lang='lat' dir='ltr'><strong>rescribant.</strong></span> <span class='ocrx_word' id='word_1_628' title='bbox 1858 2651 1889 2653; x_wconf 97' lang='lat'><strong>—</strong></span> <span class='ocrx_word' id='word_1_629' title='bbox 1919 2638 2005 2668; x_wconf 68' lang='lat' dir='ltr'><strong>(Hm.</strong></span> <span class='ocrx_word' id='word_1_630' title='bbox 2028 2638 2073 2669; x_wconf 80' lang='grc'><strong>20,</strong></span> <span class='ocrx_word' id='word_1_631' title='bbox 2102 2641 2121 2665; x_wconf 79' lang='lat' dir='ltr'><strong>t.</strong></span> <span class='ocrx_word' id='word_1_632' title='bbox 2149 2640 2182 2666; x_wconf 89' lang='grc'><strong>32</strong></span> <span class='ocrx_word' id='word_1_633' title='bbox 2207 2645 2244 2671; x_wconf 82' lang='lat' dir='ltr'><strong>r⁰;</strong></span> 
     </span>
     <span class='ocr_line' id='line_1_91' title="bbox 1239 2683 1872 2715; baseline 0.005 -7"><span class='ocrx_word' id='word_1_634' title='bbox 1239 2692 1309 2709; x_wconf 81' lang='lat' dir='ltr'><strong>anu.</strong></span> <span class='ocrx_word' id='word_1_635' title='bbox 1323 2683 1405 2714; x_wconf 79' lang='lat' dir='ltr'><strong>XIV,</strong></span> <span class='ocrx_word' id='word_1_636' title='bbox 1423 2692 1446 2709; x_wconf 87' lang='lat' dir='ltr'><strong>c.</strong></span> <span class='ocrx_word' id='word_1_637' title='bbox 1463 2684 1527 2714; x_wconf 70' lang='lat'><strong>177;</strong></span> <span class='ocrx_word' id='word_1_638' title='bbox 1545 2698 1575 2700; x_wconf 96' lang='lat'><strong>—</strong></span> <span class='ocrx_word' id='word_1_639' title='bbox 1592 2684 1747 2710; x_wconf 63' lang='lat' dir='ltr'><strong>Pomfflsr</strong></span> <span class='ocrx_word' id='word_1_640' title='bbox 1761 2684 1872 2715; x_wconf 78' lang='grc'>10962.)</span> 
     </span>
    </p>

    <p class='ocr_par' dir='ltr' id='par_1_14' title="bbox 1242 2785 2248 2984">
     <span class='ocr_line' id='line_1_92' title="bbox 1283 2785 2247 2822; baseline 0.008 -11"><span class='ocrx_word' id='word_1_641' title='bbox 1283 2796 1294 2809; x_wconf 74' lang='grc' dir='ltr'>α</span> <span class='ocrx_word' id='word_1_642' title='bbox 1316 2807 1334 2812; x_wconf 94' lang='grc'><strong>..</strong></span> <span class='ocrx_word' id='word_1_643' title='bbox 1351 2785 1575 2822; x_wconf 66' lang='lat' dir='ltr'><strong>archiepiscopo</strong></span> <span class='ocrx_word' id='word_1_644' title='bbox 1591 2785 1777 2820; x_wconf 75' lang='lat' dir='ltr'><strong>Cassetlensi,</strong></span> <span class='ocrx_word' id='word_1_645' title='bbox 1798 2791 1823 2814; x_wconf 81' lang='lat' dir='ltr'><strong>el</strong></span> <span class='ocrx_word' id='word_1_646' title='bbox 1846 2809 1865 2814; x_wconf 90' lang='lat'><strong>..</strong></span> <span class='ocrx_word' id='word_1_647' title='bbox 1889 2788 1923 2816; x_wconf 73' lang='lat' dir='ltr'><strong>cle</strong></span> <span class='ocrx_word' id='word_1_648' title='bbox 1944 2788 2022 2816; x_wconf 74' lang='lat' dir='ltr'><strong>Valle</strong></span> <span class='ocrx_word' id='word_1_649' title='bbox 2037 2790 2207 2819; x_wconf 62' lang='lat' dir='ltr'><strong>salvatoris</strong></span> <span class='ocrx_word' id='word_1_650' title='bbox 2222 2797 2247 2819; x_wconf 71' lang='lat' dir='ltr'><strong>et</strong></span> 
     </span>
     <span class='ocr_line' id='line_1_93' title="bbox 1243 2837 2248 2873; baseline 0.008 -9"><span class='ocrx_word' id='word_1_651' title='bbox 1243 2859 1262 2865; x_wconf 87' lang='lat'><strong>..</strong></span> <span class='ocrx_word' id='word_1_652' title='bbox 1281 2837 1314 2865; x_wconf 69' lang='lat' dir='ltr'><strong>tle</strong></span> <span class='ocrx_word' id='word_1_653' title='bbox 1332 2837 1487 2873; x_wconf 64' lang='lat' dir='ltr'><strong>Geriponte</strong></span> <span class='ocrx_word' id='word_1_654' title='bbox 1505 2838 1670 2873; x_wconf 60' lang='lat' dir='ltr'><strong>(mmmmm,</strong></span> <span class='ocrx_word' id='word_1_655' title='bbox 1694 2840 1900 2868; x_wconf 58' lang='lat' dir='ltr'><strong>&amp;Isterciensis</strong></span> <span class='ocrx_word' id='word_1_656' title='bbox 1916 2842 2046 2871; x_wconf 71' lang='lat' dir='ltr'><strong>ordinis.</strong></span> <span class='ocrx_word' id='word_1_657' title='bbox 2067 2843 2248 2872; x_wconf 68' lang='lat' dir='ltr'><strong>0.s·s01·ie11.s·i.s·</strong></span> 
     </span>
     <span class='ocr_line' id='line_1_94' title="bbox 1242 2889 2245 2928; baseline 0.009 -11"><span class='ocrx_word' id='word_1_658' title='bbox 1242 2890 1379 2918; x_wconf 75' lang='lat' dir='ltr'><strong>diocesis.</strong></span> <span class='ocrx_word' id='word_1_659' title='bbox 1403 2889 1611 2926; x_wconf 73' lang='lat' dir='ltr'><strong>Significavit</strong></span> <span class='ocrx_word' id='word_1_660' title='bbox 1634 2891 1729 2920; x_wconf 87' lang='lat' dir='ltr'><strong>nobis</strong></span> <span class='ocrx_word' id='word_1_661' title='bbox 1753 2891 1892 2922; x_wconf 87' lang='lat' dir='ltr'><strong>dilectus</strong></span> <span class='ocrx_word' id='word_1_662' title='bbox 1912 2910 1961 2921; x_wconf 88' lang='lat'><strong>—.</strong></span> <span class='ocrx_word' id='word_1_663' title='bbox 1987 2895 2059 2923; x_wconf 86' lang='lat' dir='ltr'><strong>Dat.</strong></span> <span class='ocrx_word' id='word_1_664' title='bbox 2080 2896 2245 2928; x_wconf 83' lang='lat' dir='ltr'><strong>Laterani.</strong></span> 
     </span>
     <span class='ocr_line' id='line_1_95' title="bbox 1245 2942 2134 2984; baseline 0.003 -13"><span class='ocrx_word' id='word_1_665' title='bbox 1245 2943 1339 2972; x_wconf 78' lang='lat' dir='ltr'>XVII</span> <span class='ocrx_word' id='word_1_666' title='bbox 1355 2942 1514 2972; x_wconf 84' lang='lat' dir='ltr'><strong>kalendas</strong></span> <span class='ocrx_word' id='word_1_667' title='bbox 1528 2943 1723 2975; x_wconf 80' lang='lat' dir='ltr'><strong>decembris,</strong></span> <span class='ocrx_word' id='word_1_668' title='bbox 1743 2953 1828 2974; x_wconf 88' lang='lat' dir='ltr'><strong>anno</strong></span> <span class='ocrx_word' id='word_1_669' title='bbox 1845 2947 2101 2984; x_wconf 84' lang='lat' dir='ltr'><strong>quartodecimo.</strong></span> <span class='ocrx_word' id='word_1_670' title='bbox 2122 2962 2134 2974; x_wconf 82' lang='grc'>»</span> 
     </span>
    </p>
   </div>
  </div>
 </body>
</html>
