2553 3526
124 279 178 307 221
932 268 1242 313 Qm‘r01zziniua
1266 272 1425 308 ANNEE.
2163 289 2220 317 Ἢ

125 353 139 371 i)
160 345 252 379 ceptis
270 345 306 371 de
321 344 447 374 incestu,
465 344 622 374 adulterio.
641 347 668 370 et
686 344 886 371 sacerdotibus
903 352 936 370 ac
952 343 1134 377 regularibus

125 401 140 419 ))
160 393 321 428 procreatis
338 401 362 420 ».
378 407 410 411 -—
426 393 513 424 (Rm.
529 392 573 425 20,
591 394 611 419 f.
628 393 643 419 3
659 396 699 425 r⁰;
717 402 786 420 ann.
804 393 887 426 XIV,
904 401 929 420 c.
948 392 1003 424 10.)

166 507 179 522 α
200 516 220 524 ..
239 494 465 532 archiepiscopo
482 494 730 532 Composiellano.
749 493 829 523 Tuis
842 493 968 523 devotis
980 493 1134 531 precibus

122 564 173 577 —.
190 547 265 577 Dat.
283 546 450 583 Laterani,
475 546 572 576 nonis
590 545 717 584 aprilis,
736 554 823 576 anno
839 544 1097 585 quartodecimo.
1119 557 1132 571 ν)

193 718 244 746 51
254 717 312 745 33
705 717 826 749 Latran,
843 716 878 744 10
890 717 965 744 avril
983 716 1061 743 1240.

159 779 390 813 Archiepiscopo
405 779 628 811 Beneventano,
647 787 701 805 nec
717 787 773 805 non
793 778 883 812 priori
901 779 1025 805 fratrum
1044 779 1134 806 Prae-

122 828 288 856 dicatorum
304 830 333 854 et
355 827 492 854 ministro
505 828 629 854 fratrum
645 827 797 854 Minorum
811 827 846 854 de
864 827 1034 854 Benevento
1049 836 1134 854 nian—

121 876 174 903 dat
191 878 336 910 quatenus
349 875 457 909 populo
473 875 509 901 de
524 875 695 902 Benevento
710 875 862 901 licentiam
882 875 1045 902 concedant
1061 875 1133 902 obli-

122 924 212 959 gandi
228 924 339 958 regalia
357 924 394 951 ad
412 923 517 951 Sedem
535 923 737 958 Apostolicam
757 923 940 958 pertinentia
956 931 969 948 ((
990 932 1081 958 usque
1097 924 1133 950 ad

123 981 137 999 »
158 981 306 1000 summam
334 972 563 1007 quingentarum
589 972 744 999 unciarum
765 972 841 1004 auri,
865 975 925 998 tam
949 980 999 1006 pro
1021 975 1134 999 susten-

123 1029 138 1047 »
158 1021 271 1048 tatione
288 1042 307 1048 ..
326 1021 447 1048 rectoris
463 1023 491 1048 et
516 1029 677 1055 pauperum
701 1020 848 1047 habilium
872 1020 908 1047 ad
929 1021 1133 1055 pugnandum,

123 1078 138 1096 1)
158 1079 246 1105 quam
263 1078 314 1105 pro
329 1070 514 1104 reparatione
535 1079 684 1097 murorum
703 1078 716 1095 ))
735 1072 829 1096 terrae
843 1078 921 1096 suae.
938 1085 969 1088 —
986 1071 1073 1101 (Rea.
1088 1069 1132 1102 20,

123 1120 143 1146 f.
158 1119 174 1145 3
187 1121 225 1150 ῐ·“;
239 1126 310 1145 ann.
322 1118 406 1150 XIV,
421 1127 445 1145 c.
463 1118 510 1150 11;
528 1133 559 1137 —
576 1118 709 1145 Monam
724 1118 802 1150 1193,
821 1119 840 1144 f.
857 1119 883 1150 5,
901 1126 935 1144 ex
952 1119 1015 1144 cod.
1032 1119 1131 1145 Vatic.

121 1167 202 1198 6531,
219 1167 269 1193 fol.
281 1166 316 1194 ’76
332 1170 377 1199 v⁰;
391 1167 468 1199 ibid„
487 1168 506 1194 f.
524 1167 592 1199 215,
612 1182 642 1185 —
657 1168 815 1194 Porrimsr
830 1167 948 1199 10865·;
967 1182 998 1185 —
1017 1168 1133 1194 Ronan-

122 1224 200 1243 m-:RG
214 1215 289 1246 769.)

164 1328 176 1343 ιι
197 1339 216 1345 ..
232 1317 457 1354 archiepiscopo
471 1321 497 1345 et
516 1339 535 1344 ..
550 1317 652 1354 priori
673 1317 811 1352 fratrum
829 1316 1056 1345 P1·(·(Ie'ca!07·u⁷71
1073 1321 1098 1345 et
1113 1339 1132 1345 ..

121 1371 267 1400 ministro
285 1371 423 1406 fratrum
445 1371 601 1399 Minoi-um
625 1370 856 1399 Beneventanis.
876 1370 920 1400 Ut
940 1369 1053 1399 dilecti
1073 1369 1133 1398 filii

120 1440 170 1452 —.
196 1424 270 1453 Dat.
297 1422 472 1458 Laterani,
498 1423 566 1453 IIII
589 1422 665 1452 idus
688 1422 815 1461 aprilis,
844 1431 930 1452 anno
957 1422 1134 1461 quartode-

121 1485 218 1507 cuno.
241 1488 253 1502 n

191 1648 310 1676 5¹34

155 1710 287 1743 Eisdem,
302 1718 353 1745 pro
367 1710 478 1737 eisdem
498 1710 719 1737 Beneventanis
732 1709 875 1743 scribens,
893 1710 1015 1736 mandat
1030 1717 1042 1734 «
1060 1718 1132 1743 qua-

119 1767 134 1786 1)
154 1762 240 1787 tenus
265 1759 372 1793 legalia
393 1761 422 1786 et
442 1759 510 1785 fidei
536 1759 703 1790 commissa,
726 1758 749 1785 si
771 1767 828 1793 qua
854 1758 884 1784 in
911 1758 999 1785 Terre
1023 1758 1132 1785 Sancte

120 1816 134 1834 n
155 1807 320 1836 subsidium
346 1810 415 1834 sunt
439 1807 559 1839 relicta,
585 1807 615 1833 in
640 1815 710 1834 usus
735 1815 896 1841 pauperum
921 1807 1067 1834 habilium
1095 1807 1131 1833 ad

120 1865 135 1883 1)
155 1856 348 1892 pugnandum
368 1859 397 1883 et
417 1856 448 1882 in
473 1855 688 1890 reparationem
714 1863 863 1882 murorum
886 1864 899 1881 »
925 1858 1019 1882 terrae
1035 1855 1131 1882 Bene-

119 1909 316 1934 ventanorum
333 1908 518 1933 convertant.
532 1920 564 1923 —
577 1905 664 1937 (Rea.
681 1904 726 1937 20,
742 1906 761 1931 f.
775 1905 789 1931 3
804 1908 844 1937 r⁰;
862 1913 931 1932 ann.
947 1905 1029 1938 XIV,
1044 1914 1068 1932 c.
1082 1905 1130 1937 12;

119 1970 155 1974 -
176 1955 334 1983 ΡοττΗΑετ
353 1954 458 1987 10864;
481 1969 513 1972 -
535 1954 718 1981 RODENBERG
736 1953 812 1985 770.)

703 1648 825 1679 Latran,
840 1647 873 1674 10
888 1647 964 1674 avril
981 1647 1060 1674 1240.

163 2067 176 2082 α
196 2055 326 2085 Eisdem.
344 2055 472 2085 Invicte
488 2054 566 2085 fidei
583 2058 614 2085 et
630 2072 679 2084 —.
694 2055 768 2084 Dat.
784 2058 819 2084 ut
839 2063 949 2093 supra.
970 2067 982 2081 n

192 2234 312 2263 5135
698 2234 819 2266 Latran,
836 2234 869 2260 23
887 2243 964 2261 mars
981 2234 1059 2261 1240.

159 2296 303 2330 Episcopo
321 2294 468 2329 quondam
496 2293 678 2326 Mutinensi,
704 2295 892 2328 Apostolieae
915 2295 1001 2322 Sedis
1026 2297 1131 2329 legato,

124 2345 246 2373 mandat
271 2347 415 2379 quatenus
441 2343 576 2378 episcopo
599 2344 754 2375 Prusciae,
782 2359 813 2362 —
839 2344 900 2378 qui,
922 2353 937 2371 a
963 2345 1133 2372 detentione

123 2403 157 2422 ac
179 2402 293 2421 carcere
316 2394 502 2427 Paganoruui
524 2393 560 2419 de
579 2392 775 2426 Samplandia
795 2394 845 2424 (=
866 2393 1034 2427 Samland),
1056 2395 1134 2421 datis

122 2443 285 2476 obsidibus,
311 2442 464 2475 liberatus,
491 2441 555 2468 ideo
582 2441 711 2475 Paganis
736 2441 809 2476 ipsis
835 2442 866 2469 in
895 2443 1132 2477 octingentarum

124 2500 291 2520 marcarum
310 2490 453 2525 pecuniae
473 2489 640 2524 quantitate
658 2489 824 2521 tenebatur,
841 2499 895 2517 nec
911 2491 1037 2519 habebat
1057 2493 1135 2520 unde

123 2541 237 2568 valeret
263 2540 300 2567 ab
330 2540 384 2566 boc
408 2538 507 2566 debito
535 2538 665 2571 liberari,
693 2553 724 2556 —
750 2539 891 2566 concedat
920 2542 953 2566 ut
977 2541 1132 2574 pecuniam

125 2598 212 2624 quam
234 2588 281 2615 illi
305 2588 354 2622 qui
378 2588 500 2620 ferrum,
517 2588 560 2614 sal
585 2590 612 2613 et
638 2587 698 2613 alia
722 2588 887 2614 neccssaria
911 2589 941 2615 in
968 2589 1133 2617 subsidium

126 2638 312 2672 Paganorum
326 2636 466 2663 Prusciae
477 2638 580 2662 contra
590 2636 781 2669 apostolicam
794 2636 1006 2664 inhibitionem
1024 2638 1135 2665 detule-

124 2688 202 2718 rant,
220 2688 248 2712 et
264 2688 381 2720 propter
397 2685 450 2711 hoc
473 2684 723 2711 excommunicati
741 2686 868 2717 fuerant,
889 2693 919 2712 se
939 2686 1136 2720 promiserant

125 2743 176 2770 pro
193 2734 277 2761 illius
293 2742 427 2760 excessus
443 2733 646 2759 satisfactione
662 2733 857 2766 exhibituros,
876 2742 967 2768 usque
987 2735 1023 2761 ad
1042 2744 1136 2769 quan-

126 2784 244 2811 titatem
265 2783 388 2810 eandem
409 2782 499 2816 possit
519 2781 678 2816 percipere,
696 2782 725 2808 in
747 2782 878 2815 ejusdem
895 2783 1023 2817 episcopi
1042 2787 1069 2810 et
1084 2785 1134 2817 H.‚

126 2831 257 2866 germani
278 2831 352 2864 ejus,
369 2830 419 2864 qui
437 2830 467 2856 in
489 2829 706 2863 praedictorum
726 2830 911 2863 Paganorun]
929 2839 1044 2858 earcere
1059 2832 1136 2858 deti—

162 2946 182 2969 1.
199 2946 273 2969 Avec
288 2945 408 2974 l'incipil
426 2953 432 2967 :
450 2953 461 2965 u
480 2943 516 2967 Ut
531 2943 648 2967 dilectus
664 2944 736 2967 filius
754 2952 774 2970 ι),
793 2944 899 2974 ‹l'apres
916 2944 1073 2969 Samum.

1218 342 1353 375 nebatur,
1370 345 1555 373 liberationis
1576 347 1740 375 subsidium
1765 351 2004 378 convertendam.
2022 367 2054 370 -—
2070 354 2156 383 (lim.
2177 356 2225 386 20,

1218 391 1237 417 f.
1259 391 1274 417 3
1294 394 1331 423 r⁰;
1353 401 1423 419 ann.
1442 393 1524 427 XIV,
1542 403 1566 421 c.
1588 396 1636 427 13;
1654 410 1686 414 —
1701 396 1973 430 Porrfflsr10859;
1996 414 2026 418 —
2048 402 2085 427 ci.
2109 400 2223 428 Ronm-

1217 447 1304 472 BERG,
1323 448 1350 474 p.
1365 441 1427 473 719,
1443 446 1509 469 note
1526 442 1556 475 1;
1574 458 1605 462 —
1622 445 1660 471 cf.
1685 445 1773 477 infra,
1789 454 1859 472 ann.
1876 446 1944 480 XV,
1959 455 1983 474 c.
2000 448 2056 479 83.)

1259 552 1271 566 «
1291 563 1310 569 ..
1330 542 1464 579 episcopo
1480 545 1632 580 quondam
1652 547 1825 583 Mutinensi,
1844 548 2009 585 Apostolice
2021 550 2104 579 Sedis
2117 552 2222 589 [efflato.

1216 592 1428 624 Venerabilis
1453 595 1556 625 frater
1581 602 1693 627 noster
1718 621 1737 627 ..
1766 599 1938 638 episcopus
1966 601 2101 633 Pruscie
2130 604 2223 635 nobis

1217 644 1390 677 humiliter
1413 649 1611 686 supplicavit
1632 652 1730 690 quod,
1751 661 1823 682 cum
1848 662 1865 682 a
1888 653 2077 685 detentione
2097 665 2133 685 ac
2152 666 2224 686 car-

1217 707 1291 728 cere
1318 700 1525 737 paganorum
1550 702 1589 732 de
1615 704 1841 742 Samplandia,
1865 707 1922 744 qui
1944 708 2109 746 captivum
2132 714 2224 740 tene-

1218 750 1296 780 bant
1315 752 1467 788 eundem,
1486 754 1571 785 datis
1589 756 1773 792 obsidibus,
1792 758 1894 789 fuerit
1910 758 2081 797 liberatus,
2103 766 2134 792 et
2148 762 2223 793 ideo

1218 804 1361 841 Paganis
1386 805 1468 843 ipsis
1499 807 1533 836 in
1564 808 1831 847 octingentarum
1860 821 2046 842 marcarum
2072 818 2222 845 teneatur

1218 858 1356 894 pecunie
1373 860 1569 897 quantitate,
1587 871 1645 891 nec
1662 861 1781 893 habeat
1798 864 1884 894 unde
1901 865 1940 894 ab
1959 865 2149 905 hujusmodi
2166 868 2222 898 de-

1217 909 1284 939 bito
1302 910 1407 941 valeat
1422 911 1579 942 liberari:
1596 914 1660 944 sibi
1682 915 1768 953 quod
1784 918 1957 954 pecuniam
1974 928 2072 957 quam
2091 919 2140 949 illi
2164 921 2222 959 qui

1216 962 1352 999 ferrum,
1370 963 1419 994 sal
1433 969 1463 994 et
1476 965 1541 995 alia
1558 968 1748 997 necessaria
1763 968 1796 997 in
1811 969 1998 1000 subsidium
2014 972 2222 1009 Paganorum

1218 1016 1353 1045 Pruscie
1378 1021 1492 1047 contra
1516 1018 1754 1050 inhibitionem
1780 1026 1926 1051 nostram
1951 1027 2073 1054 temere
2096 1025 2223 1056 detule-

1218 1072 1304 1103 runt,
1323 1074 1455 1107 propter
1477 1071 1563 1108 quod
1586 1071 1674 1101 idem
1697 1072 1870 1111 episcopus
1891 1075 1924 1103 in
1948 1085 2002 1105 eos
2028 1078 2223 1109 auctoritate

1217 1121 1397 1158 apostolica
1413 1124 1766 1155 excommunicationis
1779 1127 1978 1156 sententiam
1991 1129 2219 1167 promulgavit,

1217 1173 1423 1205 exhibituros
1452 1184 1487 1206 se
1517 1185 1575 1214 pro
1603 1176 1794 1216 hujusmodi
1819 1188 1973 1210 excessus
1997 1182 2224 1214 satisfactione

1217 1227 1424 1264 promittunt,
1454 1237 1560 1268 usque
1582 1230 1623 1259 ad
1650 1231 1870 1269 quantitatem
1893 1233 2030 1263 eandem
2054 1235 2092 1265 de
2113 1240 2226 1266 nostra

1217 1280 1320 1317 possit
1340 1281 1561 1319 permissione
1582 1283 1762 1321 percipere,
1792 1284 1828 1314 in
1858 1294 1916 1316 sue
1943 1290 1974 1316 et
1994 1287 2048 1322 H.,
2076 1289 2226 1325 germani

1217 1332 1280 1369 sui,
1298 1333 1356 1372 qui
1372 1334 1406 1363 in
1424 1334 1649 1372 predictorum
1671 1337 1881 1374 Paganorum
1900 1347 2029 1369 carcerc
2046 1340 2223 1376 detinetur,

1216 1385 1425 1416 liberationis
1450 1387 1639 1417 subsidium
1659 1390 1929 1427 convertendam,
1956 1391 2125 1422 licentiam
2147 1403 2226 1423 con-

1216 1439 1331 1469 cedere
1357 1449 1562 1471 curaremus.
1588 1442 1750 1478 Quocirca
1778 1444 1973 1475 mandamus
1996 1451 2171 1484 quatenus,
2197 1448 2226 1477 si

1215 1496 1264 1521 est
1282 1492 1339 1527 ita,
1356 1492 1442 1522 dicto
1460 1493 1614 1532 episcopo
1632 1495 1797 1532 postulata
1812 1497 1982 1533 concedas,
2000 1499 2085 1528 sicut
2101 1499 2225 1530 videris

1215 1545 1380 1583 expedire.
1411 1547 1485 1576 Dat.
1518 1547 1688 1583 Laterani,
1720 1549 1749 1578 X
1779 1548 1938 1580 kalendas
1974 1551 2105 1589 aprilis,
2139 1561 2226 1582 anno

1215 1598 1474 1636 quartodecimo.
1492 1611 1504 1625 1>

1284 1785 1404 1812 5¹3ss

1249 1845 1401 1873 Dietmaro
1410 1846 1509 1874 abbati
1522 1851 1548 1875 et
1560 1849 1720 1876 conventui
1731 1851 1902 1877 monasterii
1916 1852 2088 1879 Altabcnsis
2100 1854 2145 1884 (=
2155 1852 2222 1880 Nie-

1213 1895 1423 1926 der-Altaich).
1440 1896 1551 1923 ordinis
1568 1897 1664 1924 saneti
1683 1898 1849 1930 Benedicti,
1867 1899 2054 1927 Pataviensis
2070 1901 2221 1933 dioecesis,

1213 1944 1362 1977 significat
1375 1953 1415 1977 se,
1431 1945 1561 1977 Ottonis,
1575 1947 1693 1973 comitis
1707 1947 1833 1981 palatini
1848 1948 1956 1979 Rheni,
1968 1949 2051 1975 ducis
2067 1950 2220 1983 Bavariae,

1214 1992 1349 2026 precibus
1375 1993 1566 2025 inclinatum,
1591 1995 1632 2021 eis
1650 1995 1804 2029 indulgere
1826 1999 1859 2023 ut
1883 1997 1961 2024 idem
1989 1998 2078 2025 abbas
2102 1999 2222 2033 ejusque

1213 2050 1392 2068 successores
1413 2042 1501 2069 mitra
1522 2045 1550 2069 et
1569 2044 1658 2069 anulo
1678 2044 1722 2070 uti
1746 2045 1869 2078 possint.
1887 2060 1918 2063 —
1941 2046 2026 2078 (Ftec.
2045 2047 2089 2078 20,
2112 2048 2131 2073 f.
2150 2048 2164 2074 3
2181 2051 2222 2079 r⁰;

1213 2098 1283 2116 ann.
1302 2090 1385 2122 XIV,
1402 2099 1427 2117 e.
1445 2091 1493 2123 14;
1514 2106 1543 2109 -—
1559 2092 1716 2119 PorTflAsr
1732 2092 1841 2124 10867.)

1790 1788 1911 1821 Latran,
1928 1790 1960 1816 12
1977 1790 2054 1816 avril
2071 1790 2149 1817 1240.

1255 2203 1267 2217 «
1297 2192 1451 2221 Dielmaro
1475 2193 1576 2222 abbati
1600 2198 1625 2222 et
1649 2195 1813 2223 conventui
1836 2197 2017 2225 monasterii
2038 2198 2221 2231 Allahensis,

1213 2244 1333 2273 ordinis
1351 2246 1449 2273 sancti
1470 2246 1631 2280 Benedicti,
1652 2247 1844 2276 pataviensis
1866 2248 2001 2277 diocesis.
2026 2249 2119 2284 Cum,
2138 2250 2224 2279 sicut

1215 2296 1319 2326 nobili
1343 2314 1390 2326 —.
1413 2298 1486 2327 Dat.
1514 2298 1681 2333 Laterani,
1705 2300 1736 2329 II
1759 2299 1834 2330 idus
1860 2301 1988 2338 aprilis,
2012 2302 2222 2339 pontificatus

1216 2350 1320 2379 nostri
1338 2359 1425 2380 anno
1442 2351 1700 2389 quartodecimo.
1723 2364 1735 2377 »

1289 2542 1406 2570 5¹3?
1797 2544 1917 2577 Latran,
1933 2546 1961 2572 11
1980 2547 2055 2573 avril
2072 2547 2150 2573 1240.

1253 2604 1349 2631 Priori
1361 2608 1389 2631 et
1401 2605 1559 2631 conventui
1574 2605 1677 2632 Sancti
1688 2605 1832 2639 Stephani
1845 2606 1880 2633 de
1891 2607 2075 2635 Mauritania
2090 2611 2135 2641 (z
2146 2609 2224 2637 Mor-

1217 2652 1535 2686 tagne-sur-Gironde),
1559 2653 1672 2679 ordinis
1692 2654 1786 2680 sancti
1807 2655 1983 2688 Augustini,
2008 2657 2224 2685 xanctonensis

1217 2701 1370 2733 dioecesis,
1389 2701 1604 2735 exponentibus
1619 2702 1695 2735 quod
1712 2707 1838 2729 castrum
1858 2704 1893 2730 G.
1911 2704 1946 2730 de
1967 2705 2159 2738 Mauritania,
2175 2715 2225 2741 pro

1218 2750 1347 2783 ejusdem
1378 2750 1412 2776 G.
1442 2750 1621 2781 excessibus,
1648 2751 1815 2784 frequenter
1843 2753 2041 2781 ecclesiastico
2068 2755 2225 2782 interdicto

1218 2798 1447 2831 supponebatur,
1465 2801 1492 2824 ct
1509 2798 1678 2832 petentibus
1696 2807 1731 2825 ne
1754 2807 1771 2825 a
1791 2799 1895 2826 divina
1915 2802 2000 2828 laude
2016 2811 2128 2829 cessare
2144 2812 2226 2837 coge-

1218 2849 1330 2878 rentur,
1348 2846 1520 2880 pracsertim
1538 2855 1604 2872 cum
1628 2847 1757 2880 ipsorum
1781 2849 1990 2876 monasterium
2009 2853 2036 2876 et
2054 2851 2145 2884 ipsius
2164 2860 2227 2877 mo-

1219 2894 1341 2921 nasterii
1358 2894 1465 2928 burgus
1479 2894 1549 2920 adeo
1565 2894 1601 2921 ab
1616 2895 1715 2921 eodem
1734 2899 1828 2922 castro
1845 2900 1940 2924 essent
1956 2902 2078 2931 remota,
2093 2899 2168 2932 quod
2179 2899 2226 2926 di-

1219 2943 1291 2970 vina
1306 2943 1400 2970 officia
1417 2943 1447 2969 in
1460 2943 1558 2969 eodem
1576 2944 1752 2970 monasterio
1765 2945 1910 2972 celebrata
1924 2946 1953 2972 in
1966 2947 2114 2979 praedicto
2131 2950 2225 2976 castro
