<?xml version="1.0" encoding="UTF-8"?>
<!DOCTYPE html PUBLIC "-//W3C//DTD XHTML 1.0 Transitional//EN"
    "http://www.w3.org/TR/xhtml1/DTD/xhtml1-transitional.dtd">
<html xmlns="http://www.w3.org/1999/xhtml" xml:lang="en" lang="en">
 <head>
  <title>
</title>
<meta http-equiv="Content-Type" content="text/html;charset=utf-8" />
  <meta name='ocr-system' content='tesseract 3.04.00' />
  <meta name='ocr-capabilities' content='ocr_page ocr_carea ocr_par ocr_line ocrx_word'/>
</head>
<body>
  <div class='ocr_page' id='page_1' title='image "./lesregistresdegr03cathuoft_0011.png"; bbox 0 0 2553 3526; ppageno 0'>
   <div class='ocr_carea' id='block_1_1' title="bbox 640 594 1767 650">
    <p class='ocr_par' dir='ltr' id='par_1_1' title="bbox 640 594 1767 650">
     <span class='ocr_line' id='line_1_1' title="bbox 640 594 1767 650; baseline -0.003 -1"><span class='ocrx_word' id='word_1_1' title='bbox 640 596 916 650; x_wconf 71' lang='lat' dir='ltr'>INCIPIT</span> <span class='ocrx_word' id='word_1_2' title='bbox 955 595 1362 648; x_wconf 66' lang='lat' dir='ltr'><strong>REGESTI&#39;M</strong></span> <span class='ocrx_word' id='word_1_3' title='bbox 1401 594 1536 646; x_wconf 83' lang='lat' dir='ltr'>XIII</span> <span class='ocrx_word' id='word_1_4' title='bbox 1578 594 1767 646; x_wconf 71' lang='lat' dir='ltr'>ANNI</span> 
     </span>
    </p>
   </div>
   <div class='ocr_carea' id='block_1_2' title="bbox 159 835 2250 938">
    <p class='ocr_par' dir='ltr' id='par_1_2' title="bbox 159 834 2250 938">
     <span class='ocr_line' id='line_1_2' title="bbox 159 835 2250 938; baseline -0.002 -2"><span class='ocrx_word' id='word_1_5' title='bbox 159 837 677 938; x_wconf 87' lang='lat' dir='ltr'>DOMINI</span> <span class='ocrx_word' id='word_1_6' title='bbox 739 836 1420 938; x_wconf 79' lang='lat' dir='ltr'>GREGORII</span> <span class='ocrx_word' id='word_1_7' title='bbox 1478 835 1840 932; x_wconf 66' lang='lat' dir='ltr'>PAPE</span> <span class='ocrx_word' id='word_1_8' title='bbox 1904 835 2250 933; x_wconf 80' lang='lat' dir='ltr'>NONI</span> 
     </span>
    </p>
   </div>
   <div class='ocr_carea' id='block_1_3' title="bbox 155 1449 1169 1931">
    <p class='ocr_par' dir='ltr' id='par_1_3' title="bbox 225 1449 1094 1480">
     <span class='ocr_line' id='line_1_3' title="bbox 225 1449 1094 1480; baseline -0.002 -4"><span class='ocrx_word' id='word_1_9' title='bbox 225 1449 343 1478; x_wconf 60' lang='lat'>4293</span> <span class='ocrx_word' id='word_1_10' title='bbox 737 1449 857 1480; x_wconf 77' lang='lat' dir='ltr'>Lati-an,</span> <span class='ocrx_word' id='word_1_11' title='bbox 870 1449 904 1475; x_wconf 71' lang='lat'>⁴22</span> <span class='ocrx_word' id='word_1_12' title='bbox 921 1457 998 1475; x_wconf 81' lang='lat' dir='ltr'>mars</span> <span class='ocrx_word' id='word_1_13' title='bbox 1016 1449 1094 1475; x_wconf 69' lang='lat'>1239.</span> 
     </span>
    </p>

    <p class='ocr_par' dir='ltr' id='par_1_4' title="bbox 155 1510 1169 1931">
     <span class='ocr_line' id='line_1_4' title="bbox 190 1510 1167 1542; baseline -0.002 -3"><span class='ocrx_word' id='word_1_14' title='bbox 190 1511 357 1539; x_wconf 82' lang='lat' dir='ltr'>Abbatibus</span> <span class='ocrx_word' id='word_1_15' title='bbox 377 1511 412 1537; x_wconf 89' lang='lat' dir='ltr'>de</span> <span class='ocrx_word' id='word_1_16' title='bbox 433 1511 585 1541; x_wconf 55' lang='lat' dir='ltr'>Croxton..</span> <span class='ocrx_word' id='word_1_17' title='bbox 609 1511 644 1537; x_wconf 88' lang='lat' dir='ltr'>de</span> <span class='ocrx_word' id='word_1_18' title='bbox 667 1510 770 1537; x_wconf 85' lang='lat' dir='ltr'>Neubo</span> <span class='ocrx_word' id='word_1_19' title='bbox 789 1513 833 1542; x_wconf 75' lang='lat' dir='ltr'>(z</span> <span class='ocrx_word' id='word_1_20' title='bbox 854 1511 978 1540; x_wconf 61' lang='lat' dir='ltr'>Neu-bo)</span> <span class='ocrx_word' id='word_1_21' title='bbox 997 1515 1023 1537; x_wconf 81' lang='lat' dir='ltr'>et</span> <span class='ocrx_word' id='word_1_22' title='bbox 1043 1511 1078 1537; x_wconf 78' lang='lat' dir='ltr'>de</span> <span class='ocrx_word' id='word_1_23' title='bbox 1097 1511 1167 1537; x_wconf 79' lang='lat' dir='ltr'>Bar—</span> 
     </span>
     <span class='ocr_line' id='line_1_5' title="bbox 155 1560 1167 1595; baseline -0.003 -7"><span class='ocrx_word' id='word_1_24' title='bbox 155 1561 250 1595; x_wconf 82' lang='lat' dir='ltr'>linges</span> <span class='ocrx_word' id='word_1_25' title='bbox 263 1562 308 1591; x_wconf 76' lang='lat' dir='ltr'>(z</span> <span class='ocrx_word' id='word_1_26' title='bbox 320 1560 481 1593; x_wconf 79' lang='lat' dir='ltr'>Barlings).</span> <span class='ocrx_word' id='word_1_27' title='bbox 494 1560 798 1587; x_wconf 82' lang='lat' dir='ltr'>Praemonstratensis</span> <span class='ocrx_word' id='word_1_28' title='bbox 810 1560 934 1591; x_wconf 68' lang='lat' dir='ltr'>ordinis,</span> <span class='ocrx_word' id='word_1_29' title='bbox 948 1560 1167 1586; x_wconf 60' lang='lat' dir='ltr'>Line-ulmensis</span> 
     </span>
     <span class='ocr_line' id='line_1_6' title="bbox 155 1608 1167 1642; baseline -0.002 -6"><span class='ocrx_word' id='word_1_30' title='bbox 155 1609 308 1641; x_wconf 73' lang='lat' dir='ltr'>dioecesis,</span> <span class='ocrx_word' id='word_1_31' title='bbox 322 1609 444 1635; x_wconf 80' lang='lat' dir='ltr'>mandat</span> <span class='ocrx_word' id='word_1_32' title='bbox 455 1612 600 1642; x_wconf 86' lang='lat' dir='ltr'>quatenus</span> <span class='ocrx_word' id='word_1_33' title='bbox 612 1608 748 1635; x_wconf 76' lang='lat' dir='ltr'>abbatem</span> <span class='ocrx_word' id='word_1_34' title='bbox 762 1613 789 1635; x_wconf 88' lang='lat' dir='ltr'>et</span> <span class='ocrx_word' id='word_1_35' title='bbox 802 1613 981 1635; x_wconf 75' lang='lat' dir='ltr'>conventum</span> <span class='ocrx_word' id='word_1_36' title='bbox 996 1608 1167 1635; x_wconf 64' lang='lat' dir='ltr'>monasterii</span> 
     </span>
     <span class='ocr_line' id='line_1_7' title="bbox 156 1657 1167 1689; baseline -0.001 -5"><span class='ocrx_word' id='word_1_37' title='bbox 156 1658 318 1689; x_wconf 85' lang='lat' dir='ltr'>Rievallis‚</span> <span class='ocrx_word' id='word_1_38' title='bbox 339 1657 547 1685; x_wconf 81' lang='lat' dir='ltr'>Cisterciensis</span> <span class='ocrx_word' id='word_1_39' title='bbox 569 1657 692 1684; x_wconf 60' lang='lat' dir='ltr'>ordinis</span> <span class='ocrx_word' id='word_1_40' title='bbox 717 1657 910 1684; x_wconf 74' lang='lat' dir='ltr'>Eboraeensis</span> <span class='ocrx_word' id='word_1_41' title='bbox 933 1657 1090 1687; x_wconf 70' lang='lat' dir='ltr'>dioecesis,</span> <span class='ocrx_word' id='word_1_42' title='bbox 1111 1665 1167 1683; x_wconf 89' lang='lat' dir='ltr'>non</span> 
     </span>
     <span class='ocr_line' id='line_1_8' title="bbox 157 1705 1168 1741; baseline 0 -9"><span class='ocrx_word' id='word_1_43' title='bbox 157 1706 335 1741; x_wconf 79' lang='lat' dir='ltr'>permittant</span> <span class='ocrx_word' id='word_1_44' title='bbox 350 1706 387 1732; x_wconf 86' lang='lat' dir='ltr'>ab</span> <span class='ocrx_word' id='word_1_45' title='bbox 400 1705 551 1740; x_wconf 78' lang='lat' dir='ltr'>aliquibus</span> <span class='ocrx_word' id='word_1_46' title='bbox 568 1706 718 1732; x_wconf 86' lang='lat' dir='ltr'>molestari</span> <span class='ocrx_word' id='word_1_47' title='bbox 734 1714 820 1740; x_wconf 85' lang='lat' dir='ltr'>super</span> <span class='ocrx_word' id='word_1_48' title='bbox 836 1706 971 1732; x_wconf 80' lang='lat' dir='ltr'>mineriis</span> <span class='ocrx_word' id='word_1_49' title='bbox 986 1711 1013 1732; x_wconf 85' lang='lat' dir='ltr'>et</span> <span class='ocrx_word' id='word_1_50' title='bbox 1028 1706 1168 1733; x_wconf 84' lang='lat' dir='ltr'>turbariis</span> 
     </span>
     <span class='ocr_line' id='line_1_9' title="bbox 156 1754 1169 1789; baseline 0 -8"><span class='ocrx_word' id='word_1_51' title='bbox 156 1754 188 1781; x_wconf 91' lang='lat' dir='ltr'>in</span> <span class='ocrx_word' id='word_1_52' title='bbox 197 1754 430 1789; x_wconf 79' lang='lat' dir='ltr'>possessionibus</span> <span class='ocrx_word' id='word_1_53' title='bbox 440 1754 570 1788; x_wconf 85' lang='lat' dir='ltr'>ejusdem</span> <span class='ocrx_word' id='word_1_54' title='bbox 584 1755 756 1781; x_wconf 78' lang='lat' dir='ltr'>monasterii</span> <span class='ocrx_word' id='word_1_55' title='bbox 771 1755 916 1782; x_wconf 71' lang='lat' dir='ltr'>Itievallis</span> <span class='ocrx_word' id='word_1_56' title='bbox 929 1755 1004 1782; x_wconf 85' lang='lat' dir='ltr'>sitis.</span> <span class='ocrx_word' id='word_1_57' title='bbox 1015 1755 1050 1781; x_wconf 79' lang='lat' dir='ltr'>de</span> <span class='ocrx_word' id='word_1_58' title='bbox 1063 1755 1169 1788; x_wconf 82' lang='lat' dir='ltr'>quibus</span> 
     </span>
     <span class='ocr_line' id='line_1_10' title="bbox 157 1803 1169 1837; baseline -0.001 -7"><span class='ocrx_word' id='word_1_59' title='bbox 157 1803 293 1830; x_wconf 85' lang='lat' dir='ltr'>mineriis</span> <span class='ocrx_word' id='word_1_60' title='bbox 304 1806 333 1830; x_wconf 81' lang='lat' dir='ltr'>et</span> <span class='ocrx_word' id='word_1_61' title='bbox 345 1803 485 1830; x_wconf 78' lang='lat' dir='ltr'>turbariis</span> <span class='ocrx_word' id='word_1_62' title='bbox 498 1804 634 1829; x_wconf 81' lang='lat' dir='ltr'>nonnulli</span> <span class='ocrx_word' id='word_1_63' title='bbox 647 1812 662 1829; x_wconf 84' lang='lat' dir='ltr'>a</span> <span class='ocrx_word' id='word_1_64' title='bbox 674 1804 834 1837; x_wconf 72' lang='lat' dir='ltr'>praedietis</span> <span class='ocrx_word' id='word_1_65' title='bbox 845 1804 951 1830; x_wconf 83' lang='lat' dir='ltr'>abbate</span> <span class='ocrx_word' id='word_1_66' title='bbox 963 1809 1169 1837; x_wconf 70' lang='lat' dir='ltr'>conventuque</span> 
     </span>
     <span class='ocr_line' id='line_1_11' title="bbox 156 1850 1168 1886; baseline -0.002 -7"><span class='ocrx_word' id='word_1_67' title='bbox 156 1852 288 1879; x_wconf 80' lang='lat' dir='ltr'>decimas</span> <span class='ocrx_word' id='word_1_68' title='bbox 317 1852 425 1878; x_wconf 73' lang='lat' dir='ltr'>illicite</span> <span class='ocrx_word' id='word_1_69' title='bbox 457 1852 624 1885; x_wconf 71' lang='lat' dir='ltr'>exigebant.</span> <span class='ocrx_word' id='word_1_70' title='bbox 659 1867 690 1870; x_wconf 96' lang='lat'><strong>—</strong></span> <span class='ocrx_word' id='word_1_71' title='bbox 727 1853 813 1883; x_wconf 59' lang='lat' dir='ltr'>(Rem.</span> <span class='ocrx_word' id='word_1_72' title='bbox 846 1853 888 1880; x_wconf 75' lang='lat'>19.</span> <span class='ocrx_word' id='word_1_73' title='bbox 920 1853 939 1878; x_wconf 75' lang='lat' dir='ltr'>i.</span> <span class='ocrx_word' id='word_1_74' title='bbox 966 1852 1017 1878; x_wconf 84' lang='lat'>105</span> <span class='ocrx_word' id='word_1_75' title='bbox 1043 1850 1098 1886; x_wconf 69' lang='lat'>[99]</span> <span class='ocrx_word' id='word_1_76' title='bbox 1127 1855 1168 1883; x_wconf 75' lang='lat' dir='ltr'>r⁰;</span> 
     </span>
     <span class='ocr_line' id='line_1_12' title="bbox 156 1901 422 1931; baseline -0.008 -3"><span class='ocrx_word' id='word_1_77' title='bbox 156 1909 226 1928; x_wconf 84' lang='lat' dir='ltr'>ann.</span> <span class='ocrx_word' id='word_1_78' title='bbox 244 1901 326 1931; x_wconf 80' lang='lat' dir='ltr'>xm.</span> <span class='ocrx_word' id='word_1_79' title='bbox 343 1909 368 1927; x_wconf 88' lang='lat' dir='ltr'>e.</span> <span class='ocrx_word' id='word_1_80' title='bbox 385 1901 422 1931; x_wconf 88' lang='lat'>1.)</span> 
     </span>
    </p>
   </div>
   <div class='ocr_carea' id='block_1_4' title="bbox 157 2002 1174 2782">
    <p class='ocr_par' dir='ltr' id='par_1_5' title="bbox 157 2002 1174 2782">
     <span class='ocr_line' id='line_1_13' title="bbox 199 2002 1168 2039; baseline 0.001 -9"><span class='ocrx_word' id='word_1_81' title='bbox 199 2014 212 2028; x_wconf 89' lang='lat'>«</span> <span class='ocrx_word' id='word_1_82' title='bbox 235 2025 254 2030; x_wconf 94' lang='lat'>..</span> <span class='ocrx_word' id='word_1_83' title='bbox 273 2002 307 2030; x_wconf 76' lang='lat' dir='ltr'>(Ie</span> <span class='ocrx_word' id='word_1_84' title='bbox 323 2002 476 2036; x_wconf 69' lang='lat' dir='ltr'>Crooelou.‚</span> <span class='ocrx_word' id='word_1_85' title='bbox 500 2025 519 2029; x_wconf 90' lang='lat'>..</span> <span class='ocrx_word' id='word_1_86' title='bbox 538 2003 571 2030; x_wconf 80' lang='lat' dir='ltr'>de</span> <span class='ocrx_word' id='word_1_87' title='bbox 587 2002 685 2030; x_wconf 75' lang='lat' dir='ltr'>Neubo</span> <span class='ocrx_word' id='word_1_88' title='bbox 699 2007 724 2030; x_wconf 70' lang='lat' dir='ltr'>el</span> <span class='ocrx_word' id='word_1_89' title='bbox 742 2025 761 2030; x_wconf 91' lang='lat'>..</span> <span class='ocrx_word' id='word_1_90' title='bbox 781 2002 813 2030; x_wconf 67' lang='lat' dir='ltr'>cle</span> <span class='ocrx_word' id='word_1_91' title='bbox 829 2003 985 2039; x_wconf 60' lang='lat' dir='ltr'>Barlinyes</span> <span class='ocrx_word' id='word_1_92' title='bbox 1000 2003 1168 2031; x_wconf 67' lang='lat' dir='ltr'>abbatibus.</span> 
     </span>
     <span class='ocr_line' id='line_1_14' title="bbox 661 2056 1168 2085; baseline 0.002 -2"><span class='ocrx_word' id='word_1_93' title='bbox 661 2056 884 2084; x_wconf 66' lang='lat' dir='ltr'>Lincolniensis</span> <span class='ocrx_word' id='word_1_94' title='bbox 920 2056 1060 2084; x_wconf 58' lang='lat' dir='ltr'>diocesis.</span> <span class='ocrx_word' id='word_1_95' title='bbox 1104 2056 1168 2085; x_wconf 77' lang='lat' dir='ltr'>Ex¹</span> 
     </span>
     <span class='ocr_line' id='line_1_15' title="bbox 157 2107 1170 2146; baseline 0 -9"><span class='ocrx_word' id='word_1_96' title='bbox 157 2112 249 2146; x_wconf 81' lang='lat' dir='ltr'>parte</span> <span class='ocrx_word' id='word_1_97' title='bbox 271 2107 467 2137; x_wconf 84' lang='lat' dir='ltr'>dilectorum</span> <span class='ocrx_word' id='word_1_98' title='bbox 487 2107 631 2137; x_wconf 78' lang='lat' dir='ltr'>filiorum</span> <span class='ocrx_word' id='word_1_99' title='bbox 657 2131 675 2136; x_wconf 95' lang='lat'>..</span> <span class='ocrx_word' id='word_1_100' title='bbox 697 2108 827 2137; x_wconf 85' lang='lat' dir='ltr'>abbatis</span> <span class='ocrx_word' id='word_1_101' title='bbox 849 2113 879 2137; x_wconf 88' lang='lat' dir='ltr'>et</span> <span class='ocrx_word' id='word_1_102' title='bbox 898 2113 1080 2137; x_wconf 77' lang='lat' dir='ltr'>conventus</span> <span class='ocrx_word' id='word_1_103' title='bbox 1101 2118 1170 2137; x_wconf 89' lang='lat' dir='ltr'>mo-</span> 
     </span>
     <span class='ocr_line' id='line_1_16' title="bbox 158 2160 1170 2195; baseline 0 -5"><span class='ocrx_word' id='word_1_104' title='bbox 158 2160 297 2191; x_wconf 84' lang='lat' dir='ltr'>nasterii</span> <span class='ocrx_word' id='word_1_105' title='bbox 322 2160 493 2195; x_wconf 73' lang='lat' dir='ltr'>Rievallis‚</span> <span class='ocrx_word' id='word_1_106' title='bbox 523 2161 758 2191; x_wconf 87' lang='lat' dir='ltr'>Cisterciensis</span> <span class='ocrx_word' id='word_1_107' title='bbox 785 2161 923 2195; x_wconf 76' lang='lat' dir='ltr'>ordinis,</span> <span class='ocrx_word' id='word_1_108' title='bbox 950 2161 1170 2191; x_wconf 76' lang='lat' dir='ltr'>Eboracensis</span> 
     </span>
     <span class='ocr_line' id='line_1_17' title="bbox 159 2214 1171 2253; baseline -0.001 -9"><span class='ocrx_word' id='word_1_109' title='bbox 159 2214 312 2249; x_wconf 86' lang='lat' dir='ltr'>diocesis,</span> <span class='ocrx_word' id='word_1_110' title='bbox 334 2214 397 2243; x_wconf 85' lang='lat' dir='ltr'>fuit</span> <span class='ocrx_word' id='word_1_111' title='bbox 413 2214 619 2252; x_wconf 82' lang='lat' dir='ltr'>propositum</span> <span class='ocrx_word' id='word_1_112' title='bbox 637 2223 747 2243; x_wconf 87' lang='lat' dir='ltr'>coram</span> <span class='ocrx_word' id='word_1_113' title='bbox 766 2214 860 2244; x_wconf 84' lang='lat' dir='ltr'>nobis</span> <span class='ocrx_word' id='word_1_114' title='bbox 877 2214 975 2253; x_wconf 80' lang='lat' dir='ltr'>quod.</span> <span class='ocrx_word' id='word_1_115' title='bbox 994 2224 1067 2244; x_wconf 81' lang='lat' dir='ltr'>cum</span> <span class='ocrx_word' id='word_1_116' title='bbox 1085 2215 1132 2244; x_wconf 89' lang='lat' dir='ltr'>eis</span> <span class='ocrx_word' id='word_1_117' title='bbox 1153 2224 1171 2244; x_wconf 78' lang='lat' dir='ltr'>a</span> 
     </span>
     <span class='ocr_line' id='line_1_18' title="bbox 160 2266 1171 2305; baseline 0 -8"><span class='ocrx_word' id='word_1_118' title='bbox 160 2267 244 2297; x_wconf 88' lang='lat' dir='ltr'>Sede</span> <span class='ocrx_word' id='word_1_119' title='bbox 260 2266 449 2305; x_wconf 84' lang='lat' dir='ltr'>Apostolica</span> <span class='ocrx_word' id='word_1_120' title='bbox 463 2267 505 2295; x_wconf 88' lang='lat' dir='ltr'>sit</span> <span class='ocrx_word' id='word_1_121' title='bbox 518 2267 684 2296; x_wconf 88' lang='lat' dir='ltr'>indultum</span> <span class='ocrx_word' id='word_1_122' title='bbox 702 2271 735 2296; x_wconf 92' lang='lat' dir='ltr'>ut</span> <span class='ocrx_word' id='word_1_123' title='bbox 753 2267 791 2296; x_wconf 86' lang='lat' dir='ltr'>de</span> <span class='ocrx_word' id='word_1_124' title='bbox 808 2267 1078 2305; x_wconf 72' lang='lat' dir='ltr'>possessionibus</span> <span class='ocrx_word' id='word_1_125' title='bbox 1095 2272 1171 2297; x_wconf 86' lang='lat' dir='ltr'>ante</span> 
     </span>
     <span class='ocr_line' id='line_1_19' title="bbox 160 2319 1171 2358; baseline -0.001 -8"><span class='ocrx_word' id='word_1_126' title='bbox 160 2319 315 2358; x_wconf 85' lang='lat' dir='ltr'>generale</span> <span class='ocrx_word' id='word_1_127' title='bbox 341 2319 520 2349; x_wconf 83' lang='lat' dir='ltr'>concilium</span> <span class='ocrx_word' id='word_1_128' title='bbox 544 2320 728 2358; x_wconf 70' lang='lat' dir='ltr'>acquisitis,</span> <span class='ocrx_word' id='word_1_129' title='bbox 750 2329 832 2358; x_wconf 83' lang='lat' dir='ltr'>quas</span> <span class='ocrx_word' id='word_1_130' title='bbox 856 2321 998 2358; x_wconf 86' lang='lat' dir='ltr'>propriis</span> <span class='ocrx_word' id='word_1_131' title='bbox 1016 2320 1171 2349; x_wconf 85' lang='lat' dir='ltr'>manibus</span> 
     </span>
     <span class='ocr_line' id='line_1_20' title="bbox 160 2373 1171 2411; baseline 0 -9"><span class='ocrx_word' id='word_1_132' title='bbox 160 2377 216 2403; x_wconf 86' lang='lat' dir='ltr'>aut</span> <span class='ocrx_word' id='word_1_133' title='bbox 231 2373 419 2411; x_wconf 83' lang='lat' dir='ltr'>sumptibus</span> <span class='ocrx_word' id='word_1_134' title='bbox 437 2373 601 2407; x_wconf 65' lang='lat' dir='ltr'>excolunt,</span> <span class='ocrx_word' id='word_1_135' title='bbox 622 2373 706 2402; x_wconf 85' lang='lat' dir='ltr'>nulli</span> <span class='ocrx_word' id='word_1_136' title='bbox 722 2373 868 2403; x_wconf 80' lang='lat' dir='ltr'>decimas</span> <span class='ocrx_word' id='word_1_137' title='bbox 887 2374 1014 2403; x_wconf 81' lang='lat' dir='ltr'>solvere</span> <span class='ocrx_word' id='word_1_138' title='bbox 1034 2379 1171 2403; x_wconf 85' lang='lat' dir='ltr'>tenean-</span> 
     </span>
     <span class='ocr_line' id='line_1_21' title="bbox 160 2426 1172 2465; baseline -0.001 -9"><span class='ocrx_word' id='word_1_139' title='bbox 160 2431 235 2456; x_wconf 85' lang='lat' dir='ltr'>tur:</span> <span class='ocrx_word' id='word_1_140' title='bbox 253 2426 398 2465; x_wconf 80' lang='lat' dir='ltr'>quidam,</span> <span class='ocrx_word' id='word_1_141' title='bbox 412 2426 477 2455; x_wconf 88' lang='lat' dir='ltr'>vim</span> <span class='ocrx_word' id='word_1_142' title='bbox 496 2431 526 2456; x_wconf 88' lang='lat' dir='ltr'>et</span> <span class='ocrx_word' id='word_1_143' title='bbox 543 2431 737 2464; x_wconf 83' lang='lat' dir='ltr'>potestatem</span> <span class='ocrx_word' id='word_1_144' title='bbox 755 2427 963 2464; x_wconf 76' lang='lat' dir='ltr'>indulgentie</span> <span class='ocrx_word' id='word_1_145' title='bbox 980 2427 1172 2465; x_wconf 87' lang='lat' dir='ltr'>hujusmodi</span> 
     </span>
     <span class='ocr_line' id='line_1_22' title="bbox 159 2479 1172 2518; baseline 0 -9"><span class='ocrx_word' id='word_1_146' title='bbox 159 2479 373 2518; x_wconf 83' lang='lat' dir='ltr'>interpretari</span> <span class='ocrx_word' id='word_1_147' title='bbox 388 2479 485 2509; x_wconf 83' lang='lat' dir='ltr'>aliter</span> <span class='ocrx_word' id='word_1_148' title='bbox 495 2488 592 2517; x_wconf 78' lang='lat' dir='ltr'>quam</span> <span class='ocrx_word' id='word_1_149' title='bbox 604 2479 727 2509; x_wconf 81' lang='lat' dir='ltr'>deceat.</span> <span class='ocrx_word' id='word_1_150' title='bbox 742 2479 928 2510; x_wconf 80' lang='lat' dir='ltr'>molientes.</span> <span class='ocrx_word' id='word_1_151' title='bbox 943 2489 980 2510; x_wconf 81' lang='lat' dir='ltr'>ex</span> <span class='ocrx_word' id='word_1_152' title='bbox 993 2489 1030 2509; x_wconf 87' lang='lat' dir='ltr'>eo</span> <span class='ocrx_word' id='word_1_153' title='bbox 1042 2484 1172 2518; x_wconf 84' lang='lat' dir='ltr'>sumpta</span> 
     </span>
     <span class='ocr_line' id='line_1_23' title="bbox 159 2532 1171 2571; baseline -0.001 -9"><span class='ocrx_word' id='word_1_154' title='bbox 159 2533 332 2562; x_wconf 80' lang='lat' dir='ltr'>occasione</span> <span class='ocrx_word' id='word_1_155' title='bbox 345 2532 525 2561; x_wconf 78' lang='lat' dir='ltr'>dumtaxat.</span> <span class='ocrx_word' id='word_1_156' title='bbox 540 2532 626 2570; x_wconf 82' lang='lat' dir='ltr'>quod</span> <span class='ocrx_word' id='word_1_157' title='bbox 638 2533 672 2561; x_wconf 92' lang='lat' dir='ltr'>in</span> <span class='ocrx_word' id='word_1_158' title='bbox 687 2533 887 2570; x_wconf 85' lang='lat' dir='ltr'>quibusdam</span> <span class='ocrx_word' id='word_1_159' title='bbox 901 2533 1171 2571; x_wconf 83' lang='lat' dir='ltr'>possessionibus</span> 
     </span>
     <span class='ocr_line' id='line_1_24' title="bbox 161 2585 1172 2624; baseline -0.002 -9"><span class='ocrx_word' id='word_1_160' title='bbox 161 2585 232 2615; x_wconf 88' lang='lat' dir='ltr'>suis</span> <span class='ocrx_word' id='word_1_161' title='bbox 253 2585 324 2614; x_wconf 87' lang='lat' dir='ltr'>loca</span> <span class='ocrx_word' id='word_1_162' title='bbox 345 2585 486 2624; x_wconf 82' lang='lat' dir='ltr'>quedam</span> <span class='ocrx_word' id='word_1_163' title='bbox 510 2591 540 2615; x_wconf 82' lang='lat' dir='ltr'>et</span> <span class='ocrx_word' id='word_1_164' title='bbox 562 2585 688 2615; x_wconf 85' lang='lat' dir='ltr'>metalli</span> <span class='ocrx_word' id='word_1_165' title='bbox 712 2585 844 2615; x_wconf 80' lang='lat' dir='ltr'>fodinas</span> <span class='ocrx_word' id='word_1_166' title='bbox 864 2585 999 2615; x_wconf 87' lang='lat' dir='ltr'>habent.</span> <span class='ocrx_word' id='word_1_167' title='bbox 1025 2595 1088 2623; x_wconf 84' lang='lat' dir='ltr'>que</span> <span class='ocrx_word' id='word_1_168' title='bbox 1109 2586 1172 2614; x_wconf 88' lang='lat' dir='ltr'>mi-</span> 
     </span>
     <span class='ocr_line' id='line_1_25' title="bbox 161 2638 1172 2676; baseline 0 -9"><span class='ocrx_word' id='word_1_169' title='bbox 161 2638 255 2668; x_wconf 87' lang='lat' dir='ltr'>nerie</span> <span class='ocrx_word' id='word_1_170' title='bbox 270 2647 306 2667; x_wconf 85' lang='lat' dir='ltr'>ac</span> <span class='ocrx_word' id='word_1_171' title='bbox 325 2638 472 2667; x_wconf 79' lang='lat' dir='ltr'>turbarie</span> <span class='ocrx_word' id='word_1_172' title='bbox 487 2638 668 2675; x_wconf 66' lang='lat' dir='ltr'>vulgariter</span> <span class='ocrx_word' id='word_1_173' title='bbox 685 2638 904 2676; x_wconf 69' lang='lat' dir='ltr'>appellantur,</span> <span class='ocrx_word' id='word_1_174' title='bbox 924 2647 1006 2676; x_wconf 86' lang='lat' dir='ltr'>quas</span> <span class='ocrx_word' id='word_1_175' title='bbox 1022 2638 1085 2675; x_wconf 90' lang='lat' dir='ltr'>ipsi</span> <span class='ocrx_word' id='word_1_176' title='bbox 1102 2647 1172 2675; x_wconf 80' lang='lat' dir='ltr'>pro-</span> 
     </span>
     <span class='ocr_line' id='line_1_26' title="bbox 161 2691 1173 2729; baseline 0 -9"><span class='ocrx_word' id='word_1_177' title='bbox 161 2691 244 2729; x_wconf 89' lang='lat' dir='ltr'>priis</span> <span class='ocrx_word' id='word_1_178' title='bbox 269 2696 422 2721; x_wconf 81' lang='lat' dir='ltr'>exercent</span> <span class='ocrx_word' id='word_1_179' title='bbox 444 2691 600 2721; x_wconf 83' lang='lat' dir='ltr'>manibus</span> <span class='ocrx_word' id='word_1_180' title='bbox 621 2697 652 2721; x_wconf 86' lang='lat' dir='ltr'>et</span> <span class='ocrx_word' id='word_1_181' title='bbox 675 2691 838 2729; x_wconf 75' lang='lat' dir='ltr'>expensis,</span> <span class='ocrx_word' id='word_1_182' title='bbox 863 2700 900 2720; x_wconf 84' lang='lat' dir='ltr'>ac</span> <span class='ocrx_word' id='word_1_183' title='bbox 921 2700 978 2729; x_wconf 89' lang='lat' dir='ltr'>per</span> <span class='ocrx_word' id='word_1_184' title='bbox 998 2691 1059 2720; x_wconf 75' lang='lat' dir='ltr'>hoc</span> <span class='ocrx_word' id='word_1_185' title='bbox 1081 2699 1173 2720; x_wconf 84' lang='lat' dir='ltr'>asse-</span> 
     </span>
     <span class='ocr_line' id='line_1_27' title="bbox 162 2744 1174 2782; baseline 0 -9"><span class='ocrx_word' id='word_1_186' title='bbox 162 2747 273 2774; x_wconf 78' lang='lat' dir='ltr'>rentes</span> <span class='ocrx_word' id='word_1_187' title='bbox 285 2744 514 2782; x_wconf 72' lang='lat' dir='ltr'>possessiones</span> <span class='ocrx_word' id='word_1_188' title='bbox 532 2744 621 2782; x_wconf 82' lang='lat' dir='ltr'>ipsas</span> <span class='ocrx_word' id='word_1_189' title='bbox 639 2753 703 2773; x_wconf 89' lang='lat' dir='ltr'>non</span> <span class='ocrx_word' id='word_1_190' title='bbox 721 2744 824 2774; x_wconf 79' lang='lat' dir='ltr'>excoli</span> <span class='ocrx_word' id='word_1_191' title='bbox 840 2744 996 2774; x_wconf 85' lang='lat' dir='ltr'>manibus</span> <span class='ocrx_word' id='word_1_192' title='bbox 1013 2753 1049 2774; x_wconf 85' lang='lat' dir='ltr'>ac</span> <span class='ocrx_word' id='word_1_193' title='bbox 1064 2753 1174 2782; x_wconf 86' lang='lat' dir='ltr'>sump-</span> 
     </span>
    </p>
   </div>
   <div class='ocr_carea' id='block_1_5' title="bbox 157 2056 619 2087">
    <p class='ocr_par' dir='ltr' id='par_1_6' title="bbox 157 2056 619 2087">
     <span class='ocr_line' id='line_1_28' title="bbox 157 2056 619 2087; baseline -0.002 -3"><span class='ocrx_word' id='word_1_194' title='bbox 157 2056 449 2084; x_wconf 70' lang='lat' dir='ltr'>Premonscmmzsis</span> <span class='ocrx_word' id='word_1_195' title='bbox 485 2056 619 2087; x_wconf 77' lang='lat' dir='ltr'>ordinis,</span> 
     </span>
    </p>
   </div>
   <div class='ocr_carea' id='block_1_6' title="bbox 163 2862 1172 2982">
    <p class='ocr_par' dir='ltr' id='par_1_7' title="bbox 163 2862 1172 2982">
     <span class='ocr_line' id='line_1_29' title="bbox 196 2862 1172 2893; baseline -0.001 -7"><span class='ocrx_word' id='word_1_196' title='bbox 196 2862 217 2886; x_wconf 86' lang='lat' dir='ltr'>t.</span> <span class='ocrx_word' id='word_1_197' title='bbox 236 2862 274 2886; x_wconf 83' lang='lat' dir='ltr'>Le</span> <span class='ocrx_word' id='word_1_198' title='bbox 300 2864 424 2893; x_wconf 70' lang='lat' dir='ltr'>Reqtstre</span> <span class='ocrx_word' id='word_1_199' title='bbox 450 2863 483 2886; x_wconf 83' lang='lat' dir='ltr'>de</span> <span class='ocrx_word' id='word_1_200' title='bbox 510 2864 535 2886; x_wconf 82' lang='lat' dir='ltr'>la</span> <span class='ocrx_word' id='word_1_201' title='bbox 561 2863 636 2887; x_wconf 80' lang='lat' dir='ltr'>XIII·</span> <span class='ocrx_word' id='word_1_202' title='bbox 655 2864 742 2886; x_wconf 72' lang='lat' dir='ltr'>annea</span> <span class='ocrx_word' id='word_1_203' title='bbox 764 2863 864 2886; x_wconf 77' lang='lat' dir='ltr'>debute</span> <span class='ocrx_word' id='word_1_204' title='bbox 892 2870 941 2893; x_wconf 90' lang='lat' dir='ltr'>par</span> <span class='ocrx_word' id='word_1_205' title='bbox 968 2869 1021 2885; x_wconf 89' lang='lat' dir='ltr'>une</span> <span class='ocrx_word' id='word_1_206' title='bbox 1048 2863 1117 2886; x_wconf 82' lang='lat' dir='ltr'>belle</span> <span class='ocrx_word' id='word_1_207' title='bbox 1146 2866 1172 2885; x_wconf 86' lang='lat' dir='ltr'>et</span> 
     </span>
     <span class='ocr_line' id='line_1_30' title="bbox 163 2906 1171 2938; baseline 0 -9"><span class='ocrx_word' id='word_1_208' title='bbox 163 2906 266 2936; x_wconf 83' lang='lat' dir='ltr'>grande</span> <span class='ocrx_word' id='word_1_209' title='bbox 283 2907 397 2935; x_wconf 84' lang='lat' dir='ltr'>initiale,</span> <span class='ocrx_word' id='word_1_210' title='bbox 419 2907 499 2931; x_wconf 85' lang='lat' dir='ltr'>bleue</span> <span class='ocrx_word' id='word_1_211' title='bbox 515 2913 538 2931; x_wconf 77' lang='lat' dir='ltr'>et</span> <span class='ocrx_word' id='word_1_212' title='bbox 557 2915 643 2938; x_wconf 80' lang='lat' dir='ltr'>rouge</span> <span class='ocrx_word' id='word_1_213' title='bbox 659 2915 707 2931; x_wconf 84' lang='lat' dir='ltr'>sur</span> <span class='ocrx_word' id='word_1_214' title='bbox 727 2907 792 2931; x_wconf 81' lang='lat' dir='ltr'>fond</span> <span class='ocrx_word' id='word_1_215' title='bbox 813 2908 900 2935; x_wconf 80' lang='lat' dir='ltr'>blane,</span> <span class='ocrx_word' id='word_1_216' title='bbox 918 2908 965 2937; x_wconf 86' lang='lat' dir='ltr'>qui</span> <span class='ocrx_word' id='word_1_217' title='bbox 987 2910 1028 2930; x_wconf 87' lang='lat' dir='ltr'>est</span> <span class='ocrx_word' id='word_1_218' title='bbox 1045 2907 1070 2929; x_wconf 84' lang='lat' dir='ltr'>la</span> <span class='ocrx_word' id='word_1_219' title='bbox 1092 2907 1171 2930; x_wconf 87' lang='lat' dir='ltr'>lettre</span> 
     </span>
     <span class='ocr_line' id='line_1_31' title="bbox 163 2950 962 2982; baseline 0.001 -9"><span class='ocrx_word' id='word_1_220' title='bbox 163 2952 184 2974; x_wconf 82' lang='lat' dir='ltr'>E</span> <span class='ocrx_word' id='word_1_221' title='bbox 198 2950 231 2973; x_wconf 85' lang='lat' dir='ltr'>de</span> <span class='ocrx_word' id='word_1_222' title='bbox 248 2957 277 2974; x_wconf 87' lang='lat' dir='ltr'>ce</span> <span class='ocrx_word' id='word_1_223' title='bbox 295 2954 349 2974; x_wconf 89' lang='lat' dir='ltr'>mot</span> <span class='ocrx_word' id='word_1_224' title='bbox 364 2953 414 2979; x_wconf 78' lang='lat' dir='ltr'>Ex,</span> <span class='ocrx_word' id='word_1_225' title='bbox 429 2952 453 2974; x_wconf 88' lang='lat' dir='ltr'>le</span> <span class='ocrx_word' id='word_1_226' title='bbox 470 2952 588 2981; x_wconf 84' lang='lat' dir='ltr'>premier</span> <span class='ocrx_word' id='word_1_227' title='bbox 604 2951 640 2975; x_wconf 89' lang='lat' dir='ltr'>du</span> <span class='ocrx_word' id='word_1_228' title='bbox 657 2958 776 2982; x_wconf 74' lang='lat' dir='ltr'>premier</span> <span class='ocrx_word' id='word_1_229' title='bbox 793 2953 962 2980; x_wconf 78' lang='lat' dir='ltr'>capitulum.</span> 
     </span>
    </p>
   </div>
   <div class='ocr_carea' id='block_1_7' title="bbox 288 3000 648 3037">
    <p class='ocr_par' dir='ltr' id='par_1_8' title="bbox 288 3000 648 3037">
     <span class='ocr_line' id='line_1_32' title="bbox 288 3000 648 3037; baseline 0.003 -6"><span class='ocrx_word' id='word_1_230' title='bbox 288 3000 475 3031; x_wconf 75' lang='lat' dir='ltr'>GREGOIRE</span> <span class='ocrx_word' id='word_1_231' title='bbox 494 3008 540 3037; x_wconf 90' lang='lat' dir='ltr'>1x,</span> <span class='ocrx_word' id='word_1_232' title='bbox 563 3012 582 3032; x_wconf 93' lang='lat' dir='ltr'>t.</span> <span class='ocrx_word' id='word_1_233' title='bbox 602 3009 648 3032; x_wconf 92' lang='lat' dir='ltr'>n1.</span> 
     </span>
    </p>
   </div>
   <div class='ocr_carea' id='block_1_8' title="bbox 1208 1787 1217 2960">
    <p class='ocr_par' dir='ltr' id='par_1_9' title="bbox 1208 1787 1217 2960">
     <span class='ocr_line' id='line_1_33' title="bbox 1208 1787 1217 2960; baseline 0 0"><span class='ocrx_word' id='word_1_234' title='bbox 1208 1787 1217 2960; x_wconf 95' lang='lat' dir='ltr'> </span> 
     </span>
    </p>
   </div>
   <div class='ocr_carea' id='block_1_9' title="bbox 1251 1443 2262 2273">
    <p class='ocr_par' dir='ltr' id='par_1_10' title="bbox 1251 1443 2262 2273">
     <span class='ocr_line' id='line_1_34' title="bbox 1252 1443 2258 1480; baseline -0.005 -4"><span class='ocrx_word' id='word_1_235' title='bbox 1252 1448 1339 1476; x_wconf 81' lang='lat' dir='ltr'>libus</span> <span class='ocrx_word' id='word_1_236' title='bbox 1356 1447 1546 1480; x_wconf 72' lang='lat' dir='ltr'>eorundem,</span> <span class='ocrx_word' id='word_1_237' title='bbox 1566 1446 1603 1475; x_wconf 85' lang='lat' dir='ltr'>de</span> <span class='ocrx_word' id='word_1_238' title='bbox 1621 1445 1773 1474; x_wconf 77' lang='lat' dir='ltr'>minei-iis</span> <span class='ocrx_word' id='word_1_239' title='bbox 1789 1454 1823 1473; x_wconf 75' lang='lat' dir='ltr'>ar</span> <span class='ocrx_word' id='word_1_240' title='bbox 1841 1444 1998 1473; x_wconf 77' lang='lat' dir='ltr'>turbariis</span> <span class='ocrx_word' id='word_1_241' title='bbox 2016 1443 2096 1480; x_wconf 83' lang='lat' dir='ltr'>ipsis</span> <span class='ocrx_word' id='word_1_242' title='bbox 2114 1443 2258 1473; x_wconf 79' lang='lat' dir='ltr'>decimas</span> 
     </span>
     <span class='ocr_line' id='line_1_35' title="bbox 1251 1496 2259 1537; baseline -0.006 -7"><span class='ocrx_word' id='word_1_243' title='bbox 1251 1501 1291 1530; x_wconf 86' lang='lat' dir='ltr'>ab</span> <span class='ocrx_word' id='word_1_244' title='bbox 1314 1501 1361 1530; x_wconf 77' lang='lat' dir='ltr'>eis</span> <span class='ocrx_word' id='word_1_245' title='bbox 1386 1501 1520 1537; x_wconf 69' lang='lat' dir='ltr'>exigunt</span> <span class='ocrx_word' id='word_1_246' title='bbox 1547 1505 1577 1528; x_wconf 74' lang='lat' dir='ltr'>et</span> <span class='ocrx_word' id='word_1_247' title='bbox 1601 1502 1809 1536; x_wconf 75' lang='lat' dir='ltr'>extorquent.</span> <span class='ocrx_word' id='word_1_248' title='bbox 1835 1498 1942 1534; x_wconf 83' lang='lat' dir='ltr'>Quare</span> <span class='ocrx_word' id='word_1_249' title='bbox 1967 1497 2061 1525; x_wconf 83' lang='lat' dir='ltr'>nobis</span> <span class='ocrx_word' id='word_1_250' title='bbox 2086 1496 2259 1525; x_wconf 85' lang='lat' dir='ltr'>humiliter</span> 
     </span>
     <span class='ocr_line' id='line_1_36' title="bbox 1251 1549 2259 1592; baseline -0.008 -9"><span class='ocrx_word' id='word_1_251' title='bbox 1251 1554 1480 1592; x_wconf 78' lang='lat' dir='ltr'>supplicarunt</span> <span class='ocrx_word' id='word_1_252' title='bbox 1503 1558 1537 1582; x_wconf 88' lang='lat' dir='ltr'>ut</span> <span class='ocrx_word' id='word_1_253' title='bbox 1557 1561 1655 1590; x_wconf 74' lang='lat' dir='ltr'>super</span> <span class='ocrx_word' id='word_1_254' title='bbox 1674 1552 1733 1580; x_wconf 80' lang='lat' dir='ltr'>hoc</span> <span class='ocrx_word' id='word_1_255' title='bbox 1754 1559 1936 1588; x_wconf 66' lang='lat' dir='ltr'>congruum</span> <span class='ocrx_word' id='word_1_256' title='bbox 1958 1549 2139 1579; x_wconf 86' lang='lat' dir='ltr'>remedium</span> <span class='ocrx_word' id='word_1_257' title='bbox 2160 1558 2259 1586; x_wconf 71' lang='lat' dir='ltr'>appo-</span> 
     </span>
     <span class='ocr_line' id='line_1_37' title="bbox 1252 1601 2261 1640; baseline -0.005 -4"><span class='ocrx_word' id='word_1_258' title='bbox 1252 1616 1329 1636; x_wconf 82' lang='lat' dir='ltr'>nere</span> <span class='ocrx_word' id='word_1_259' title='bbox 1350 1614 1555 1635; x_wconf 75' lang='lat' dir='ltr'>curaremus.</span> <span class='ocrx_word' id='word_1_260' title='bbox 1578 1604 1660 1635; x_wconf 89' lang='lat' dir='ltr'>Cum</span> <span class='ocrx_word' id='word_1_261' title='bbox 1679 1604 1782 1640; x_wconf 67' lang='lat' dir='ltr'>igitur</span> <span class='ocrx_word' id='word_1_262' title='bbox 1804 1602 1963 1632; x_wconf 81' lang='lat' dir='ltr'>beneficia</span> <span class='ocrx_word' id='word_1_263' title='bbox 1981 1601 2177 1639; x_wconf 77' lang='lat' dir='ltr'>principalia</span> <span class='ocrx_word' id='word_1_264' title='bbox 2194 1601 2261 1631; x_wconf 88' lang='lat' dir='ltr'>sint</span> 
     </span>
     <span class='ocr_line' id='line_1_38' title="bbox 1251 1653 2260 1697; baseline -0.007 -8"><span class='ocrx_word' id='word_1_265' title='bbox 1251 1659 1498 1697; x_wconf 75' lang='lat' dir='ltr'>interpretanda</span> <span class='ocrx_word' id='word_1_266' title='bbox 1515 1658 1713 1695; x_wconf 59' lang='lat' dir='ltr'>largissime.</span> <span class='ocrx_word' id='word_1_267' title='bbox 1734 1665 1803 1686; x_wconf 86' lang='lat' dir='ltr'>nos.</span> <span class='ocrx_word' id='word_1_268' title='bbox 1824 1655 1970 1684; x_wconf 78' lang='lat' dir='ltr'>volentes</span> <span class='ocrx_word' id='word_1_269' title='bbox 1987 1654 2024 1684; x_wconf 85' lang='lat' dir='ltr'>de</span> <span class='ocrx_word' id='word_1_270' title='bbox 2042 1653 2260 1690; x_wconf 70' lang='lat' dir='ltr'>indulgentiis</span> 
     </span>
     <span class='ocr_line' id='line_1_39' title="bbox 1252 1707 2261 1751; baseline -0.007 -9"><span class='ocrx_word' id='word_1_271' title='bbox 1252 1712 1441 1751; x_wconf 81' lang='lat' dir='ltr'>apostolicis</span> <span class='ocrx_word' id='word_1_272' title='bbox 1461 1711 1701 1741; x_wconf 74' lang='lat' dir='ltr'>dubitationem</span> <span class='ocrx_word' id='word_1_273' title='bbox 1720 1710 1861 1744; x_wconf 65' lang='lat' dir='ltr'>auferrey</span> <span class='ocrx_word' id='word_1_274' title='bbox 1884 1717 1947 1737; x_wconf 88' lang='lat' dir='ltr'>non</span> <span class='ocrx_word' id='word_1_275' title='bbox 1965 1707 2150 1745; x_wconf 82' lang='lat' dir='ltr'>questionis</span> <span class='ocrx_word' id='word_1_276' title='bbox 2169 1716 2261 1736; x_wconf 83' lang='lat' dir='ltr'>seru-</span> 
     </span>
     <span class='ocr_line' id='line_1_40' title="bbox 1251 1760 2259 1805; baseline -0.008 -10"><span class='ocrx_word' id='word_1_277' title='bbox 1251 1766 1364 1805; x_wconf 90' lang='lat' dir='ltr'>pulum</span> <span class='ocrx_word' id='word_1_278' title='bbox 1391 1774 1572 1795; x_wconf 72' lang='lat' dir='ltr'>reservare.</span> <span class='ocrx_word' id='word_1_279' title='bbox 1601 1763 1796 1793; x_wconf 84' lang='lat' dir='ltr'>auctoritate</span> <span class='ocrx_word' id='word_1_280' title='bbox 1823 1761 2026 1799; x_wconf 85' lang='lat' dir='ltr'>presentium</span> <span class='ocrx_word' id='word_1_281' title='bbox 2053 1760 2259 1789; x_wconf 76' lang='lat' dir='ltr'>declaramus</span> 
     </span>
     <span class='ocr_line' id='line_1_41' title="bbox 1253 1814 2260 1858; baseline -0.006 -10"><span class='ocrx_word' id='word_1_282' title='bbox 1253 1821 1396 1858; x_wconf 83' lang='lat' dir='ltr'>prefatas</span> <span class='ocrx_word' id='word_1_283' title='bbox 1416 1818 1644 1856; x_wconf 77' lang='lat' dir='ltr'>possessiones</span> <span class='ocrx_word' id='word_1_284' title='bbox 1662 1826 1734 1846; x_wconf 86' lang='lat' dir='ltr'>cum</span> <span class='ocrx_word' id='word_1_285' title='bbox 1752 1816 1904 1845; x_wconf 80' lang='lat' dir='ltr'>mineriis</span> <span class='ocrx_word' id='word_1_286' title='bbox 1922 1820 1951 1844; x_wconf 90' lang='lat' dir='ltr'>et</span> <span class='ocrx_word' id='word_1_287' title='bbox 1973 1814 2129 1843; x_wconf 84' lang='lat' dir='ltr'>turbariis</span> <span class='ocrx_word' id='word_1_288' title='bbox 2148 1823 2260 1851; x_wconf 83' lang='lat' dir='ltr'>supra-</span> 
     </span>
     <span class='ocr_line' id='line_1_42' title="bbox 1252 1866 2260 1902; baseline -0.007 -1"><span class='ocrx_word' id='word_1_289' title='bbox 1252 1873 1361 1901; x_wconf 63' lang='lat' dir='ltr'>dictis.</span> <span class='ocrx_word' id='word_1_290' title='bbox 1391 1872 1489 1901; x_wconf 81' lang='lat' dir='ltr'>rebus</span> <span class='ocrx_word' id='word_1_291' title='bbox 1513 1871 1559 1900; x_wconf 83' lang='lat' dir='ltr'>sic</span> <span class='ocrx_word' id='word_1_292' title='bbox 1585 1879 1618 1899; x_wconf 87' lang='lat' dir='ltr'>se</span> <span class='ocrx_word' id='word_1_293' title='bbox 1644 1868 1856 1902; x_wconf 78' lang='lat' dir='ltr'>habentibus,</span> <span class='ocrx_word' id='word_1_294' title='bbox 1888 1868 2050 1896; x_wconf 76' lang='lat' dir='ltr'>dictorum</span> <span class='ocrx_word' id='word_1_295' title='bbox 2077 1866 2205 1895; x_wconf 83' lang='lat' dir='ltr'>abbatis</span> <span class='ocrx_word' id='word_1_296' title='bbox 2231 1870 2260 1895; x_wconf 91' lang='lat' dir='ltr'>et</span> 
     </span>
     <span class='ocr_line' id='line_1_43' title="bbox 1252 1919 2260 1959; baseline -0.006 -6"><span class='ocrx_word' id='word_1_297' title='bbox 1252 1930 1435 1955; x_wconf 73' lang='lat' dir='ltr'>ronventus</span> <span class='ocrx_word' id='word_1_298' title='bbox 1460 1924 1614 1953; x_wconf 82' lang='lat' dir='ltr'>manibus</span> <span class='ocrx_word' id='word_1_299' title='bbox 1644 1928 1671 1952; x_wconf 83' lang='lat' dir='ltr'>et</span> <span class='ocrx_word' id='word_1_300' title='bbox 1700 1921 1888 1959; x_wconf 84' lang='lat' dir='ltr'>sumptibus</span> <span class='ocrx_word' id='word_1_301' title='bbox 1915 1920 2030 1951; x_wconf 77' lang='lat' dir='ltr'>excoli,</span> <span class='ocrx_word' id='word_1_302' title='bbox 2061 1928 2095 1948; x_wconf 78' lang='lat' dir='ltr'>ac</span> <span class='ocrx_word' id='word_1_303' title='bbox 2122 1928 2177 1956; x_wconf 87' lang='lat' dir='ltr'>per</span> <span class='ocrx_word' id='word_1_304' title='bbox 2201 1919 2260 1947; x_wconf 78' lang='lat' dir='ltr'>hoc</span> 
     </span>
     <span class='ocr_line' id='line_1_44' title="bbox 1254 1973 2261 2011; baseline -0.007 -4"><span class='ocrx_word' id='word_1_305' title='bbox 1254 1988 1316 2008; x_wconf 89' lang='lat' dir='ltr'>non</span> <span class='ocrx_word' id='word_1_306' title='bbox 1343 1987 1414 2007; x_wconf 78' lang='lat' dir='ltr'>esse</span> <span class='ocrx_word' id='word_1_307' title='bbox 1441 1978 1480 2007; x_wconf 82' lang='lat' dir='ltr'>ab</span> <span class='ocrx_word' id='word_1_308' title='bbox 1505 1978 1552 2007; x_wconf 89' lang='lat' dir='ltr'>eis</span> <span class='ocrx_word' id='word_1_309' title='bbox 1576 1976 1692 2006; x_wconf 76' lang='lat' dir='ltr'>exinde</span> <span class='ocrx_word' id='word_1_310' title='bbox 1717 1975 1862 2004; x_wconf 67' lang='lat' dir='ltr'>decimas</span> <span class='ocrx_word' id='word_1_311' title='bbox 1887 1973 2075 2011; x_wconf 65' lang='lat' dir='ltr'>exigendas.</span> <span class='ocrx_word' id='word_1_312' title='bbox 2102 1973 2261 2008; x_wconf 70' lang='lat' dir='ltr'>Quocirca</span> 
     </span>
     <span class='ocr_line' id='line_1_45' title="bbox 1253 2026 2262 2068; baseline -0.01 -8"><span class='ocrx_word' id='word_1_313' title='bbox 1253 2031 1449 2061; x_wconf 80' lang='lat' dir='ltr'>mandamus</span> <span class='ocrx_word' id='word_1_314' title='bbox 1467 2035 1631 2068; x_wconf 77' lang='lat' dir='ltr'>quatenus</span> <span class='ocrx_word' id='word_1_315' title='bbox 1654 2033 1766 2058; x_wconf 79' lang='lat' dir='ltr'>contra</span> <span class='ocrx_word' id='word_1_316' title='bbox 1785 2026 2020 2056; x_wconf 63' lang='lat' dir='ltr'>declarationis</span> <span class='ocrx_word' id='word_1_317' title='bbox 2041 2030 2150 2054; x_wconf 77' lang='lat' dir='ltr'>nostre</span> <span class='ocrx_word' id='word_1_318' title='bbox 2170 2030 2262 2054; x_wconf 76' lang='lat' dir='ltr'>teno-</span> 
     </span>
     <span class='ocr_line' id='line_1_46' title="bbox 1254 2080 2260 2121; baseline -0.009 -8"><span class='ocrx_word' id='word_1_319' title='bbox 1254 2094 1321 2114; x_wconf 87' lang='lat' dir='ltr'>rem</span> <span class='ocrx_word' id='word_1_320' title='bbox 1349 2093 1412 2113; x_wconf 89' lang='lat' dir='ltr'>non</span> <span class='ocrx_word' id='word_1_321' title='bbox 1442 2083 1641 2121; x_wconf 75' lang='lat' dir='ltr'>p·:·1-111iuatis</span> <span class='ocrx_word' id='word_1_322' title='bbox 1672 2081 1803 2111; x_wconf 81' lang='lat' dir='ltr'>eosdem</span> <span class='ocrx_word' id='word_1_323' title='bbox 1832 2080 1982 2109; x_wconf 83' lang='lat' dir='ltr'>abbatem</span> <span class='ocrx_word' id='word_1_324' title='bbox 2008 2084 2035 2108; x_wconf 82' lang='lat' dir='ltr'>et</span> <span class='ocrx_word' id='word_1_325' title='bbox 2064 2082 2260 2107; x_wconf 69' lang='lat' dir='ltr'>conventum</span> 
     </span>
     <span class='ocr_line' id='line_1_47' title="bbox 1254 2131 2259 2175; baseline -0.008 -9"><span class='ocrx_word' id='word_1_326' title='bbox 1254 2146 1352 2175; x_wconf 80' lang='lat' dir='ltr'>super</span> <span class='ocrx_word' id='word_1_327' title='bbox 1383 2137 1448 2165; x_wconf 84' lang='lat' dir='ltr'>biis</span> <span class='ocrx_word' id='word_1_328' title='bbox 1477 2137 1516 2165; x_wconf 84' lang='lat' dir='ltr'>ab</span> <span class='ocrx_word' id='word_1_329' title='bbox 1547 2135 1716 2173; x_wconf 80' lang='lat' dir='ltr'>aliquibus</span> <span class='ocrx_word' id='word_1_330' title='bbox 1744 2133 1889 2163; x_wconf 76' lang='lat' dir='ltr'>indebite</span> <span class='ocrx_word' id='word_1_331' title='bbox 1918 2131 2085 2161; x_wconf 81' lang='lat' dir='ltr'>molestari</span> <span class='ocrx_word' id='word_1_332' title='bbox 2111 2149 2159 2159; x_wconf 96' lang='lat'>—.</span> <span class='ocrx_word' id='word_1_333' title='bbox 2187 2132 2259 2160; x_wconf 83' lang='lat' dir='ltr'>Dat.</span> 
     </span>
     <span class='ocr_line' id='line_1_48' title="bbox 1256 2183 2262 2224; baseline -0.007 -6"><span class='ocrx_word' id='word_1_334' title='bbox 1256 2189 1421 2218; x_wconf 73' lang='lat' dir='ltr'>Laterani.</span> <span class='ocrx_word' id='word_1_335' title='bbox 1440 2189 1487 2218; x_wconf 76' lang='lat' dir='ltr'>XI</span> <span class='ocrx_word' id='word_1_336' title='bbox 1504 2187 1664 2217; x_wconf 81' lang='lat' dir='ltr'>kalendas</span> <span class='ocrx_word' id='word_1_337' title='bbox 1681 2186 1807 2224; x_wconf 84' lang='lat' dir='ltr'>aprilis.</span> <span class='ocrx_word' id='word_1_338' title='bbox 1827 2185 2037 2223; x_wconf 77' lang='lat' dir='ltr'>pontificatus</span> <span class='ocrx_word' id='word_1_339' title='bbox 2056 2183 2159 2213; x_wconf 89' lang='lat' dir='ltr'>nostri</span> <span class='ocrx_word' id='word_1_340' title='bbox 2177 2191 2262 2211; x_wconf 84' lang='lat' dir='ltr'>anno</span> 
     </span>
     <span class='ocr_line' id='line_1_49' title="bbox 1255 2243 1528 2273; baseline -0.007 -1"><span class='ocrx_word' id='word_1_341' title='bbox 1255 2243 1492 2273; x_wconf 70' lang='lat' dir='ltr'>tertiodecimo.</span> <span class='ocrx_word' id='word_1_342' title='bbox 1518 2255 1528 2266; x_wconf 73' lang='grc' dir='ltr'>υ</span> 
     </span>
    </p>
   </div>
   <div class='ocr_carea' id='block_1_10' title="bbox 1325 2434 2189 2470">
    <p class='ocr_par' dir='ltr' id='par_1_11' title="bbox 1325 2434 2189 2470">
     <span class='ocr_line' id='line_1_50' title="bbox 1325 2434 2189 2470; baseline -0.013 0"><span class='ocrx_word' id='word_1_343' title='bbox 1325 2442 1442 2470; x_wconf 63' lang='grc' dir='ltr'>4ἵ94</span> <span class='ocrx_word' id='word_1_344' title='bbox 1830 2437 1949 2464; x_wconf 81' lang='lat' dir='ltr'>Latrau.</span> <span class='ocrx_word' id='word_1_345' title='bbox 1967 2436 2000 2461; x_wconf 77' lang='grc'>22</span> <span class='ocrx_word' id='word_1_346' title='bbox 2018 2443 2094 2461; x_wconf 76' lang='lat' dir='ltr'>mars</span> <span class='ocrx_word' id='word_1_347' title='bbox 2112 2434 2189 2461; x_wconf 70' lang='lat'>1239.</span> 
     </span>
    </p>
   </div>
   <div class='ocr_carea' id='block_1_11' title="bbox 1253 2496 2262 2974">
    <p class='ocr_par' dir='ltr' id='par_1_12' title="bbox 1253 2496 2262 2974">
     <span class='ocr_line' id='line_1_51' title="bbox 1290 2496 2261 2536; baseline -0.01 -5"><span class='ocrx_word' id='word_1_348' title='bbox 1290 2504 1445 2533; x_wconf 75' lang='lat' dir='ltr'>Universis</span> <span class='ocrx_word' id='word_1_349' title='bbox 1460 2506 1627 2536; x_wconf 79' lang='lat' dir='ltr'>praesentes</span> <span class='ocrx_word' id='word_1_350' title='bbox 1644 2501 1758 2527; x_wconf 83' lang='lat' dir='ltr'>litteras</span> <span class='ocrx_word' id='word_1_351' title='bbox 1774 2498 1951 2532; x_wconf 71' lang='lat' dir='ltr'>inspecturis</span> <span class='ocrx_word' id='word_1_352' title='bbox 1973 2497 2117 2530; x_wconf 68' lang='lat' dir='ltr'>signifieat</span> <span class='ocrx_word' id='word_1_353' title='bbox 2135 2505 2164 2522; x_wconf 85' lang='lat' dir='ltr'>se</span> <span class='ocrx_word' id='word_1_354' title='bbox 2180 2496 2261 2522; x_wconf 90' lang='lat' dir='ltr'>divi-</span> 
     </span>
     <span class='ocr_line' id='line_1_52' title="bbox 1253 2545 2260 2587; baseline -0.011 -6"><span class='ocrx_word' id='word_1_355' title='bbox 1253 2555 1364 2581; x_wconf 76' lang='lat' dir='ltr'>sionem</span> <span class='ocrx_word' id='word_1_356' title='bbox 1384 2560 1434 2587; x_wconf 86' lang='lat' dir='ltr'>per</span> <span class='ocrx_word' id='word_1_357' title='bbox 1456 2550 1612 2579; x_wconf 74' lang='lat' dir='ltr'>cinthium</span> <span class='ocrx_word' id='word_1_358' title='bbox 1637 2549 1802 2579; x_wconf 70' lang='lat' dir='ltr'>Ciminum,</span> <span class='ocrx_word' id='word_1_359' title='bbox 1824 2547 1916 2580; x_wconf 85' lang='lat' dir='ltr'>ipsius</span> <span class='ocrx_word' id='word_1_360' title='bbox 1937 2553 2028 2579; x_wconf 86' lang='lat' dir='ltr'>papae</span> <span class='ocrx_word' id='word_1_361' title='bbox 2048 2545 2260 2571; x_wconf 84' lang='lat' dir='ltr'>subdiaconum</span> 
     </span>
     <span class='ocr_line' id='line_1_53' title="bbox 1254 2591 2260 2636; baseline -0.013 -6"><span class='ocrx_word' id='word_1_362' title='bbox 1254 2608 1281 2630; x_wconf 85' lang='lat' dir='ltr'>et</span> <span class='ocrx_word' id='word_1_363' title='bbox 1305 2602 1504 2636; x_wconf 74' lang='lat' dir='ltr'>capellanum,</span> <span class='ocrx_word' id='word_1_364' title='bbox 1528 2599 1563 2624; x_wconf 82' lang='lat' dir='ltr'>de</span> <span class='ocrx_word' id='word_1_365' title='bbox 1581 2597 1720 2624; x_wconf 76' lang='lat' dir='ltr'>mandato</span> <span class='ocrx_word' id='word_1_366' title='bbox 1741 2594 1889 2623; x_wconf 74' lang='lat' dir='ltr'>Ostiensis</span> <span class='ocrx_word' id='word_1_367' title='bbox 1905 2593 2033 2627; x_wconf 65' lang='lat' dir='ltr'>episcopi</span> <span class='ocrx_word' id='word_1_368' title='bbox 2055 2598 2081 2619; x_wconf 80' lang='lat' dir='ltr'>et</span> <span class='ocrx_word' id='word_1_369' title='bbox 2097 2591 2260 2627; x_wconf 70' lang='lat' dir='ltr'>T[homae]„</span> 
     </span>
     <span class='ocr_line' id='line_1_54' title="bbox 1254 2642 2259 2679; baseline -0.012 -1"><span class='ocrx_word' id='word_1_370' title='bbox 1254 2651 1335 2679; x_wconf 86' lang='lat' dir='ltr'>tituli</span> <span class='ocrx_word' id='word_1_371' title='bbox 1350 2651 1476 2677; x_wconf 77' lang='lat' dir='ltr'>Sanctae</span> <span class='ocrx_word' id='word_1_372' title='bbox 1490 2647 1618 2674; x_wconf 79' lang='lat' dir='ltr'>Sabinae</span> <span class='ocrx_word' id='word_1_373' title='bbox 1630 2644 1793 2679; x_wconf 65' lang='lat' dir='ltr'>presbyteri</span> <span class='ocrx_word' id='word_1_374' title='bbox 1809 2642 1981 2673; x_wconf 77' lang='lat' dir='ltr'>cardinalis,</span> <span class='ocrx_word' id='word_1_375' title='bbox 1997 2642 2075 2668; x_wconf 81' lang='lat' dir='ltr'>inter</span> <span class='ocrx_word' id='word_1_376' title='bbox 2086 2644 2259 2675; x_wconf 80' lang='lat' dir='ltr'>potestaten]</span> 
     </span>
     <span class='ocr_line' id='line_1_55' title="bbox 1254 2691 2261 2729; baseline -0.013 -2"><span class='ocrx_word' id='word_1_377' title='bbox 1254 2704 1281 2727; x_wconf 86' lang='lat' dir='ltr'>et</span> <span class='ocrx_word' id='word_1_378' title='bbox 1299 2706 1454 2726; x_wconf 84' lang='lat' dir='ltr'>commune</span> <span class='ocrx_word' id='word_1_379' title='bbox 1473 2695 1657 2729; x_wconf 71' lang='lat' dir='ltr'>Anagninos,</span> <span class='ocrx_word' id='word_1_380' title='bbox 1674 2701 1709 2720; x_wconf 75' lang='lat' dir='ltr'>ex</span> <span class='ocrx_word' id='word_1_381' title='bbox 1732 2700 1790 2719; x_wconf 83' lang='lat' dir='ltr'>una</span> <span class='ocrx_word' id='word_1_382' title='bbox 1813 2695 1905 2726; x_wconf 83' lang='lat' dir='ltr'>parte,</span> <span class='ocrx_word' id='word_1_383' title='bbox 1929 2694 1957 2717; x_wconf 83' lang='lat' dir='ltr'>et</span> <span class='ocrx_word' id='word_1_384' title='bbox 1978 2691 2110 2716; x_wconf 78' lang='lat' dir='ltr'>consules</span> <span class='ocrx_word' id='word_1_385' title='bbox 2131 2698 2163 2716; x_wconf 87' lang='lat' dir='ltr'>ac</span> <span class='ocrx_word' id='word_1_386' title='bbox 2183 2698 2261 2715; x_wconf 84' lang='lat' dir='ltr'>com-</span> 
     </span>
     <span class='ocr_line' id='line_1_56' title="bbox 1254 2738 2262 2775; baseline -0.012 0"><span class='ocrx_word' id='word_1_387' title='bbox 1254 2757 1344 2775; x_wconf 91' lang='lat' dir='ltr'>mune</span> <span class='ocrx_word' id='word_1_388' title='bbox 1360 2745 1576 2775; x_wconf 80' lang='lat' dir='ltr'>Ferentinates,</span> <span class='ocrx_word' id='word_1_389' title='bbox 1590 2751 1624 2769; x_wconf 81' lang='lat' dir='ltr'>ex</span> <span class='ocrx_word' id='word_1_390' title='bbox 1637 2743 1740 2772; x_wconf 81' lang='lat' dir='ltr'>altera,</span> <span class='ocrx_word' id='word_1_391' title='bbox 1753 2749 1840 2774; x_wconf 82' lang='lat' dir='ltr'>super</span> <span class='ocrx_word' id='word_1_392' title='bbox 1852 2739 1976 2774; x_wconf 82' lang='lat' dir='ltr'>quodam</span> <span class='ocrx_word' id='word_1_393' title='bbox 1991 2739 2166 2770; x_wconf 83' lang='lat' dir='ltr'>tenimento,</span> <span class='ocrx_word' id='word_1_394' title='bbox 2179 2738 2262 2771; x_wconf 83' lang='lat' dir='ltr'>eujus</span> 
     </span>
     <span class='ocr_line' id='line_1_57' title="bbox 1253 2786 2262 2825; baseline -0.013 -2"><span class='ocrx_word' id='word_1_395' title='bbox 1253 2796 1405 2823; x_wconf 84' lang='lat' dir='ltr'>occasione</span> <span class='ocrx_word' id='word_1_396' title='bbox 1422 2792 1583 2820; x_wconf 84' lang='lat' dir='ltr'>interillos</span> <span class='ocrx_word' id='word_1_397' title='bbox 1599 2790 1697 2825; x_wconf 76' lang='lat' dir='ltr'>gravis</span> <span class='ocrx_word' id='word_1_398' title='bbox 1718 2789 1787 2816; x_wconf 87' lang='lat' dir='ltr'>olim</span> <span class='ocrx_word' id='word_1_399' title='bbox 1812 2787 1935 2814; x_wconf 83' lang='lat' dir='ltr'>materia</span> <span class='ocrx_word' id='word_1_400' title='bbox 1959 2786 2138 2820; x_wconf 80' lang='lat' dir='ltr'>quaestionis</span> <span class='ocrx_word' id='word_1_401' title='bbox 2162 2788 2262 2811; x_wconf 79' lang='lat' dir='ltr'>exorta</span> 
     </span>
     <span class='ocr_line' id='line_1_58' title="bbox 1254 2835 2261 2876; baseline -0.014 -4"><span class='ocrx_word' id='word_1_402' title='bbox 1254 2847 1360 2876; x_wconf 77' lang='lat' dir='ltr'>fuerat.</span> <span class='ocrx_word' id='word_1_403' title='bbox 1375 2842 1552 2870; x_wconf 80' lang='lat' dir='ltr'>auctoritate</span> <span class='ocrx_word' id='word_1_404' title='bbox 1568 2838 1728 2873; x_wconf 84' lang='lat' dir='ltr'>apostolica</span> <span class='ocrx_word' id='word_1_405' title='bbox 1749 2839 1869 2868; x_wconf 77' lang='lat' dir='ltr'>factam,</span> <span class='ocrx_word' id='word_1_406' title='bbox 1892 2840 1985 2862; x_wconf 82' lang='lat' dir='ltr'>ratam</span> <span class='ocrx_word' id='word_1_407' title='bbox 2010 2835 2127 2865; x_wconf 83' lang='lat' dir='ltr'>habere,</span> <span class='ocrx_word' id='word_1_408' title='bbox 2151 2838 2177 2860; x_wconf 80' lang='lat' dir='ltr'>et</span> <span class='ocrx_word' id='word_1_409' title='bbox 2202 2838 2261 2859; x_wconf 84' lang='lat' dir='ltr'>sta-</span> 
     </span>
     <span class='ocr_line' id='line_1_59' title="bbox 1254 2882 2261 2923; baseline -0.013 -3"><span class='ocrx_word' id='word_1_410' title='bbox 1254 2898 1335 2921; x_wconf 88' lang='lat' dir='ltr'>tuere</span> <span class='ocrx_word' id='word_1_411' title='bbox 1351 2895 1394 2923; x_wconf 92' lang='lat' dir='ltr'>ut,</span> <span class='ocrx_word' id='word_1_412' title='bbox 1413 2890 1466 2917; x_wconf 90' lang='lat' dir='ltr'>sub</span> <span class='ocrx_word' id='word_1_413' title='bbox 1481 2897 1573 2923; x_wconf 84' lang='lat' dir='ltr'>poena</span> <span class='ocrx_word' id='word_1_414' title='bbox 1590 2888 1673 2914; x_wconf 87' lang='lat' dir='ltr'>mille</span> <span class='ocrx_word' id='word_1_415' title='bbox 1691 2886 1846 2917; x_wconf 81' lang='lat' dir='ltr'>librarum,</span> <span class='ocrx_word' id='word_1_416' title='bbox 1866 2884 1897 2911; x_wconf 87' lang='lat' dir='ltr'>in</span> <span class='ocrx_word' id='word_1_417' title='bbox 1919 2887 2018 2910; x_wconf 88' lang='lat' dir='ltr'>monte</span> <span class='ocrx_word' id='word_1_418' title='bbox 2034 2883 2069 2909; x_wconf 91' lang='lat' dir='ltr'>de</span> <span class='ocrx_word' id='word_1_419' title='bbox 2086 2883 2177 2909; x_wconf 82' lang='lat' dir='ltr'>Gravi</span> <span class='ocrx_word' id='word_1_420' title='bbox 2195 2882 2261 2908; x_wconf 91' lang='lat' dir='ltr'>nul-</span> 
     </span>
     <span class='ocr_line' id='line_1_60' title="bbox 1253 2930 2261 2974; baseline -0.014 -5"><span class='ocrx_word' id='word_1_421' title='bbox 1253 2945 1315 2970; x_wconf 85' lang='lat' dir='ltr'>lum</span> <span class='ocrx_word' id='word_1_422' title='bbox 1332 2941 1361 2967; x_wconf 92' lang='lat' dir='ltr'>in</span> <span class='ocrx_word' id='word_1_423' title='bbox 1380 2942 1552 2974; x_wconf 83' lang='lat' dir='ltr'>perpetuum</span> <span class='ocrx_word' id='word_1_424' title='bbox 1568 2945 1584 2963; x_wconf 88' lang='lat' dir='ltr'>a</span> <span class='ocrx_word' id='word_1_425' title='bbox 1598 2934 1839 2963; x_wconf 85' lang='lat' dir='ltr'>Ferentinatibus</span> <span class='ocrx_word' id='word_1_426' title='bbox 1853 2934 1931 2959; x_wconf 79' lang='lat' dir='ltr'>vela</span> <span class='ocrx_word' id='word_1_427' title='bbox 1942 2932 2176 2966; x_wconf 81' lang='lat' dir='ltr'>quibuscumque</span> <span class='ocrx_word' id='word_1_428' title='bbox 2192 2930 2261 2956; x_wconf 85' lang='lat' dir='ltr'>aliis</span> 
     </span>
    </p>
   </div>
   <div class='ocr_carea' id='block_1_12' title="bbox 2130 2991 2137 3014">
    <p class='ocr_par' dir='ltr' id='par_1_13' title="bbox 2130 2991 2137 3014">
     <span class='ocr_line' id='line_1_61' title="bbox 2130 2991 2137 3014; baseline 0 0"><span class='ocrx_word' id='word_1_429' title='bbox 2130 2991 2137 3014; x_wconf 89' lang='lat' dir='ltr'>l</span> 
     </span>
    </p>
   </div>
  </div>
 </body>
</html>
