2553 3526
281 283 337 311 475
1006 266 1245 300 Raoisrnsss
1267 264 1322 294 DE
1345 257 1567 295 GREGOIRE
1591 265 1649 295 1x.
2312 255 2376 294 ’476

282 347 481 375 Nidrosicnsis
506 344 661 375 1110000515,
684 342 773 377 priori
795 339 951 368 Holmensi
973 342 1017 370 (z
1033 337 1068 363 de
1084 333 1286 364 Nidarholm),

283 397 377 425 sam-ti
394 394 548 422 Benedicti
563 393 686 421 ordinis,
701 391 831 424 ejusdem
847 388 998 418 dioecesis,
1015 390 1043 412 et
1057 384 1147 419 priori
1162 385 1286 408 fratrum

284 446 523 474 Praedicatorum
538 441 721 468 Nidrosicnsi
737 439 857 465 mandat
873 440 1017 471 quatenus
1030 435 1066 460 (le
1078 433 1141 459 vita
1155 434 1183 458 et
1197 430 1288 457 mira—

284 495 358 522 culis
372 492 542 527 Augustini.
558 489 760 517 Nidrosiensis
773 484 999 520 archiepiscopi,
1016 483 1175 515 diligenter
1188 478 1289 512 inqui-

285 549 362 572 rant,
377 546 403 569 et
419 550 492 575 quac
509 538 689 566 invenerint,
705 536 761 570 ipsi
779 543 870 569 papae
887 541 936 567 per
952 532 1066 558 litteras
1082 537 1148 556 suas
1163 527 1290 554 fideliter

287 593 438 619 intiment.
462 604 491 607 —
513 589 599 619 (Rs-o.
617 586 660 612 20.
679 588 697 612 f.
715 585 748 611 69
765 589 804 615 r⁰;
822 591 891 609 ann.
908 582 976 613 XV,
994 589 1018 606 c.
1036 579 1088 611 32;
1108 593 1139 596 -
1156 577 1289 603 Monam

285 642 364 668 1193.
384 642 402 666 t'.
417 639 480 670 281,
495 638 598 669 parum
616 643 649 660 ox
668 634 844 663 RAvaLom
862 645 893 649 -
908 631 1064 657 Porrimsr
1079 626 1188 656 11005.)

328 754 339 765 ι(
361 763 380 768 ..
398 739 496 767 almam·
513 736 682 766 Tuzzlrensi,
700 732 917 763 cisterciensis,
934 735 959 758 et
977 752 996 757 ..
1011 727 1175 758 Holnzensi.
1194 726 1293 754 sancti

286 793 445 823 Benedicti.
463 789 667 819 Nidrosiensis
683 786 818 819 diocesis,
835 789 859 812 el
878 806 897 811 ..
911 784 1046 819 fratrum
1065 780 1291 809 Prodicatorum

286 841 566 882 Nida-ossen[sium]
592 841 747 873 ordinum,
769 837 933 875 prioribus.
960 835 1004 865 Ut
1026 832 1124 862 corda
1146 831 1294 871 fidelium

286 916 335 926 -.
354 899 426 927 Dat.
446 894 610 928 Laterani7
630 893 695 922 XII
716 889 874 920 kalendas
897 887 988 921 maii,
1010 894 1096 915 anuo
1119 882 1295 923 quintode-

287 952 383 981 cimo.
407 962 418 975 n

359 1108 476 1135 5985
861 1100 983 1129 Latran,
1005 1097 1038 1124 16
1053 1096 1130 1124 avril
1147 1095 1225 1122 1241.

326 1170 442 1197 Docano
462 1172 489 1195 et
509 1166 621 1194 cantori
643 1163 812 1192 Bisunt-inis
836 1160 1060 1195 inquisitionem
1079 1157 1242 1185 committit
1258 1157 1298 1183 fa-

290 1220 425 1247 cien-‚lam
443 1226 529 1251 super
542 1215 667 1250 quadam
685 1212 898 1247 compositione
914 1218 987 1244 quae
1003 1209 1081 1235 inter
1092 1207 1297 1238 Leodiensem,

291 1274 362 1296 tunc
383 1267 611 1300 Lingonensem,
634 1263 816 1296 episcopum,
840 1267 875 1285 ex
901 1261 983 1293 parte
1003 1265 1076 1288 una,
1100 1259 1127 1283 et
1152 1255 1296 1282 decanum

291 1317 514 1351 capitulumque
530 1311 726 1346 Lingonensis
742 1309 893 1340 ecclesiae,
913 1315 947 1333 ex
964 1307 1067 1337 altera,
1085 1305 1298 1336 intervenerat,

291 1367 327 1392 de
346 1364 503 1392 collatione
519 1366 547 1388 et
563 1360 741 1387 investitura
759 1356 991 1392 praebendarum
1009 1355 1039 1381 in
1056 1354 1157 1380 eadem
1175 1352 1300 1379 ecclesia

292 1412 473 1448 Lingonensi
487 1410 670 1437 vacantium.
686 1422 718 1426 —
732 1408 819 1438 (1150,-
834 1405 878 1437 20‚
894 1405 913 1430 f.
929 1404 962 1430 69
974 1406 1019 1435 v⁰;
1034 1411 1104 1429 ann.
1119 1402 1188 1433 XV,
1203 1410 1227 1427 c.
1243 1401 1299 1431 33.)

336 1529 348 1542 ι(
367 1515 512 1544 ..decano
526 1518 551 1541 et
570 1535 589 1540 ..
607 1511 728 1540 cantori
744 1508 930 1537 Bisunlinis.
944 1505 1043 1539 Olim,
1059 1503 1227 1533 intellecto
1244 1511 1301 1540 per

294 1567 518 1599 venerabilem
534 1566 670 1594 fratrem
688 1566 837 1592 nostrum
852 1584 871 1589 ..
885 1559 1114 1592 Leodiensem,
1128 1561 1205 1586 tunc
1222 1556 1302 1585 Lin-

296 1629 487 1660 gonensem,
511 1618 720 1656 episcopuml
741 1614 827 1654 quod
852 1614 891 1643 ad
914 1613 1022 1651 ipsum
1046 1615 1077 1641 et
1101 1610 1142 1640 ad
1164 1609 1302 1640 dilectos

297 1675 382 1704 111105
411 1698 436 1702 ..
465 1672 625 1702 decanum
651 1674 681 1699 et
709 1667 891 1706 capitulum
916 1663 1138 1702 Lingonensis
1164 1662 1303 1693 ecclesie

296 1726 515 1757 communiter
539 1722 725 1762 pertinebat
748 1720 879 1750 collatio
903 1718 1091 1748 vacantium
1115 1716 1201 1746 inibi
1229 1724 1304 1753 pre-

297 1779 495 1810 bendarum.
520 1782 551 1806 et
573 1776 660 1805 idem
684 1774 856 1812 episcopus
881 1781 980 1810 super
1000 1771 1062 1800 hoc
1083 1770 1225 1808 primam
1248 1777 1304 1798 vo-

298 1842 367 1863 cem
386 1836 415 1861 et
431 1829 664 1860 investituram
684 1835 807 1857 earum,
833 1824 940 1864 quoad
957 1822 1156 1861 spiritualia,
1174 1821 1304 1850 obtine-

299 1886 351 1915 bat
370 1895 376 1913 :
396 1893 466 1918 1105,
485 1883 671 1913 animarum
689 1885 718 1910 et
736 1879 823 1909 alia‘2
839 1876 986 1916 pericula
1003 1884 1066 1914 que
1082 1874 1160 1904 inde
1177 1873 1305 1912 possint

298 1939 500 1975 contingere,
530 1934 726 1974 propensius
754 1931 977 1962 attendentes.
1007 1934 1037 1959 et
1063 1928 1126 1967 ipsi
1153 1928 1305 1966 episcopo

299 1992 437 2030 gratiam
457 1990 603 2020 volentes
623 1989 730 2017 lacere
750 1985 938 2024 specialem,
959 1983 998 2014 de
1017 1983 1156 2012 fratrum
1177 1985 1306 2011 nostro-

299 2055 371 2075 rum
397 2043 536 2073 consilio
562 2041 716 2071 duximus
742 2037 954 2069 statuendum
981 2041 1031 2070 111ἲ
1062 2044 1127 2064 11011
1154 2034 1305 2064 obstante

301 2097 465 2128 contraria
489 2093 728 2125 cousuetudine
753 2091 803 2121 vel
826 2095 958 2125 statuto,
985 2089 1083 2119 etiam
1106 2088 1134 2118 si
1156 2096 1192 2117 ea
1212 2087 1306 2126 jura-

300 2156 410 2180 mento
437 2158 495 2179 seu
523 2154 730 2186 quacumque
756 2144 821 2174 alia
847 2148 957 2173 essent
983 2142 1139 2171 firmitate
1166 2140 1302 2175 vallata,

300 2204 351 2234 vel
370 2204 397 2233 si
413 2203 512 2232 etiam
534 2199 737 2230 contrarium
755 2199 838 2227 soret
859 2196 1036 2229 indultum,
1056 2195 1203 2232 prefatus
1219 2193 1307 2231 epis-

301 2267 401 2295 copus
424 2261 453 2285 01
480 2261 688 2284 successores
712 2251 818 2290 ipsius
842 2250 981 2279 liberam
1005 2247 1253 2278 concessionem
1277 2251 1308 2276 et

302 2310 545 2340 investituram.
565 2312 630 2336 tam
647 2307 680 2335 in
700 2303 931 2343 spiritualibus
948 2310 1046 2340 quam
1063 2301 1097 2330 in
1119 2299 1308 2338 temporali-

302 2365 373 2393 bus.
392 2362 553 2391 haberent
576 2360 613 2389 de
631 2358 759 2388 duabus
781 2356 1039 2395 prescriptarum
1061 2353 1210 2392 partibus
1234 2361 1308 2390 pre-

301 2416 499 2449 bendarum,
534 2412 747 2442 concessione
778 2419 814 2440 ac
846 2408 1045 2438 investitura
1079 2406 1173 2436 tertie
1205 2405 1308 2444 partis

302 2478 414 2500 earum
432 2468 554 2497 decano
572 2471 601 2496 et
616 2464 759 2503 capitulo
772 2461 963 2493 memoratis
975 2460 1080 2490 libera
1096 2463 1306 2492 remanente3

301 2522 346 2551 ita
364 2521 449 2559 quod
462 2529 517 2558 per
531 2519 655 2548 dictum
667 2517 857 2555 episcopum
869 2519 900 2545 et
914 2521 1123 2544 successores
1138 2520 1215 2541 suos
1227 2519 1309 2540 50111-

302 2584 358 2613 per
374 2574 436 2603 due
452 2573 556 2611 prime
573 2570 748 2609 prebende,
768 2573 797 2598 et
821 2577 878 2606 per
898 2567 1059 2597 decanum
1081 2570 1112 2595 et
1128 2563 1309 2602 capitulum

301 2627 479 2666 prelibatos
494 2625 735 2662 subsequenter
747 2621 844 2651 tertia
856 2620 1099 2650 conferrentur.
1109 2618 1222 2655 Nuper
1234 2625 1310 2646 vero

303 2690 338 2710 ex
364 2684 453 2718 parte
482 2678 644 2707 dictorum
669 2675 785 2705 decani
808 2678 837 2704 01
863 2671 999 2711 capituli
1022 2671 1085 2701 fuit
1106 2670 1309 2709 propositum

303 2742 411 2764 coram
429 2732 523 2761 nobis
541 2730 636 2769 quod,
653 2734 723 2759 orta
740 2733 871 2766 propter
891 2727 952 2756 hoc
968 2725 1060 2763 gravi
1077 2723 1241 2754 discordia
1257 2722 1310 2751 in-

305 2792 353 2817 ter
371 2787 471 2824 ipsos.
493 2794 528 2814 cx
551 2788 641 2822 parte
663 2792 737 2818 una,
759 2786 789 2811 et-
810 2781 1001 2819 episcopum
1022 2782 1253 2813 memoratum,
1273 2785 1309 2806 ex

336 2907 355 2930 1.
376 2906 416 2930 Cf.
434 2912 529 2933 supra.
547 2911 572 2926 n.
589 2903 658 2931 5273,
674 2903 734 2926 5275
750 2904 776 2925 et
792 2901 861 2925 5276.

332 2951 356 2974 2.
375 2952 425 2973 MS.
443 2959 448 2972 :
465 2950 591 2972 aliarum.

1370 329 1483 365 altera,
1501 331 1632 361 tandem
1653 332 1717 361 suit
1735 331 1956 361 amicabiliter
1974 330 2189 368 compositum
2207 330 2305 369 quod,
2322 330 2377 359 die

1370 392 1468 421 quam
1487 383 1575 413 idem
1597 383 1778 422 capitulum
1799 384 1839 413 ad
1861 383 2071 413 collationem
2091 383 2266 421 prebende,
2290 382 2379 412 sicut

1370 436 1472 465 moris
1484 440 1544 466 est.
1557 437 1690 467 duceret
1705 437 1950 474 assignandam,
1966 436 2053 466 idem
2065 436 2248 474 episcopus,
2264 444 2377 474 quam·

1370 488 1427 518 diu
1443 489 1579 524 viveret,
1599 498 1658 519 suo
1675 494 1704 519 et
1718 489 1855 528 capituli
1871 489 2015 523 nomine,
2028 489 2194 519 conferret
2209 488 2290 518 duas
2307 497 2380 526 par-

1373 545 1420 570 tes
1443 541 1684 579 prebendarum
1709 542 1897 572 vacantium
1918 541 2070 580 personis
2090 541 2219 571 idoneis
2244 541 2283 570 de
2307 541 2379 570 dio-

1372 594 1439 623 cesi
1477 594 1692 632 Lingonensi,
1724 595 1883 634 quamdiu
1914 599 2049 633 possent
2079 594 2203 624 ibidem
2240 602 2380 632 persone

1372 646 1490 677 idonee
1513 648 1686 686 repperiri,
1709 648 1805 678 tertia
1828 657 1885 686 per
1910 647 2091 686 capitulum
2116 646 2327 681 conserenda,
2349 649 2383 675 et

1375 699 1548 738 episcopus
1564 701 1602 731 de
1619 700 1860 739 spiritualibus,
1881 700 2025 730 decanus
2041 709 2117 730 vero
2135 700 2174 730 de
2191 698 2382 737 temporali-

1375 751 1436 782 bus
1448 752 1663 788 1111051110111ς
1677 753 1802 792 adjecto
1814 753 1901 791 quod
1911 753 1998 783 idem
2012 753 2185 791 episcopus
2197 761 2262 782 non
2275 752 2381 782 solum

1378 806 1467 846 [non]
1491 806 1667 844 impediret
1689 806 1770 845 quin
1794 815 2024 836 revocaremus
2047 806 2187 844 gratiam
2211 805 2384 844 supradic-

1378 864 1454 894 tam,
1477 859 1535 889 sed
1555 868 1612 897 pro
1633 868 1671 889 ea
1691 859 1875 889 revocanda
1895 859 2072 897 specialem
2091 859 2130 888 ad
2150 868 2209 888 nos
2228 858 2384 888 nuntium

1378 912 1571 943 destinaret.
1595 912 1690 943 Unde
1717 912 1812 942 nobis
1837 921 1875 942 ex
1899 917 1991 951 parte
2013 912 2175 942 dictorum
2199 912 2314 942 decani
2341 911 2386 951 [et

1378 965 1529 1004 capituli]
1545 965 1608 995 fuit
1621 965 1794 995 humiliter
1805 965 2026 1004 supplicatum
2040 970 2086 1001 ut,
2100 975 2300 1005 quamquam
2317 974 2388 1004 pre-

1379 1019 1468 1048 fatus
1484 1019 1658 1056 episcopus
1677 1018 1762 1056 apud
1784 1027 1843 1048 nos
1866 1027 1924 1056 pro
1945 1019 2154 1048 revocatione
2176 1018 2261 1048 dicte
2281 1018 2387 1056 gratie

1380 1081 1445 1101 non
1473 1072 1619 1102 insistat.
1647 1076 1742 1109 prout
1768 1071 1831 1101 fuit
1855 1071 1889 1100 in
1917 1071 2156 1109 compositione
2185 1071 2386 1106 condictum,

1381 1133 1453 1154 cum
1471 1134 1531 1154 sua
1548 1133 1612 1154 non
1632 1124 1775 1154 intersit.
1793 1133 1851 1162 pro
1872 1133 1909 1154 eo
1930 1124 2017 1162 quod
2033 1124 2073 1154 ad
2091 1124 2190 1154 aliam
2213 1124 2389 1155 ecclesiam

1382 1182 1429 1207 est
1457 1177 1649 1207 translatus.
1674 1186 1828 1207 revocare
1851 1177 2031 1215 predictam
2055 1178 2195 1215 gratiam
2218 1182 2248 1208 et
2268 1177 2389 1207 confir-

1382 1240 1471 1260 mare
1489 1231 1761 1268 compositionem
1778 1230 1969 1268 hujusmodi
1989 1239 2191 1260 curaremus.
2212 1231 2297 1267 Quia
2313 1239 2391 1260 vero

1384 1283 1478 1313 nobis
1499 1292 1564 1313 non
1586 1284 1734 1313 constitit
1757 1283 1795 1313 de
1816 1283 2026 1322 pre[missis].
2051 1283 2244 1313 discretioni
2269 1287 2388 1317 vestre,

1382 1337 1421 1367 de
1436 1346 1502 1375 qua
1517 1336 1647 1374 plenam
1662 1337 1695 1366 in
1713 1337 1854 1366 Domino
1873 1337 2026 1366 fiduciam
2044 1336 2203 1374 gerimus,
2221 1345 2278 1374 per
2295 1345 2392 1374 apos-

1384 1389 1481 1420 tolica
1493 1390 1614 1428 scripta
1626 1389 1822 1419 mandamus
1835 1394 2010 1428 quatenus,
2025 1390 2244 1428 personaliter
2260 1390 2299 1419 ad
2316 1390 2391 1419 Lin-

1383 1452 1563 1481 gonensem
1586 1442 1758 1472 ecclesiam
1787 1442 1980 1472 accedentes
2003 1447 2034 1472 et
2060 1443 2270 1481 inquirentes
2293 1451 2394 1481 super

1384 1495 1450 1525 hiis
1468 1495 1599 1533 plenius
1617 1495 1800 1530 veritatem,
1818 1505 1881 1534 que
1900 1496 2110 1530 inveneritis,
2130 1496 2226 1526 nobis
2246 1505 2303 1534 per
2318 1505 2393 1526 ves-

1387 1554 1452 1578 tras
1469 1548 1597 1578 litteras
1614 1548 1756 1578 fideliter
1772 1549 1947 1583 intimetis,
1964 1554 2009 1578 ut.
2027 1557 2084 1587 per
2101 1553 2243 1579 vestram
2261 1549 2396 1579 relatio-

1386 1610 1460 1631 nem
1489 1601 1656 1630 instructi.
1684 1610 1782 1639 super
1806 1601 1867 1630 hoc
1893 1601 2056 1636 securius9
2083 1605 2216 1632 auctore
2240 1601 2391 1638 Domino,

1386 1654 1615 1692 procedamus.
1639 1655 1712 1683 Dat.
1732 1654 1900 1688 Laterani,
1922 1654 2000 1684 XVI
2018 1654 2177 1684 kalendas
2196 1655 2287 1689 maii,
2309 1663 2396 1685 anno

1387 1707 1644 1745 quintodecimo.
1667 1719 1680 1733 ι)

1458 1881 1576 1909 5986
1969 1881 2091 1913 Latrau,
2105 1881 2138 1908 2⁴
2152 1882 2229 1909 avril
2245 1882 2324 1909 1241.

1424 1943 1568 1978 Episcopo
1590 1943 1729 1973 Vicensi,
1750 1943 1851 1970 abbati
1876 1943 1979 1970 Sancti
2002 1943 2084 1970 Petri
2104 1944 2140 1970 de
2161 1944 2257 1977 Rosis,
2281 1944 2398 1972 Gerun-

1388 1992 1488 2018 densis
1501 1992 1653 2023 dioecesis,
1669 1996 1695 2018 et
1710 1992 1851 2018 sacristae
1867 1992 2053 2019 Gerundensi
2069 1993 2128 2019 late
2143 1993 2247 2019 scribit
2261 1993 2298 2020 de
2313 2002 2399 2028 nego-

1389 2041 1430 2068 tio
1452 2041 1608 2068 Benedicti
1632 2041 1667 2067 de
1691 2041 1905 2068 Roccabertina
1931 2043 1976 2073 (z
1999 2042 2184 2074 Rocaverti),
2210 2042 2346 2069 canonici
2368 2046 2399 2070 et

1388 2090 1459 2116 olim
1481 2089 1637 2116 camerarii
1658 2089 1901 2122 Terraconensis,
1923 2098 2009 2123 quem
2034 2090 2273 2125 archiepiscopus
2292 2090 2399 2118 Terra-

1389 2138 1524 2164 conensis
1545 2138 1756 2172 multipliciter
1775 2138 1913 2168 vexabat,
1934 2138 2086 2165 occasione
2106 2147 2210 2166 causae
2230 2148 2304 2174 qnae
2323 2140 2395 2167 olim

1389 2187 1467 2213 inter
1482 2187 1607 2213 eundem
1621 2187 1818 2214 Benedictum
1839 2190 1867 2214 et
1887 2187 2074 2214 Bernardum
2090 2187 2126 2214 de
2142 2189 2243 2215 Belloc
2258 2190 2303 2220 (=
2315 2190 2399 2216 Bell-

1390 2236 1482 2267 Lloc),
1499 2236 1726 2262 Terraconensis
1743 2236 1895 2267 dioecesis,
1918 2238 1997 2262 mota
2017 2239 2090 2269 erat,
2111 2245 2197 2271 super
2217 2238 2400 2272 possessione

1390 2285 1479 2311 cast-ri
1496 2284 1531 2310 de
1548 2284 1654 2316 Redis;
1676 2285 1706 2310 in
1729 2293 1785 2318 qua
1805 2293 1893 2311 causa
1911 2285 2079 2319 praedictus
2095 2286 2335 2321 archiepiscopus
2351 2290 2399 2314 tu-

1392 2334 1465 2360 lerat
1479 2333 1558 2360 inter
1571 2336 1668 2367 partes
1682 2333 1840 2360 arbitrium
1853 2342 1858 2366 ;
1873 2336 1975 2360 contra
1989 2334 2065 2367 quod
2080 2334 2142 2368 ipse
2153 2338 2254 2369 postea
2263 2336 2400 2368 veniens,

1391 2383 1510 2410 demum
1522 2404 1528 2412 .
1550 2382 1626 2409 inter
1641 2383 1701 2409 alia
1717 2383 1908 2417 gravamina,
1930 2383 2123 2410 camerariam
2141 2384 2285 2418 praedicti
2303 2385 2400 2412 Bene-

1392 2432 1480 2465 dieti,
1502 2433 1538 2459 ad
1561 2433 1667 2459 §edem
1686 2432 1885 2466 Apostolicam
1908 2433 2105 2466 appellantis,
2126 2433 2178 2459 alii
2200 2437 2402 2467 concesserat;

1392 2482 1470 2508 unde
1490 2481 1532 2508 eis
1554 2481 1675 2508 mandat
1692 2484 1852 2515 quatenus,
1874 2481 1898 2507 si
1920 2481 2263 2508 excommunicationum
2281 2485 2401 2509 senten-

1393 2531 1449 2557 tias
1465 2530 1501 2556 ab
1517 2530 1617 2557 eodem
1639 2530 1860 2564 archiepiscopo
1877 2530 1906 2556 in
1924 2530 2109 2563 praedictum
2129 2530 2326 2558 Benedictum
2347 2531 2403 2558 illa

1392 2579 1543 2605 occasione
1562 2579 1747 2610 inhumatas,
1764 2578 1935 2605 invenerint
1950 2578 2041 2605 fuisse
2055 2579 2130 2605 latas
2144 2583 2208 2613 post
2223 2580 2404 2614 appellatio-

1394 2637 1460 2655 nem
1484 2628 1520 2654 ad
1545 2628 1651 2655 Sedem
1675 2628 1877 2662 Apostolicam
1904 2628 2127 2662 interpositam,
2153 2628 2222 2655 illas
2246 2632 2401 2662 revocent,

1394 2680 1490 2712 partes
1512 2677 1636 2704 audiant
1659 2679 1687 2703 et
1712 2677 1788 2710 quod
1812 2677 1924 2710 justum
1952 2676 2056 2708 fuerit,
2083 2676 2242 2709 decidant;
2267 2677 2401 2711 alioquin

1393 2727 1509 2754 easdem
1533 2726 1696 2752 sententias
1719 2726 1830 2752 faciant
1853 2725 2014 2752 observari.
2039 2740 2071 2743 —
2095 2726 2182 2757 (Rae.
2203 2725 2248 2757 20,
2269 2726 2289 2753 f.
2307 2726 2341 2753 69
2356 2730 2404 2759 v⁰;

1393 2783 1462 2802 ann.
1480 2775 1548 2808 XV,
1566 2783 1590 2801 0.
1608 2775 1665 2806 34.)

1436 2889 1448 2903 «
1479 2899 1498 2905 ..
1523 2877 1656 2914 episcopo
1683 2877 1814 2911 Vz'censi,
1845 2899 1865 2905 ..

1396 2930 1599 2960 Gerundensis
1622 2930 1762 2965 diocesis,
1786 2934 1811 2958 et
1836 2952 1855 2957 ..

1891 2877 1990 2905 abbati
2012 2876 2120 2906 Sancti
2143 2877 2224 2905 Petri
2245 2877 2279 2905 de
2300 2877 2399 2911 Rosis,

1880 2930 2006 2959 sacriste
2029 2929 2229 2958 Germa-densi.
2252 2928 2406 2959 Dilectus

2548 428 2551 438 -
2540 365 2549 385 ,ι
2543 351 2547 355 ι
2534 263 2548 331 :24:1⁵
