2553 3526
143 295 200 323 277
947 284 1257 328 QUATORZIEME
1280 286 1439 322 ANNEE.
2183 307 2238 335 278

142 359 344 393 dividantur,
363 362 441 388 tunc
458 357 593 387 illorum
609 358 745 388 obtentu
766 358 830 396 ipsi
851 358 891 388 ad
911 358 1056 388 officium
1075 366 1152 387 con-

141 416 324 443 currentes.
342 411 495 449 sequenti
507 411 559 440 die
571 410 750 440 missarum
766 411 973 449 sollempniis
990 411 1151 441 interesse

141 468 354 504 postponunt.
373 465 529 493 Preterea
544 463 658 493 iidem.
676 464 763 493 circa
781 464 977 494 matutinale
994 463 1149 493 officium.

141 527 200 556 pro
221 526 286 556 quo
310 517 358 547 eis
382 521 470 546 certe
492 516 746 546 distributiones
772 517 982 555 proveniunt.
1009 516 1152 553 diligen-

142 571 222 600 tiam
243 569 452 605 exhibentes,
472 569 586 599 missis
605 573 634 599 et
656 569 732 599 aliis
749 569 840 598 horis
864 570 1026 599 interesse
1046 569 1152 607 negli-

142 627 239 661 gunt,
270 622 350 661 quia
383 621 511 651 nullum
540 621 719 660 temporale
748 622 1008 652 emolumentum
1035 622 1152 652 exinde

142 680 403 715 consequuntur.
421 676 556 710 Verum,
575 684 650 705 cum
673 675 733 705 hoc
753 676 795 705 sit
812 680 841 705 et
859 676 970 705 divine
991 676 1153 706 voluntati

142 729 345 760 contrarium
383 733 413 759 et
447 729 511 766 piis
541 728 733 758 devotorum
761 729 929 758 mentibus
964 730 1151 766 inimicum,

143 782 340 812 mandamus
357 786 533 820 quatenus,
552 781 716 819 predictos
734 786 914 820 proventus
930 782 964 811 in
984 782 1065 812 duas
1082 787 1152 812 stu-

143 836 224 866 dens
242 835 390 865 dividere
413 834 593 873 portiones,
614 843 755 872 quarum
776 844 843 864 una
861 835 948 865 inter
971 836 1074 866 dictos
1098 845 1152 866 ca-

142 888 280 918 nonicos
300 888 336 917 in
359 887 484 925 vigiliis
504 892 535 917 et
551 887 657 917 altera
682 888 718 917 in
742 888 921 918 missarum
945 888 1152 927 sollempniis

141 941 320 976 dividatur,
339 940 472 970 eosdem
487 945 523 969 ut
539 940 640 970 misse
657 941 774 980 majori
787 946 815 970 et
834 941 909 971 aliis
926 942 1048 971 divinis
1060 942 1152 972 horis

140 995 304 1024 interesse
329 997 518 1032 procurent,
542 1002 600 1031 per
620 993 880 1024 subtractionem
905 995 1067 1024 dictarum
1084 995 1152 1025 dis-

140 1047 372 1082 tributionum,
393 1045 614 1084 appellatione
630 1052 767 1082 remota,
785 1047 974 1086 compellas.
992 1047 1150 1086 Alioquin

140 1100 271 1130 dilectis
287 1099 367 1129 filiis
385 1123 405 1128 ..
423 1099 559 1130 decano.
579 1123 599 1128 ..
617 1100 851 1130 archidiacono
865 1106 896 1130 et
913 1101 1071 1139 magistro
1088 1101 1151 1131 Na-

140 1153 210 1187 tali,
230 1153 390 1183 canonico
404 1152 664 1187 Parisiensibus,
689 1154 812 1183 nostris
835 1154 952 1183 damus
975 1154 1097 1184 litteris
1115 1154 1149 1183 in

139 1206 306 1236 mandatis
321 1210 368 1241 ut,
387 1211 417 1236 te
433 1205 627 1236 mandat-um
643 1211 794 1236 nostrum
812 1207 929 1245 exequi
948 1207 1149 1245 negligente.

138 1259 204 1298 ipsi
219 1259 304 1290 illud
315 1260 409 1299 juxta
423 1260 564 1289 formam
584 1259 644 1289 tibi
662 1260 817 1290 traditam
834 1265 1050 1299 exequantur.
1064 1260 1151 1291 Con-

139 1313 334 1343 tradictores
359 1317 421 1343 etc.
447 1313 520 1341 Dat.
548 1313 714 1347 Laterani,
744 1314 789 1343 VI
820 1322 924 1343 nonas
946 1313 1035 1352 julii,
1063 1322 1150 1343 anno

140 1365 400 1405 quartodecimo.
419 1377 433 1391 n

210 1531 329 1559 5240

176 1593 350 1626 Sinibaldo,
375 1594 457 1621 tituli
483 1594 587 1621 Sancti
611 1594 765 1621 Laurentii
789 1595 818 1621 in
843 1595 955 1622 Lucina
981 1596 1151 1629 presbytero

140 1642 297 1674 cardinali,
317 1643 467 1670 marchiae
482 1643 689 1670 Anconitanae
709 1644 825 1676 rectori,
841 1644 989 1677 siguificat
1006 1653 1036 1671 se
1051 1645 1150 1679 dispo-

139 1691 233 1718 suisse
252 1694 286 1718 ut
306 1692 388 1718 sedes
410 1692 588 1726 episcopalis
608 1693 790 1725 Auximana,
808 1701 858 1727 pro
881 1702 913 1719 eo
929 1694 1004 1727 quod
1025 1695 1150 1728 populus

139 1740 328 1767 Auximanus
349 1741 510 1772 Friderico,
527 1741 606 1768 dicto
622 1741 806 1776 imperatori,
823 1742 1000 1774 adhaeserit,
1017 1743 1054 1769 ad
1074 1743 1150 1769 civi-

139 1792 230 1816 tatem
246 1790 439 1822 Recanatem,
453 1790 603 1817 Ecclesiae
615 1791 743 1822 fidelem,
761 1792 985 1823 transierretur3
1004 1800 1017 1817 «
1034 1800 1149 1823 verum,

715 1533 834 1562 Lati-an,
852 1533 867 1559 4
883 1533 983 1566 juillet
1000 1533 1077 1559 1240.

139 1845 154 1863 ¹>
174 1846 241 1865 cum
257 1838 332 1865 dicti
350 1839 524 1869 Recanates,
542 1840 672 1874 quinque
694 1840 777 1866 milia
795 1840 936 1866 librarum
959 1841 1071 1867 usualis
1088 1850 1149 1867 mo-

137 1894 153 1912 »
174 1889 251 1920 nete,
270 1888 318 1914 vel
334 1888 531 1922 possessiones
544 1889 655 1915 valoris
671 1889 814 1922 ejusdem.
840 1897 889 1922 pro
905 1889 1035 1916 dotanda
1051 1891 1149 1916 sutura

137 1944 152 1961 »
173 1936 339 1963 cathedrali
357 1937 481 1963 ecclesia
500 1937 665 1964 liberaliter
685 1938 851 1968 offerentes,
876 1938 1051 1972 promittant
1073 1939 1149 1972 quod

138 1992 153 2010 1)
173 1985 270 2012 velint
279 1985 416 2012 edificare
424 1986 526 2012 domos
541 1994 592 2020 pro
601 1986 737 2020 episcopo
745 1991 773 2013 et
785 1987 936 2013 canonicis
951 1996 976 2017 n,
989 1987 1014 2013 ei
1028 1988 1149 2014 mandat

138 2035 283 2067 quatenus
307 2034 462 2068 provideat
484 2038 516 2061 ut
536 2035 627 2061 iidem
650 2036 814 2061 Recanates
836 2035 957 2069 insuper
984 2036 1095 2062 faciant
1118 2042 1148 2063 ut

137 2082 283 2117 praedict-i
297 2083 451 2118 episcopus
468 2087 496 2110 et
515 2084 652 2111 canonici
671 2092 806 2118 processu
829 2085 970 2118 temporis
992 2085 1150 2111 honorifice

136 2132 259 2158 valeant
273 2133 445 2164 sustentari,
458 2133 632 2166 praesertim
647 2142 725 2165 cum,
740 2133 916 2160 durantibus
930 2134 1052 2167 guerris,
1068 2142 1082 2158 «
1092 2142 1149 2160 non

138 2187 153 2206 1)
173 2180 267 2214 possit
282 2181 437 2215 provenire
453 2181 489 2208 de
505 2182 587 2209 facili
600 2183 675 2216 quod
692 2182 833 2209 bonorum
848 2182 1019 2209 Auximane
1028 2183 1151 2210 ecclesie

138 2236 153 2254 1)
173 2229 386 2263 possessionem
404 2230 558 2263 pacificam
575 2231 697 2257 valeant
716 2230 842 2264 adipisci
865 2238 896 2261 »;
918 2234 1048 2257 ceterum
1072 2232 1150 2265 epis-

138 2285 210 2312 copo
224 2278 457 2316 Humanatensi.
473 2287 523 2313 pro
534 2279 599 2313 jure
612 2279 689 2313 quod
700 2279 731 2306 in
744 2283 839 2306 castro
850 2278 997 2306 Recauate
1012 2280 1149 2313 habebat,

138 2326 175 2353 de
189 2326 292 2361 aliqua
307 2330 390 2361 parte
404 2328 595 2355 Auximanae
605 2328 748 2355 dioecesis
765 2328 929 2362 provideat.
943 2336 956 2353 «
969 2329 1043 2355 villa
1053 2329 1150 2356 Auxi>

139 2383 154 2400 »
175 2383 274 2408 mana,
291 2376 439 2410 quondam
455 2376 589 2407 civitate,
606 2385 671 2403 cum
694 2377 809 2411 reliqua
823 2380 905 2411 parte
921 2378 1014 2412 ipsius
1025 2378 1150 2405 diocesis

139 2431 154 2450 1)
173 2423 255 2451 dicte
271 2424 469 2451 Recanatensi
486 2425 609 2452 ecclesie
625 2430 775 2452 reservata
791 2434 815 2452 )›.
830 2440 860 2443 ——
873 2426 960 2456 (Rae.
973 2426 1018 2457 20,
1031 2427 1051 2452 f.
1065 2426 1098 2452 19
1111 2430 1149 2458 r⁰;

137 2481 208 2500 ann.
225 2473 309 2506 XIV,
323 2481 348 2500 c.
363 2474 430 2506 109;
448 2489 479 2492 —
497 2474 630 2502 MOREAU
642 2474 722 2507 1193,
735 2476 754 2500 f.
767 2474 816 2506 66;
833 2490 867 2492 -
881 2475 1063 2502 Rom-:Nemo
1075 2476 1150 2507 779.)

179 2566 406 2614 «.S[inibaldo],
431 2576 517 2604 tituli
535 2577 642 2605 Sancti
663 2576 823 2605 Laurentii
846 2577 880 2605 in
901 2577 1016 2605 Lucina
1034 2577 1151 2614 presbi—

139 2631 200 2656 tero
214 2628 380 2663 cardinali,
401 2629 538 2657 marchie
553 2630 746 2658 Anconitane
761 2630 883 2658 rectori.
903 2629 995 2659 Licet
1010 2630 1150 2668 Aposto-

136 2679 201 2710 lice
230 2680 326 2710 Sedis
355 2697 404 2709 —.
431 2681 504 2710 Dat.
533 2681 699 2716 Laterani,
725 2682 793 2711 IIII
820 2691 925 2712 nonas
947 2682 1036 2721 julii,
1064 2691 1150 2712 anno

137 2733 397 2771 quartodecimo.
416 2745 429 2760 n

207 2904 325 2932 5241

173 2966 313 3000 Gregorio
324 2967 360 2994 de
375 2967 478 2994 Monte
496 2967 604 3001 Longo,
619 2968 798 2996 subdiacono
811 2973 839 2996 et
856 2970 970 2997 notario
986 2979 1047 3002 suo,
1064 2978 1147 3004 apos-

714 2907 835 2940 Latran,
849 2909 865 2933 7
879 2908 980 2941 juillet
995 2908 1076 2935 1240.

1234 358 1321 384 tolico
1343 360 1447 391 legato,
1471 361 1574 388 scribit
1595 371 1624 388 se
1646 363 1814 397 episcopum
1837 365 2042 399 Viventinum,
2060 370 2120 402 qui.
2143 380 2192 404 pro
2208 382 2239 397 eo

1235 408 1308 440 quod
1326 407 1356 433 111
1375 409 1540 441 praesentia
1557 409 1712 439 Friderici.
1725 411 1798 438 dicti
1813 412 2009 447 imperatoris,
2025 417 2144 444 missam
2163 420 2239 446 cele-

1235 456 1380 486 braverat,
1397 457 1434 483 ab
1449 459 1542 485 officio
1558 467 1715 493 suspensus
1731 462 1835 493 fuerat,
1851 462 2025 496 absolvisse;
2044 467 2118 499 quod
2140 468 2163 493 si
2183 469 2239 494 ali-

1235 505 1283 539 qui
1315 509 1415 532 contra
1446 507 1570 533 eundem
1602 509 1786 543 episcopum,
1817 519 1903 544 super
1926 521 1957 537 eo
1989 514 2063 547 quod
2095 517 2237 548 quaedam

1234 553 1413 580 Vicentinae
1433 556 1573 582 ecclesiae
1597 560 1691 583 castra
1713 557 1832 584 Ezelino
1850 560 1896 586 vel
1918 560 1986 587 aliis
2007 562 2156 590 Ecclesiae
2180 565 2238 591 Ro-

1236 610 1340 629 manae
1358 603 1490 629 inimicis
1510 604 1664 632 dicebatur
1683 606 1856 640 assignasse,
1882 609 1996 642 aliquid
2014 610 2153 638 duxerint
2175 621 2241 646 pro-

1235 651 1421 684 ponendum,
1446 661 1492 678 eos
1513 653 1631 685 audiat,
1658 657 1685 680 et
1711 655 1785 688 quod
1812 664 1898 689 super
1919 658 1973 683 hoc
1992 658 2157 692 invenerit,
2183 661 2240 695 ipsi

1235 708 1326 733 papae
1342 705 1479 734 exponat.
1500 717 1531 719 —
1555 703 1640 733 (Rea.
1661 703 1704 735 20,
1726 705 1744 730 f.
1765 704 1798 730 19
1817 708 1860 737 v'*;
1879 714 1948 732 ann.
1970 707 2052 734 XIV.
2076 718 2100 734 c.
2120 709 2186 741 110;
2209 725 2241 728 -

1237 748 1418 775 Rom-:Naana
1436 749 1510 781 780.)

1276 862 1288 875 «
1302 850 1465 890 G[1·e90ri0]
1479 853 1513 880 cle
1527 853 1623 881 Monte
1634 854 1742 890 Lonyo.
1759 856 1941 884 subdiacono
1958 862 1982 885 el
1998 859 2118 886 notario
2129 864 2237 888 nostro.

1234 904 1398 940 Apostollce
1414 905 1498 933 Sedis
1514 907 1617 942 legato.
1638 907 1796 944 Percepto
1812 916 1848 937 ex
1866 908 1971 938 relatu
1990 927 2038 938 —.
2057 911 2129 940 Dat.
2146 912 2241 941 Late-

1234 956 1316 985 rani.
1337 957 1433 986 nonis
1447 957 1535 995 julii,
1555 967 1641 988 anno
1658 960 1913 997 quartodecimo.
1939 974 1951 987 ι»

1305 1135 1428 1162 5242
1831 1139 1951 1169 Lati-an,
1966 1140 1999 1166 14
2012 1140 2076 1173 juin
2092 1141 2169 1168 1240.

1268 1197 1498 1231 Archiepiscopo
1522 1198 1701 1230 Ravennati,
1719 1207 1771 1225 nec
1794 1208 1848 1226 non
1866 1203 1892 1226 et
1909 1201 2044 1233 Aretino,
2061 1202 2240 1235 Castellano,

1234 1245 1383 1278 Urbinati,
1407 1247 1609 1278 Ariminensi,
1631 1248 1806 1280 Feretrano,
1832 1248 1971 1276 Bobiensi
1996 1252 2040 1282 (z
2066 1252 2238 1284 Sarsenati)‚

1233 1295 1382 1328 Ccsenati,
1396 1295 1648 1330 Foropopuliensi,
1664 1296 1808 1327 Liviensi,
1822 1297 1997 1330 Faventino,
2009 1299 2158 1332 Imolensi,
2174 1300 2240 1328 Cer-

1233 1344 1329 1370 vicus-i
1348 1348 1376 1370 et
1391 1344 1577 1371 Comaclensi
1594 1345 1749 1378 episcopis.
1768 1350 1795 1371 et
1811 1345 1977 1377 abbatibus,
2000 1347 2156 1381 prioribus,
2178 1350 2241 1383 ple-

1233 1393 1317 1420 banis
1334 1398 1361 1419 et
1377 1393 1445 1419 aliis
1461 1393 1652 1420 ecclesiarum
1671 1395 1811 1428 praelatis
1832 1404 1882 1429 per
1900 1395 1967 1422 illas
1988 1397 2126 1424 civitates
2144 1400 2171 1423 et
2193 1406 2241 1424 ca-

1233 1450 1296 1468 rum
1310 1442 1456 1468 dioeceses
1468 1443 1638 1469 constitutis
1650 1443 1797 1476 significat
1811 1453 1840 1469 se
1853 1444 2039 1477 Jaquintum,
2053 1447 2239 1479 capellanum

1232 1499 1329 1523 suum,
1349 1491 1485 1517 fidelibus
1502 1491 1562 1518 suis
1575 1492 1610 1518 de
1629 1492 1727 1518 Massa
1745 1493 1897 1521 Trabaria.
1915 1502 1981 1520 cum
1998 1495 2103 1528 plenae
2119 1495 2241 1529 legatio-

1233 1540 1279 1566 nis
1303 1540 1408 1572 officio,
1435 1540 1599 1574 providisse
1624 1541 1653 1567 in
1681 1545 1838 1573 rectorem,
1862 1550 1966 1575 eosque
1989 1546 2070 1576 rogat
2096 1547 2240 1576 quatenus

1233 1589 1328 1615 eidem
1355 1593 1496 1622 tanquam
1524 1590 1617 1622 legato
1646 1590 1802 1616 humiliter
1834 1590 2001 1617 intendant.
2026 1606 2058 1609 —
2087 1592 2172 1623 (Rea.
2193 1592 2238 1623 20,

1234 1639 1252 1663 t‘.
1270 1638 1304 1664 19
1320 1641 1367 1669 v‘';
1385 1646 1454 1664 ann.
1472 1638 1554 1670 XIV,
1569 1647 1593 1664 c.
1612 1639 1676 1669 111;
1700 1654 1730 1656 —
1748 1639 1930 1666 RODENBERG
1948 1641 2016 1671 777,
2038 1655 2069 1658 —
2091 1642 2128 1667 cf.
2145 1648 2240 1674 supra,

1234 1696 1262 1713 11.
1277 1687 1345 1713 1683
1362 1690 1389 1713 et
1406 1687 1498 1718 1687.)

1275 1802 1287 1815 α
1309 1812 1327 1817 ..
1345 1791 1569 1827 archiepiscopo
1585 1789 1791 1829 Ravennaffi}
1820 1813 1838 1818 ..
1861 1791 1993 1826 Arelino,
2019 1814 2036 1819 ..
2060 1791 2236 1827 Castellano,

1235 1866 1254 1871 ..
1283 1842 1456 1882 Urbinalh']
1486 1867 1505 1872 ..
1531 1844 1732 1876 Ariminensi,
1764 1866 1783 1871 ..
1809 1844 1982 1878 Ferelrano,
2008 1867 2028 1874 ..
2050 1845 2195 1878 Bobiensi,
2219 1868 2238 1873 ..

1233 1895 1402 1936 Cesenat[i]‚
1435 1919 1454 1924 ..
1479 1897 1738 1934 Foropopalz'ensi.
1767 1919 1786 1925 ..
1810 1898 1954 1931 Liviensi,
1980 1919 2001 1926 ..
2020 1898 2196 1933 Faventino,
2219 1921 2240 1927 ..

1238 1950 1394 1978 smolensi.
1416 1973 1435 1978 ..
1455 1950 1608 1979 Cerciensi
1623 1955 1649 1979 el
1674 1973 1693 1980 ..
1713 1951 1896 1979 Comaclensi
1913 1952 2063 1988 episcopis.
2091 1956 2116 1979 et
2131 1952 2242 1980 abbati-

1233 2004 1294 2031 bus.
1320 2003 1485 2040 prioribus,
1512 2004 1649 2040 plebanis
1679 2008 1705 2032 el
1727 2004 1801 2031 aliis
1823 2004 2016 2031 ecclesiarum
2041 2004 2167 2041 prelatis
2188 2013 2244 2041 per

1233 2056 1371 2084 civitates
1385 2056 1466 2093 'ipsas
1482 2060 1507 2084 el
1522 2065 1626 2084 earum
1644 2055 1795 2095 dioc[eses]
1808 2057 1992 2084 constitutis.
2008 2055 2091 2086 Cum
2104 2056 2142 2086 de
2157 2061 2244 2086 statu

1233 2126 1282 2136 —.
1300 2109 1373 2138 Dat.
1399 2108 1563 2143 Laterani,
1585 2108 1698 2138 XVIII
1720 2108 1879 2138 kalendas
1893 2108 1979 2147 julii,
2003 2117 2089 2138 anno
2109 2114 2242 2147 quarto-

1234 2161 1372 2191 decimo.
1390 2173 1402 2187 »

1304 2342 1426 2369 5243

1268 2404 1453 2432 Archadensi
1479 2406 1507 2430 et
1530 2402 1673 2429 Aladensi
1699 2402 1843 2436 episcopis
1868 2405 1895 2428 et
1921 2402 2030 2428 decano
2054 2402 2239 2429 Arc-hadeusi

1782 2341 1902 2371 Latran,
1920 2340 1937 2375 3,
1951 2340 2049 2373 juillet
2067 2339 2168 2374 [1240]

1234 2454 1356 2481 mandat
1379 2456 1523 2487 quatenus
1546 2451 1722 2478 sententiam
1749 2460 1805 2484 qua
1828 2451 2018 2477 Innocentius
2039 2459 2113 2484 papa
2136 2451 2240 2477 tertius

1232 2504 1401 2530 decreverat,
1421 2501 1575 2528 ecclesiam
1597 2501 1800 2533 Majonensem
1822 2502 1867 2530 (z
1882 2500 1917 2525 de
1934 2499 2046 2532 Mayo),
2065 2499 2240 2526 Tuamensis

1232 2551 1384 2579 dioecesis.
1399 2559 1460 2577 esse
1475 2549 1673 2584 parochialem
1689 2552 1717 2574 et
1731 2548 1871 2574 ecclesiae
1884 2547 2046 2574 Tuamensi
2062 2548 2238 2581 subjectam,

1234 2616 1266 2619 —
1287 2604 1387 2627 contra
1404 2608 1491 2633 quam
1510 2598 1689 2625 sententiam
1712 2597 1852 2630 magister
1867 2597 2049 2626 christinus,
2070 2600 2242 2631 procurator

1233 2650 1400 2685 praedictae
1417 2647 1600 2682 Majonensis
1614 2646 1766 2679 ecclesiae,
1786 2646 1998 2675 reluctabatur,
2014 2661 2045 2663 —
2063 2646 2175 2672 faciant
2188 2645 2240 2673 ob—

1233 2699 1354 2726 servari.
1370 2713 1401 2715 —
1418 2698 1504 2729 (Hm.
1526 2696 1570 2728 20,
1588 2697 1608 2722 f.
1626 2695 1659 2722 19
1680 2698 1724 2726 νος
1746 2703 1815 2721 ann.
1833 2695 1916 2726 XIV,
1933 2704 1957 2720 c.
1975 2694 2050 2725 112.)

1275 2813 1287 2827 «
1320 2823 1339 2828 ..
1371 2798 1558 2828 Archadensi
1580 2802 1606 2825 et
1635 2819 1654 2824 ..
1684 2796 1829 2824 :iladensi
1851 2796 1996 2832 episcopis
2023 2800 2049 2823 et
2080 2818 2098 2824 ..
2129 2796 2240 2824 decano

1232 2853 1432 2883 Archadcnsi.
1460 2852 1505 2881 Ex
1526 2855 1618 2890 parte
1646 2848 1848 2879 venerabilis
1871 2849 1984 2878 fratris
2007 2849 2111 2877 nostri
2138 2871 2158 2877 ..
2187 2857 2239 2878 a2-

1232 2905 1436 2944 chiepiscopi
1465 2903 1662 2934 Tuamensis
1693 2902 1758 2932 suit
1782 2902 1986 2940 propositum
2013 2910 2121 2930 coram
2145 2901 2240 2930 nobis

1233 2960 1329 3000 quod,
1357 2968 1432 2988 cum
1460 2957 1568 2987 felicis
1596 2955 1838 2996 recordationis
1864 2954 2092 2993 I[nn0centius
2109 2953 2238 2992 tertius]
