2553 3526
271 347 329 377 aas
999 334 1239 366 aneisrnsss
1261 332 1317 362 DE
1341 323 1562 361 GRE'GomE
1587 330 1646 360 1x.
2318 329 2376 358 504

273 413 377 444 cultui
394 412 484 450 pacis
500 410 656 439 inhereas
679 412 709 437 ct
732 416 846 436 secure
866 414 964 443 snper
979 403 1071 432 illius
1088 400 1281 431 executione

273 465 442 505 procedas.
461 463 597 493 credens
623 461 718 500 quod.
745 460 773 488 si
794 464 899 488 mater
919 456 1066 486 Ecclesia
1084 460 1112 483 te
1130 454 1282 483 devotum

274 518 428 548 habuerit
452 521 480 546 et
506 515 645 544 fiat-lom.
676 512 800 550 potenti
825 511 944 539 virtute
969 514 997 538 te
1022 505 1224 545 promovebit
1249 509 1283 533 ut

274 571 381 600 filium
399 574 427 599 et
446 569 591 597 virtuosa
610 565 754 604 potentia
772 570 801 593 te
818 563 930 593 reddet
948 570 1004 600 pre
1020 560 1193 589 hominum
1205 557 1284 586 filiis

276 623 466 652 exaltatum.
485 634 499 645 w

348 792 468 820 6163

314 855 459 888 Episcopo
487 851 645 879 Sabinensi
671 853 699 877 et
724 850 865 879 Thomae,
894 848 976 875 tituli
1003 848 1130 874 Sanctae
1160 843 1290 871 Sabinae

851 788 972 818 Latran,
986 785 1020 812 29
1037 784 1096 811 mai
1113 781 1216 818 [1230].

279 903 450 939 presb5tero
464 901 621 932 cardinali,
636 899 806 934 apostolicis
822 898 936 932 legatis,
956 896 1077 923 mandat
1093 897 1249 929 quatenus.
1265 893 1289 919 si

279 954 314 979 de
336 952 382 978 his
405 959 478 984 quae
499 953 563 984 post
583 949 640 975 iter
659 948 696 974 ab
716 948 789 981 ipsis
813 949 975 980 arreptum,
998 946 1145 971 attentata
1162 943 1290 973 fuerant,

279 1008 406 1033 congrua
432 997 595 1025 satisfactio
611 996 708 1023 oblata
725 995 824 1026 fuerit,
841 995 925 1028 juxta
942 993 1083 1020 traditam
1105 992 1147 1018 eis
1165 992 1290 1017 formam

281 1048 438 1083 procedant
452 1055 457 1075 :
475 1047 615 1079 adjuncta
639 1045 743 1071 cedula
764 1052 820 1077 qua
836 1043 878 1069 eis
894 1041 1054 1068 mandatur
1069 1042 1214 1074 quatenus
1229 1047 1293 1065 om—

282 1097 369 1123 nibus
386 1096 481 1122 modis
495 1095 606 1121 instent
624 1097 654 1120 ut
669 1092 848 1124 Fridericus,
865 1090 1144 1124 dictusimperator,
1156 1088 1192 1115 ad
1209 1095 1294 1122 prae-

283 1145 422 1172 standum
440 1142 609 1170 securitatis
633 1142 835 1175 juramentum
854 1140 900 1167 his
918 1139 967 1174 qui
984 1138 1134 1165 Ecclesiae
1153 1137 1295 1163 adhaese—

282 1198 360 1225 rant7
384 1192 476 1227 possit
498 1191 617 1222 induci;
644 1190 800 1224 exscriptis
830 1189 861 1215 in
889 1188 991 1215 eadem
1017 1187 1122 1213 cedula
1142 1185 1296 1212 nonnullis

282 1242 381 1269 verbis
400 1241 584 1275 quarundam
603 1240 785 1270 litterarum,
800 1246 871 1272 quas
885 1238 948 1271 ipse
964 1244 1039 1270 papa
1056 1244 1071 1262 a
1088 1234 1228 1268 magistro
1243 1233 1295 1259 do-

283 1299 349 1317 mus
365 1290 491 1316 Sanctae
505 1288 620 1315 Mariae
633 1287 885 1314 Tlieutonicorum
902 1286 1061 1318 receperat.
1074 1298 1107 1301 —
1118 1283 1205 1312 (Bm.
1219 1281 1294 1308 PER.

285 1340 305 1366 f.
324 1338 355 1364 14
371 1341 405 1366 ν’,
421 1347 449 1364 n.
467 1336 598 1372 63[-64].)

327 1453 339 1467 ι(
360 1441 394 1477 [..
412 1441 546 1477 episcopo
562 1435 920 1474 SabinensictT[ho111e]‚
941 1434 1024 1462 tituli
1041 1433 1148 1461 Sancte
1164 1429 1298 1470 S[abine]

281 1495 448 1534 presbitero
464 1491 629 1520 cardinali.
649 1490 814 1527 Apostolice
830 1488 915 1517 Sedis
935 1487 1065 1524 legalis]
1087 1482 1298 1515 Sinceritatis

284 1551 394 1577 vestre
407 1545 541 1575 litteris.
560 1552 641 1582 quas
656 1543 753 1572 solita
768 1541 973 1579 benignitate
988 1539 1185 1577 recepimus.
1203 1536 1299 1566 intel-

286 1600 392 1630 lectis.
412 1607 470 1628 nos
488 1603 516 1627 et
538 1598 658 1626 fratres
680 1596 785 1625 nostri
803 1603 867 1624 non
892 1594 1060 1632 potuimus
1077 1600 1141 1621 non
1161 1590 1298 1624 moveri,

288 1652 376 1690 quia.
405 1660 480 1680 cum
502 1654 571 1688 post
599 1649 748 1678 turbines
773 1647 982 1677 tenebrosos¹
1007 1643 1187 1683 tranquilla
1211 1651 1301 1672 sere-

290 1705 378 1734 nitas
404 1707 604 1742 speraretur,
629 1701 725 1731 turbo
749 1700 956 1730 tenebrosior
981 1697 1184 1736 supervenit,
1209 1704 1302 1734 spem

290 1758 440 1787 adimens
462 1760 712 1794 preconceptam
734 1759 763 1783 et
787 1753 958 1782 horrorem
974 1751 1143 1781 incutiens
1159 1750 1193 1778 in
1211 1750 1302 1778 futu-

290 1820 375 1840 rum.
394 1810 508 1840 multis
525 1807 812 1838 murmurantibus
830 1811 859 1836 et
872 1805 1059 1835 dicentibus
1079 1814 1084 1832 :
1103 1816 1115 1830 z<
1133 1802 1302 1839 Quomodo

293 1877 305 1890 ν
332 1873 392 1902 pax
421 1863 567 1893 creditur
594 1861 770 1895 duratura,
799 1868 862 1898 que
892 1859 979 1889 circa
1016 1856 1303 1887 consumationem

293 1930 306 1943 »
333 1921 492 1946 tractatus
515 1915 620 1953 ipsius
642 1919 707 1944 tam
732 1914 852 1943 acriter
875 1910 1040 1942 violatur?
1061 1915 1115 1940 aut
1141 1908 1304 1948 quomodo

295 1984 307 1997 »
333 1970 451 2008 poterit
475 1968 611 1998 cicatrix
637 1967 784 1999 obduci2,
813 1966 840 1995 si
861 1964 1089 1996 acerbioribus
1108 1961 1304 1992 vulneribus

294 2037 307 2050 n
333 2023 538 2052 dissecetur?
550 2022 707 2050 »Yerunr
726 2024 759 2049 ut
774 2019 921 2050 Ecclesie
936 2016 1127 2047 innocentia
1140 2015 1306 2045 elucescat

294 2082 323 2107 et
341 2075 472 2115 justitia
489 2076 632 2112 patefiat.
657 2078 768 2102 nostre
791 2081 921 2111 quoque
945 2070 1143 2100 intentionis
1167 2069 1305 2098 affectus

294 2130 415 2159 clareat
439 2128 618 2157 universis.
641 2127 679 2155 de
701 2127 841 2155 fratrum
865 2130 1053 2154 nostrorum
1079 2121 1219 2152 consilio
1237 2121 1306 2150 dis-

295 2182 434 2212 cretioni
454 2186 559 2211 vestre
577 2190 634 2218 per
650 2179 828 2218 apostolica
848 2178 970 2216 scripta
986 2176 1183 2206 mandamus
1199 2173 1306 2212 quati-

296 2245 371 2270 nus,
390 2235 418 2265 si
435 2243 579 2271 congrua
597 2232 781 2263 satisfactio
798 2231 906 2261 oblata
921 2230 1022 2260 fuerit
1041 2237 1140 2266 super
1157 2227 1224 2257 hiis
1241 2235 1305 2265 que

296 2294 369 2328 post
386 2289 450 2318 iter
466 2298 482 2317 a
501 2287 595 2317 vobis
618 2290 798 2324 arreptum,
821 2288 898 2314 sunt
921 2282 1137 2320 attempt.a[ta]
1164 2280 1303 2314 noviter,

296 2348 330 2372 ut
348 2341 542 2380 scripsistis
558 2341 651 2379 juxta
670 2339 825 2368 traditam
845 2337 939 2367 vobis
963 2336 1101 2365 sormam
1118 2335 1152 2363 in
1171 2333 1306 2364 nomine

295 2396 431 2428 Domini
470 2394 667 2433 procedatis
706 2394 779 2423 Dat.
822 2384 997 2425 Late-rani,
1038 2390 1106 2418 IIII
1146 2387 1305 2417 kalendas

293 2459 394 2490 jumi.
414 2462 427 2475 »

377 2627 495 2655 6164
721 2616 888 2658 [δείῖιιία3.]

342 2701 354 2715 a
373 2689 453 2718 Cum
469 2688 504 2716 in
519 2687 590 2724 ipso
607 2685 702 2723 quasi
722 2683 886 2722 principio
902 2682 1004 2720 pacis,
1024 2681 1063 2710 ad
1081 2680 1159 2710 talia
1178 2679 1221 2709 sit
1234 2688 1308 2717 pro-

298 2750 442 2771 cessum.
467 2739 552 2778 quod
570 2739 618 2767 hii
640 2738 697 2776 qui
714 2746 771 2775 pro
788 2735 937 2766 Ecclesia
958 2735 992 2763 in
1010 2733 1225 2772 temptatione
1246 2736 1309 2762 ste-

298 2798 429 2829 terunt,
462 2793 534 2831 plus
567 2791 681 2826 solito,
716 2799 775 2820 nec
807 2788 990 2822 immerito,
1024 2787 1091 2817 sint
1121 2785 1307 2824 perterriti,

334 2920 415 2944 1.Ct'.
432 2919 483 2943 Jon
501 2919 550 2947 111,
566 2918 588 2941 6.

330 2965 353 2987 Q.
374 2964 415 2988 Cf.
431 2964 445 2986 ζ’
459 2962 638 2991 Esna.1v,7.

330 3010 354 3033 3.
374 3008 440 3032 nm.
459 3007 526 3031 Pan.
547 3007 563 3030 f.
585 3006 611 3030 14
627 3009 661 3030 r0.

1366 405 1436 431 nos,
1462 405 1499 426 ex
1525 396 1592 426 hiis
1621 405 1683 434 que
1710 395 1805 426 nobis
1831 399 1909 424 sunt
1931 394 2045 429 relata,
2077 399 2249 432 sperantes
2274 400 2310 425 ut
2335 395 2377 424 ad

1366 449 1580 488 prestandum
1594 449 1821 488 juramentum
1841 447 2031 478 securitatis
2057 447 2124 477 hiis
2150 448 2208 486 qui
2229 447 2378 478 Ecclesie

1367 501 1825 539 adheserunt,F[1=ede1·icus],
1844 501 1951 530 dictus
1961 500 2151 538 imperator.
2167 501 2264 531 facile
2273 500 2380 539 possit

1366 555 1491 585 induci.
1510 555 1707 585 mandamus
1723 554 1882 594 quatinus
1895 554 2050 583 omnibus
2066 553 2173 583 modis
2190 553 2312 592 quibus
2324 561 2381 591 po-

1367 608 1473 638 testis.
1489 608 1622 639 instetis
1636 612 1669 637 ut
1687 607 1872 646 predictum
1885 606 2284 646 exhibeam-amentum,
2299 606 2382 645 quia

1367 662 1496 691 litteras
1520 671 1624 700 nuper
1644 661 1830 699 recepimus
1851 669 1869 689 a
1893 683 1913 688 ..
1936 659 2095 697 magistro
2120 659 2236 689 domus
2259 659 2380 689 Sancte

1370 715 1748 749 MarieTeotonicorum,
1759 714 1853 743 firme
1868 713 1939 751 spei
1949 722 2008 742 seu
2021 712 2237 752 ju1·amenti¹‚
2256 713 2290 741 in
2307 712 2378 751 qui—

1371 768 1443 801 lius,
1461 768 1548 797 inter
1564 768 1640 804 alia,
1662 767 1761 797 verba
1779 766 1969 805 hujusmodi
1985 766 2220 796 continentur:
2241 779 2253 793 a
2271 767 2319 796 De
2334 766 2383 795 fa-

1374 835 1385 847 »
1411 821 1527 851 ciendo
1553 826 1760 851 sacramento
1783 820 1870 858 quod
1890 821 2010 849 Vestra
2033 819 2200 849 Sanctitas
2218 819 2318 855 novit,
2346 823 2386 848 ut.

1374 887 1385 900 n
1411 874 1554 912 pleniter
1583 879 1737 912 parcatur
1760 873 1828 903 illis
1858 873 1915 911 qui
1941 873 2091 902 fecerunt
2116 872 2244 910 aliquid
2269 876 2386 902 contra

1374 940 1386 953 »
1412 928 1532 965 ipsum.
1555 927 1589 957 in
1609 927 1773 965 principio
1794 926 1923 956 sortiter
1939 925 2078 959 restitit3
2101 925 2169 959 sed,
2192 925 2337 955 ostensis
2353 924 2384 954 ei

1375 993 1388 1007 »
1413 980 1556 1010 diversis
1573 979 1771 1009 rationibus.
1796 979 1844 1008 sic
1868 987 1943 1009 eum
1965 978 2158 1008 induximus
2177 978 2274 1017 quod.
2298 977 2388 1007 sicut.

1376 1047 1388 1061 n
1416 1033 1595 1067 credimus,
1613 1032 1652 1062 ob
1672 1032 1731 1062 hoc
1750 1032 1841 1070 pacis
1856 1031 2026 1070 negotium
2043 1041 2107 1061 non
2120 1032 2304 1069 frangetur.
2324 1043 2336 1057 n

1445 1207 1497 1234 ω
1506 1205 1564 1233 65
1963 1204 2085 1235 Latran,
2102 1203 2118 1230 6
2131 1203 2196 1236 juin
2213 1195 2316 1238 [12303.

1411 1269 1536 1296 Eosdem
1555 1269 1665 1301 legatos
1686 1270 1786 1294 monet
1802 1270 1958 1300 quatenus,
1974 1266 1998 1293 si
2015 1267 2100 1300 juxta
2116 1266 2257 1293 traditam
2278 1265 2320 1292 eis
2334 1266 2392 1292 for-

1378 1326 1456 1344 man]
1485 1317 1640 1351 procedere
1666 1324 1722 1342 non
1747 1318 1884 1349 possunt,
1907 1315 1984 1349 apud
2007 1315 2155 1349 principes
2175 1312 2320 1349 [Imperii]
2340 1314 2390 1341 in-

1377 1369 1466 1393 stent.
1479 1368 1510 1391 ut
1527 1365 1642 1391 litteras
1658 1373 1725 1390 suas
1737 1366 1871 1397 patentes
1886 1363 1957 1389 dent
1972 1363 2025 1395 eis,
2040 1363 2115 1397 quod
2132 1363 2310 1395 Fridericus,
2326 1362 2393 1389 die-

1379 1418 1426 1441 tus
1442 1414 1612 1447 imperator.
1626 1415 1750 1439 sormam
1764 1412 1846 1446 pacis
1861 1415 2019 1439 tractatam
2035 1414 2063 1438 et
2078 1411 2115 1438 ab
2128 1411 2191 1445 ipso
2205 1413 2390 1445 acceptatam

1380 1463 1478 1490 renuit
1494 1463 1669 1496 adimplere.
1687 1477 1720 1480 —
1734 1462 1820 1494 (nm.
1838 1462 1913 1488 PER.
1931 1462 1952 1487 f.
1970 1461 2002 1488 14
2018 1465 2051 1493 r0,
2067 1464 2096 1487 η’
2111 1460 2169 1490 65.)

1423 1577 1435 1590 κ
1455 1564 1488 1603 [..
1507 1565 1640 1601 episcopo
1659 1563 1819 1592 Sabinensi
1841 1567 1867 1591 ει
1890 1563 2034 1599 T[home]‚
2053 1563 2138 1590 titali
2158 1562 2265 1591 Sancte
2284 1562 2398 1591 Sabine

1380 1619 1543 1655 presbitero
1559 1617 1727 1650 cardinali,
1744 1616 1908 1653 Apostolice
1924 1616 2008 1644 Sedis
2022 1614 2152 1653 levatis]
2167 1615 2217 1644 Ne
2231 1614 2397 1644 serenitas

1382 1670 1533 1700 veritatis
1551 1669 1662 1708 aliquo
1681 1668 1839 1698 falsitatis
1857 1667 1971 1697 nubilo
1993 1668 2097 1706 possit
2116 1667 2246 1701 obduci,
2270 1656 2399 1698 discre-

1385 1723 1507 1753 tionem
1523 1727 1666 1752 vestram
1681 1730 1853 1751 monemus
1866 1725 2001 1755 attente,
2015 1730 2072 1760 per
2083 1721 2263 1759 apostolica
2274 1721 2400 1759 scripta.

1383 1776 1580 1806 mandantes
1603 1775 1773 1814 quatinus
1799 1775 1826 1803 si
1849 1774 1943 1813 juxta
1966 1774 2120 1804 traditam
2139 1773 2232 1803 vobis
2256 1774 2399 1804 formam

1383 1829 1560 1868 procedere
1587 1837 1652 1858 non
1675 1828 1826 1866 potestis,
1851 1827 1939 1866 apud
1953 1827 2122 1866 principes
2145 1827 2325 1865 prudenter
2346 1827 2399 1856 in—

1385 1883 1491 1913 stetis.
1503 1887 1536 1911 ut
1555 1878 1684 1912 litteras
1698 1890 1776 1911 suas
1789 1885 1938 1919 patentes
1953 1881 2147 1915 de11tv0bis‚
2162 1880 2391 1919 sicutipromi-

1385 1941 1510 1966 serunt.
1531 1935 1619 1974 quod
1635 1935 1733 1964 homo
1749 1934 1806 1964 ille
1823 1935 1966 1964 formam
1987 1934 2077 1972 pacis
2096 1938 2278 1967 tractatam,
2303 1938 2335 1964 et
2354 1934 2397 1964 ab

1386 1998 1434 2025 eo7
1459 1989 1543 2019 sicut
1561 1998 1579 2018 a
1598 1987 1839 2018 mediatoribus
1860 1987 1956 2017 nobis
1979 1987 2318 2025 promissumfuerat,
2343 1996 2403 2018 ac-

1386 2048 1558 2081 ceptatam,
1579 2042 1714 2071 rennuit
1733 2041 1925 2079 adimplere.
1943 2041 2017 2070 Dat.
2038 2041 2206 2077 Laterani,
2224 2042 2307 2072 VIII
2322 2041 2402 2072 idus

1383 2105 1483 2134 jumi.
1502 2108 1515 2121 1>

1458 2268 1575 2295 6166
1973 2267 2095 2300 Latran,
2111 2267 2128 2294 6
2142 2267 2206 2301 juin
2223 2266 2327 2302 [1230].

1422 2330 1543 2358 Eisdem
1568 2330 1690 2357 mandat
1713 2332 1869 2364 quatenus,
1890 2329 1915 2356 si
1934 2330 2021 2363 juxta
2041 2330 2184 2357 traditam
2207 2329 2250 2357 eis
2272 2331 2400 2357 formam

1388 2379 1543 2414 procedere
1559 2387 1617 2405 non
1634 2382 1767 2414 possunt,
1784 2379 1820 2406 ad
1837 2379 2029 2413 apostolicam
2050 2378 2250 2413 praesentiam
2266 2379 2403 2407 redeant.

1388 2443 1420 2446 —
1434 2428 1522 2459 (Rae.
1541 2428 1616 2454 PER.
1634 2428 1654 2454 f.
1670 2428 1703 2454 14
1719 2432 1754 2460 r⁰‚
1772 2430 1800 2454 n⁰
1814 2427 1870 2459 66.)

1431 2541 1443 2555 «
1466 2529 1598 2558 Eisdem.
1621 2528 1834 2558 Sinceritatis
1854 2532 1963 2558 vestre
1986 2527 2115 2557 litteras
2134 2527 2232 2557 solita
2246 2527 2407 2565 benigni-

1391 2586 1455 2612 tate
1485 2581 1672 2619 recepimus
1695 2576 1981 2611 et'intelleximus
2006 2580 2196 2618 diligenter,
2229 2580 2407 2618 diligentie

1391 2639 1499 2664 vestre
1525 2634 1673 2664 studium
1696 2634 1808 2672 dignis
1832 2634 1868 2662 in
1890 2633 2032 2663 Domino
2052 2633 2209 2663 laudibus
2234 2641 2408 2663 commen-

1391 2687 1518 2718 dantes.
1538 2688 1673 2722 Verum,
1692 2687 1772 2726 quia
1788 2696 1854 2717 non
1871 2691 1920 2717 est
1935 2687 1970 2716 in
1987 2686 2114 2716 medico
2130 2695 2261 2724 semper
2276 2685 2407 2716 releve-

1392 2745 1446 2770 tur
1468 2745 1503 2770 ut
1530 2750 1620 2777 eger,
1648 2749 1724 2770 cum
1745 2740 1793 2769 nil
1815 2740 1854 2769 de
1873 2739 2145 2777 contingentibus
2163 2739 2207 2769 sit
2227 2738 2406 2775 omissum,

1392 2793 1589 2823 discretioni
1619 2797 1728 2822 vestre
1757 2801 1815 2831 per
1843 2791 2026 2830 apostolica
2055 2791 2179 2830 scripta
2204 2791 2408 2821 mandamus

1426 2911 1446 2934 1.
1464 2912 1516 2935 Les
1534 2915 1604 2936 mots
1620 2919 1667 2936 scu
1683 2914 1855 2942 jur-amenti,
1871 2912 1938 2936 dont
1953 2912 1979 2936 le
1996 2918 2061 2936 sens
2077 2915 2118 2936 est
2133 2912 2196 2935 bien
2211 2918 2264 2942 peu
2280 2910 2406 2935 satisfai-

1393 2958 1464 2984 sant,
1477 2956 1659 2986 proviennent
1674 2957 1809 2987 peut-etre
1823 2957 1905 2980 d'une
1916 2957 2057 2981 mauvaise
2069 2957 2184 2986 lecture,
2196 2962 2266 2986 pour
2281 2956 2309 2978 in
2319 2956 2408 2984 J'ura—

1394 3002 1536 3024 menturn-

2549 433 2553 461 ,Α
2548 379 2553 415 -Ᾰ
2546 283 2553 355 μμ...

2542 1187 2553 1331 ...ψ-...Ἀκι-
2542 1000 2553 1163 =„—.A.4-·.-.A.„
2549 975 2553 989 -.
