2553 3526
290 276 345 291 Ὀ·
1016 263 1254 301 REGIS'TRES
1276 266 1332 296 DE
1354 260 1576 298 GREGOIRE
1601 269 1658 298 lx.
2329 274 2388 302 528

290 289 341 305 On}

291 346 317 369 et
334 343 392 369 alia
409 341 572 368 necessaria
589 341 617 367 iu
635 340 799 367 subsidium
823 340 1008 373 Paganorum
1035 337 1174 365 Prusciae
1193 336 1295 361 contra

291 390 481 425 apostolicam
504 390 714 416 inhibitionem
732 389 911 419 detulerant,
933 391 961 414 et
978 390 1095 421 propter
1111 386 1164 411 hoc
1177 390 1295 410 excom-

292 439 436 466 municati
461 440 585 469 fuerant,
609 447 637 463 se
659 438 854 471 promiserant
876 445 925 470 pro
948 436 1030 462 illius
1053 441 1188 460 excessus
1208 432 1296 458 satis-

292 488 419 514 factione
440 486 634 517 exhibituros,
661 494 750 519 usquc
773 486 809 511 ad
833 484 1030 518 quantitatem
1058 483 1180 509 eandem
1205 480 1297 515 possit

292 537 450 570 percipere,
462 536 491 561 in
503 535 632 567 ejusdem
642 533 781 567 episcopi,
796 533 844 563 IL,
855 532 987 566 germani
1000 532 1073 564 ejus,
1082 533 1109 557 et
1119 528 1296 558 Christiani,

292 584 405 617 nepotis
429 584 500 616 ojus,
523 583 571 615 11111
594 582 623 608 in
642 582 857 615 praediti-torum
882 581 1066 613 Paganorum
1085 586 1200 605 carcere
1220 577 1297 603 deti-

293 633 446 661 nebantur,
466 630 648 656 liberationis
663 630 827 655 subsidium
844 628 1086 654 conver-tendam.
1105 641 1136 644 —
1151 626 1237 657 (nm.
1252 625 1296 656 ⁶20,

293 683 311 706 t.
333 680 365 705 83
383 682 419 709 r⁰;
441 687 510 704 ann.
534 679 601 707 XV,
628 686 651 703 c.
670 678 722 707 83:
745 692 778 695 μ-
799 677 931 703 Moru-:Ati
949 676 1028 707 1193,
1046 677 1064 701 f.
1085 675 1154 706 307;
1172 688 1204 692 —
1221 673 1298 700 POT-

290 737 383 755 Tnasr
400 727 525 757 1102611,
543 735 569 760 p.
587 726 672 755 2110:
689 741 723 743 —
740 727 923 752 Romanasne,
939 724 1015 755 818.)

333 842 344 853 «
367 851 386 856 ..
403 828 626 864 archiepiscopo
645 827 810 856 [Ji-emensi.
828 823 1039 854 Venerabilis
1064 824 1165 852 frater
1189 825 1300 851 noster

291 899 339 910 —-.
356 882 426 910 Dat.
447 878 993 917 Laterani,luilendisjunii.aimo
1010 875 1296 915 quintodecimo.»

362 1050 480 1078 6066
879 1049 1000 1080 Latran,
1018 1048 1050 1073 17
1065 1047 1129 1081 juin
1147 1046 1226 1073 1241,

328 1112 488 1140 Parisiensi
519 1112 645 1143 decano,
680 1109 878 1143 Magdunensi
916 1109 1041 1140 decano,
1074 1107 1299 1134 Aurelianensis

291 1161 443 1192 dioecesis,
463 1163 490 1187 et
506 1159 683 1186 cancellario
701 1158 876 1186 Carnotensi
893 1157 1008 1185 scribit.
1027 1165 1093 1183 cum
1116 1157 1151 1182 de
1165 1156 1300 1190 eligendo

291 1210 426 1244 episcopo
440 1209 470 1235 in
482 1208 605 1234 ecclesia
620 1206 801 1241 Lingonensi
815 1209 959 1240 ageretur,
975 1206 1132 1232 nonnullos
1144 1205 1300 1231 canonicos

290 1259 321 1284 in
349 1258 513 1285 Guidonem
540 1257 576 1282 de
598 1256 769 1289 Triangulo,
791 1254 1034 1281 archidiaconum
1061 1253 1299 1285 Laudunensem,

291 1307 506 1340 Liugonensem
530 1305 718 1336 canonicum,
740 1304 898 1330 nonnullos
924 1311 992 1329 vero
1015 1302 1045 1328 in
1069 1303 1237 1335 Aymonem
1265 1301 1300 1327 de

291 1355 374 1390 Rupe
390 1355 480 1385 Furti,
499 1354 715 1387 Lingonensem
734 1352 922 1383 canonicum,
935 1353 1003 1377 vota
1015 1359 1067 1377 sua
1083 1350 1241 1381 (lirexisse;
1259 1350 1300 1376 eis

292 1406 345 1431 hoc
358 1403 511 1430 electionis
526 1403 675 1436 negotium
689 1401 895 1429 instruendum
912 1399 1076 1426 committit
1087 1402 1115 1426 ct
1126 1399 1163 1425 ad
1175 1407 1300 1425 examen

290 1452 483 1488 apostolicum
495 1451 755 1478 remittendum.—
765 1451 850 1482 (Rso.
861 1449 906 1482 20,
916 1450 935 1475 f.
946 1448 979 1475 83
989 1455 1034 1481 νος
1047 1457 1116 1475 ann.
1128 1448 1197 1480 XV,
1208 1456 1232 1474 c.
1243 1447 1301 1478 84.)

333 1567 345 1579 (ι
366 1576 386 1583 ..
405 1553 572 1582 Paris-tensi
591 1557 616 1580 el
635 1574 654 1579 ..
677 1551 888 1588 illaytlunensi,
910 1548 1165 1587 Aio-elfianensip]
1191 1549 1301 1588 [dioce-

290 1608 355 1644 sis],
373 1608 505 1641 decanis,
523 1611 548 1634 el
568 1628 586 1635 ..
605 1605 790 1634 cancellario
813 1605 1004 1634 Carnotensi.
1029 1602 1183 1632 Exhibita
1205 1602 1300 1632 nobis

291 1646 487 1690 dilectorum
506 1658 650 1687 tiliorum
664 1658 702 1687 G.
721 1656 948 1686 archidiaconi
968 1661 999 1685 et
1015 1655 1223 1694 quorundam
1246 1664 1300 1684 ca-

291 1712 485 1742 nonicorum
503 1710 767 1747 Lingonensium
783 1709 899 1748 petitio
916 1708 1107 1738 continebat
1124 1708 1221 1746 quod,
1237 1716 1298 1737 nu-

289 1774 346 1803 per
372 1763 512 1794 ecclesia
537 1763 740 1800 Lingonensi
762 1762 905 1800 pastoris
927 1761 1050 1791 solacio
1072 1761 1242 1795 destituta,
1270 1765 1300 1790 et

288 1817 500 1857 presentibus
520 1816 675 1845 omnibus
699 1815 757 1853 qui
782 1815 980 1849 debuerunt,
1003 1814 1180 1844 voluerunt
1196 1818 1227 1843 et
1243 1823 1299 1851 po—

288 1874 423 1900 tuerunt
439 1869 572 1899 comode
588 1868 763 1902 interesse,
785 1876 821 1897 ac
838 1876 915 1897 voce
932 1867 972 1897 ad
990 1876 1048 1896 nos
1066 1866 1299 1905 appellationis

288 1923 421 1957 emissa,
442 1931 481 1952 ne
500 1921 575 1960 quis
598 1921 788 1958 eligeretur,
811 1920 869 1959 qui
890 1924 1058 1958 pateretur
1078 1920 1112 1948 in
1136 1919 1297 1954 moribus,

288 1975 339 2006 vel
355 1979 440 2006 etate
457 1984 494 2004 ac
510 1974 698 2004 litteratura
714 1973 891 2008 defectum,
909 1973 961 2003 vel
975 1973 1028 2003 cui
1045 1972 1128 2002 alias
1144 1972 1299 2002 instituta

287 2029 447 2058 canonica
470 2027 657 2062 obviarent,
686 2031 758 2065 post
781 2030 939 2056 tractatus
962 2025 1070 2055 varios
1093 2030 1125 2055 et
1149 2025 1297 2055 diversos

287 2081 449 2119 assumpti
465 2082 600 2111 fuerunt
619 2084 684 2110 tres
696 2080 735 2109 de
752 2079 891 2117 collegio
904 2079 966 2109 fide
980 2079 1084 2116 digni,
1097 2078 1153 2117 qui
1171 2083 1298 2108 secreto

286 2140 316 2164 et
333 2133 556 2172 si[n]gillatim
574 2138 646 2162 vota
660 2137 854 2162 cunctorum
869 2132 1081 2170 exquirerent
1098 2136 1128 2161 et
1144 2131 1179 2160 in
1197 2131 1297 2170 scrip-

286 2188 327 2216 tis
352 2187 483 2216 redacta
499 2185 706 2224 publicarent
722 2184 931 2223 postmodum
947 2184 981 2213 in
998 2184 1178 2213 communi.
1195 2184 1296 2214 Cum·-

285 2249 357 2278 que,
378 2240 463 2269 facto
480 2238 643 2268 scrutinio
661 2242 692 2268 et
709 2242 782 2276 post
799 2237 1059 2276 publicationem
1078 2236 1196 2274 ipsius,
1214 2237 1296 2265 fuis-

284 2297 343 2327 set,
361 2292 475 2321 habita
490 2290 679 2325 collatione,
696 2294 901 2328 compertum
921 2289 1008 2328 quod
1020 2289 1124 2328 major
1139 2293 1170 2318 et
1182 2289 1295 2319 sanior

283 2354 357 2383 pars
372 2343 508 2382 capituli
531 2343 564 2372 in
586 2343 746 2373 dilectum
768 2342 874 2371 filium
893 2342 1107 2381 G[uidonem]
1127 2341 1166 2371 de
1180 2341 1294 2371 Trian-

282 2398 369 2433 gulo,
394 2396 667 2426 archidiaconum
687 2395 955 2429 Laudunensem,
977 2394 1223 2432 Lingonensem
1240 2403 1294 2424 ca-

283 2451 454 2484 nonicum,
498 2449 532 2477 in
566 2449 729 2478 scrutinio
766 2447 1038 2483 consensissent,
1074 2447 1291 2486 quibusdam,

282 2512 421 2542 quornm
439 2502 573 2541 quidam
590 2510 703 2531 vocem
720 2501 754 2530 in
774 2501 936 2531 electione
953 2505 1031 2529 tunc
1052 2500 1207 2538 temporis
1228 2509 1292 2530 non

282 2556 458 2591 habebant,
477 2556 510 2584 in
534 2557 719 2593 Aytnonem
737 2555 775 2584 de
793 2556 886 2592 Rupe
904 2554 1005 2588 Forti,
1031 2554 1292 2583 concanonicum

281 2611 437 2647 ipsorum,
460 2608 639 2647 patientem
658 2608 693 2637 in
708 2607 897 2638 litteratura
909 2607 1086 2642 defectum,
1101 2611 1131 2637 et
1143 2607 1196 2636 cui
1209 2607 1291 2637 alias

280 2663 411 2692 obstant
429 2661 589 2691 canonica
610 2661 776 2695 instituta,
802 2660 946 2690 scienter
970 2659 1194 2697 dirigentibus
1218 2664 1292 2689 vota

280 2724 349 2746 sua,
368 2714 507 2752 predicti
524 2713 781 2743 archidiaconus
800 2717 831 2742 et
847 2712 1001 2742 canonici
1018 2721 1074 2742 eos
1091 2712 1148 2751 qui
1166 2712 1292 2751 injam-

279 2769 402 2797 *lictum
428 2768 612 2804 Aymonem
636 2769 890 2800 consenserant,
918 2769 1118 2802 rogaverunt
1139 2770 1194 2800 ut,
1217 2765 1290 2804 paci

279 2826 308 2849 ct
326 2819 430 2858 quieti
451 2819 590 2849 ecclesie
610 2818 830 2856 providentes,
852 2826 926 2847 cum
951 2818 998 2847 eis
1020 2817 1181 2855 eligerent
1200 2818 1289 2856 epis-

278 2881 394 2910 copum
423 2876 454 2901 et
484 2876 664 2909 pastorem,
697 2880 737 2901 ne
763 2871 804 2900 ad
831 2870 1025 2901 electionem
1056 2871 1290 2909 procederetur

274 2925 439 2964 Aymonis
457 2924 616 2963 ejusdem,
635 2923 854 2962 appellatione
872 2923 912 2953 ad
929 2923 1046 2953 Sedem
1063 2923 1287 2961 Apostolicam

1378 332 1563 372 interjecta.
1581 335 1709 370 Quibus
1726 335 1787 365 hoc
1803 336 1911 365 facere
1928 337 2158 374 renuentibus,
2176 337 2263 368 idem
2280 338 2387 368 archi-

1378 384 1537 415 diaconus
1559 387 1793 424 Lingonensis,
1815 388 1855 417 ab
1872 387 1939 418 hiis
1959 388 2067 426 quiin
2085 389 2225 420 eundem
2249 391 2389 426 Gtuido-

1380 438 1466 477 nem]
1486 444 1735 476 consenserant,
1759 440 1879 470 tradita
1895 440 1960 470 sibi
1976 440 2133 479 eligendi,
2150 442 2222 473 vice
2238 443 2387 481 ipsorum

1378 491 1539 526 omnium,
1553 495 1724 530 potestate,
1740 493 1904 530 prefatum
1918 493 2128 533 G[uid0nem]
2146 495 2180 524 in
2197 495 2387 534 episcopum

1380 549 1410 574 et
1422 549 1586 582 pastorem
1601 545 1701 583 elegit
1717 545 1855 576 ecclesie
1873 546 2072 584 supradicte,
2091 547 2260 586 appellans
2278 549 2390 578 nichi-

1379 596 1524 627 lominus
1546 607 1585 628 ne
1608 598 1688 637 quid
1711 599 1745 627 in
1765 599 1985 637 prejudicium
2004 599 2176 630 electionis
2197 600 2388 640 hujusmodi

1381 649 1473 679 fieret
1490 650 1540 679 vel
1562 650 1675 686 electi3
1699 651 1753 680 cui
1772 650 1939 685 electioni,
1961 651 2066 681 multa
2084 652 2191 682 victus
2213 653 2390 690 instantia,

1380 702 1488 732 dictus
1503 703 1610 732 Guido
1622 704 1803 734 consensit.
1820 704 1883 734 Sed
1896 703 1943 733 hii
1956 704 2013 743 qui
2028 704 2063 734 in
2077 705 2262 744 Aymonem
2278 706 2387 744 ipsum

1381 760 1630 791 consenserant,
1662 757 1835 794 premissis
1862 757 2142 795 appellationibus
2169 763 2201 788 et
2227 758 2390 789 electione

1381 809 1590 846 contemptis,
1608 810 1749 840 eundem
1764 811 1948 849 Aymonem
1965 814 2079 840 contra
2095 811 2234 841 formam
2251 812 2390 842 canoni-

1382 869 1453 890 cam
1470 861 1594 898 eligere
1607 868 1899 901 presumpserunt;
1917 868 2049 901 propter
2060 864 2147 902 quod
2164 873 2198 894 se
2211 874 2229 894 a
2241 864 2316 903 jure
2328 864 2390 895 eli-

1382 914 1480 950 gendi
1503 914 1718 944 reddiderunt
1735 915 1867 953 penitus
1884 915 2022 946 alienos.
2045 916 2154 952 Quare
2177 916 2257 946 dicti
2280 916 2390 946 archi-

1381 966 1541 996 diaconus
1573 967 1821 1006 Lingonen[sis]
1853 972 1884 998 et
1913 968 2065 998 canonici
2094 968 2189 998 nohis
2217 968 2392 999 humiliter

1382 1019 1611 1057 supplicarunt
1627 1024 1663 1049 ut
1681 1020 1877 1050 electionem
1894 1021 2053 1059 ipsorum,
2066 1026 2177 1059 utpote
2195 1022 2233 1051 de
2251 1031 2392 1060 persona

1382 1072 1512 1107 idonea,
1531 1072 1601 1102 viro
1618 1072 1771 1103 videlicet
1788 1073 1975 1103 litterature
1992 1073 2200 1110 sufficientis,
2219 1075 2323 1104 nobili
2339 1084 2391 1113 ge-

1383 1134 1473 1159 nere,
1488 1125 1623 1163 provido
1635 1130 1665 1155 et
1678 1125 1828 1160 honesto,
1845 1126 1927 1155 acin
1940 1126 2172 1164 spiritualibus
2187 1131 2218 1157 et
2231 1132 2391 1166 tempora-

1382 1177 1470 1207 libus
1483 1178 1733 1216 circumspecto,
1747 1179 1905 1209 canonice
1921 1179 2132 1214 celebratam,
2148 1180 2343 1211 confirmare
2352 1181 2392 1211 de

1383 1231 1588 1268 benignitate
1604 1231 1698 1261 Sedis
1714 1231 1914 1269 Apostolice,
1931 1236 2059 1261 cassata
2071 1241 2128 1261 seu
2143 1241 2236 1262 cassa
2250 1238 2279 1262 et
2297 1233 2394 1263 irrita

1384 1284 1536 1313 nuntiata
1554 1284 1693 1323 reliqua,
1709 1294 1913 1314 curaremus,
1933 1285 1975 1314 Ex
1995 1290 2085 1323 parte
2102 1294 2178 1315 vero
2194 1285 2392 1316 dilectorum

1383 1337 1528 1366 filiorum
1546 1360 1566 1365 ..
1585 1337 1701 1367 decani
1723 1338 1946 1375 Lingonensis
1973 1342 2003 1368 et
2026 1338 2090 1367 sibi
2114 1338 2309 1369 adhentium
2327 1339 2394 1368 fuit

1384 1390 1586 1428 propositum
1598 1399 1634 1419 ex
1645 1391 1782 1420 adverso
1792 1391 1889 1429 quod,
1903 1390 2043 1420 ecclesia
2055 1391 2244 1429 supradicta
2255 1397 2391 1422 vacante

1383 1452 1419 1472 ac
1437 1443 1520 1472 votis
1537 1443 1772 1473 canonicorum
1788 1444 1822 1472 in
1841 1443 1973 1473 diversa
1990 1443 2119 1479 divisis,
2139 1444 2281 1480 tandem,
2300 1445 2391 1474 invo-

1383 1500 1455 1525 cata
1467 1496 1611 1534 Spiritus
1626 1496 1739 1526 Sancti
1753 1496 1870 1533 gratia,
1887 1506 1944 1534 per
1961 1496 2047 1525 viam
2062 1497 2217 1526 scrutinii
2233 1497 2393 1528 inceden-

1383 1554 1441 1579 tes.
1460 1554 1712 1587 assumpserunt
1728 1554 1792 1579 tres
1807 1549 1845 1579 de
1859 1549 1998 1587 collegio
2013 1549 2074 1579 tide
2089 1550 2222 1588 dignos3
2240 1560 2296 1589 per
2310 1560 2393 1590 quos

1383 1602 1546 1632 celebrato
1561 1602 1723 1632 scrutinio
1735 1603 1871 1632 etvotis.
1885 1602 2028 1632 redactis
2039 1602 2072 1631 in
2089 1603 2233 1641 scriptis,
2247 1603 2394 1642 publica-

1384 1656 1437 1690 tis,
1450 1656 1535 1685 sicut
1547 1655 1648 1685 moris
1661 1655 1786 1694 etjuris
1799 1659 1859 1689 est,
1873 1655 1907 1684 in
1920 1655 2099 1690 communi,
2113 1656 2202 1694 quia,
2217 1656 2393 1687 collatione

1383 1709 1513 1738 numeri
1533 1708 1571 1738 ad
1584 1717 1771 1743 numerum,
1787 1707 1847 1737 zeli
1861 1708 1901 1737 ad
1917 1707 2033 1743 zelum,
2050 1709 2211 1738 mei-itiad
2223 1710 2392 1745 meritum,

1383 1762 1617 1791 auctoritatum
1642 1770 1773 1800 quoque
1798 1770 1835 1790 ac
1859 1761 2058 1798 dignitatum
2087 1765 2153 1791 tam
2177 1762 2215 1792 de
2240 1763 2393 1801 personis

1382 1815 1578 1853 eligentium
1593 1823 1692 1852 quam
1708 1813 1887 1844 electorum
1908 1813 2033 1848 habita,
2053 1819 2102 1844 est
2119 1815 2293 1845 inventum
2305 1817 2392 1855 quod

1382 1868 1486 1906 1113101-
1508 1871 1539 1897 61
1562 1867 1675 1896 sanior
1698 1876 1773 1905 pars
1797 1866 1934 1905 capituli
1959 1867 1994 1896 in
2020 1868 2185 1905 prefatum
2205 1869 2392 1907 Aymonem

1380 1921 1545 1950 direxerat
1564 1924 1638 1949 vota
1654 1929 1724 1955 sua,
1747 1919 1835 1949 idem
1852 1919 2008 1955 decanus,
2032 1920 2101 1950 vice
2121 1929 2181 1950 sua
2202 1925 2233 1951 et
2249 1921 2391 1952 aliorum

1381 1973 1438 2012 qui
1463 1973 1497 2002 in
1520 1973 1661 2003 eundem
1684 1974 1870 2011 Aymonem
1890 1978 2140 2008 consenserant,
2164 1974 2275 2012 ipsum
2291 1974 2393 2013 elegit

1380 2026 1414 2055 in
1432 2026 1621 2064 episcopum
1639 2030 1669 2055 et
1688 2030 1864 2064 pastorem,
1882 2034 1992 2055 vocem
2013 2025 2054 2055 ad
2076 2035 2136 2056 nos
2156 2027 2391 2065 appellationis

1379 2079 1546 2113 emittens,
1572 2087 1611 2108 ne
1636 2078 1717 2116 quid
1738 2078 1773 2107 in
1798 2078 1947 2117 ejusdem
1972 2077 2145 2108 electionis
2168 2080 2388 2119 preJudicium

1379 2132 1568 2170 attemptari
1595 2131 1819 2169 contingeret,
1846 2136 2024 2170 antequam
2050 2131 2147 2170 plene
2170 2134 2323 2171 cognosci
2348 2134 2388 2165 de

1378 2185 1485 2224 ipsius
1516 2185 1688 2215 electionis
1721 2185 1850 2215 meritis
1882 2185 2084 2221 faceremus,
2118 2186 2205 2216 dicto
2235 2187 2387 2225 Aymone

1379 2238 1607 2268 consentiente
1635 2237 1805 2273 electioni,
1833 2237 1873 2267 ad
1892 2237 2031 2267 multam
2052 2237 2232 2268 electorum
2256 2240 2391 2271 instan-.

1379 2291 1468 2326 tiam,
1500 2290 1538 2320 de
1566 2299 1600 2320 se
1626 2291 1728 2325 facte3
1757 2290 1877 2329 reliqui
1907 2294 2017 2320 autem
2047 2291 2216 2327 canonici,
2245 2301 2386 2330 quorum

1378 2344 1512 2382 quidam
1530 2352 1609 2382 pure
1629 2348 1660 2373 et
1681 2343 1816 2382 quidam
1835 2343 2112 2378 conditionaliter,
2133 2344 2269 2383 quidam
2287 2346 2387 2376 etiam

1378 2396 1653 2427 excommunicati
1666 2397 1699 2425 in
1712 2396 1899 2426 Guidonem
1915 2401 2153 2427 consenserant
2169 2398 2384 2436 antedictum,

1376 2450 1498 2488 ipsum,
1518 2449 1754 2480 insufficientis
1775 2449 1914 2479 scientie
1930 2453 1961 2479 et
1979 2449 2033 2479 cui
2049 2449 2132 2479 alias
2149 2455 2272 2481 statuta
2287 2460 2388 2482 cano-

1377 2503 1451 2531 nica
1469 2502 1619 2537 obviant,
1643 2501 1825 2540 elegerunt.
1850 2501 1946 2532 Unde
1965 2506 2166 2533 memoratus
2187 2503 2332 2534 decanus
2355 2510 2389 2535 et

1376 2555 1405 2584 ei
1423 2555 1620 2585 adherentes
1638 2564 1656 2584 a
1671 2555 1766 2585 nobis
1782 2555 1956 2585 humiliter
1967 2556 2135 2594 petierunt
2148 2561 2183 2587 ut
2194 2557 2387 2597 hujusmodi

1376 2608 1571 2638 electionem
1603 2608 1767 2646 ipsorum,
1795 2608 1833 2638 de
1859 2608 1929 2637 viro
1957 2608 2144 2640 litterature
2174 2610 2382 2647 sufficientis,

1374 2660 1512 2690 honeste
1538 2661 1604 2690 vite
1630 2670 1666 2690 ac
1692 2660 1779 2691 clare
1799 2661 1897 2697 farne,
1926 2661 2056 2692 valente
2079 2667 2110 2692 et
2130 2663 2256 2694 sciente
2276 2664 2385 2703 ipsius

1374 2713 1512 2743 ecclesie
1526 2714 1603 2752 jura
1619 2713 1705 2743 tueri
1728 2722 1765 2743 ac
1782 2714 1852 2752 ejus
1873 2714 2046 2752 providere
2064 2715 2279 2753 utilitatibus,
2297 2717 2384 2748 cele-

1373 2766 1500 2796 bratam
1524 2767 1694 2801 canonice,
1717 2766 1923 2803 deberemus,
1945 2768 2119 2806 reprobata
2139 2768 2279 2808 reliqua,
2303 2779 2384 2800 con-

1372 2819 1516 2849 firmare.
1542 2820 1627 2856 Quia
1652 2828 1729 2849 vero
1753 2819 1849 2849 nohis
1873 2828 1938 2849 non
1959 2820 2108 2850 constitit
2132 2821 2170 2851 de
2194 2822 2379 2860 premissis,

1372 2872 1568 2902 mandamus
1590 2876 1763 2911 quatenus,
1796 2873 1920 2902 vocatis
1946 2873 2003 2911 qui
2024 2873 2150 2904 fuerint
2170 2875 2328 2904 evocandi
2349 2880 2383 2905 et

1372 2924 1494 2954 auditis
1526 2924 1606 2954 111116
1635 2925 1712 2955 inde
1745 2925 1938 2964 propositis,
1978 2926 2147 2964 negotium
2176 2927 2382 2958 sufficienter
