2553 3526
129 278 185 307 177

129 344 195 374 Sua
212 345 307 375 nobis
323 345 463 376 dilectus
479 346 568 376 filius
588 347 709 376 nobilis
726 347 776 376 vir
795 370 814 376 ..
834 356 942 377 comes
960 345 1136 376 Vt'arensis

128 398 288 435 petitione
305 400 501 428 monstravit
517 400 603 438 quod
621 400 708 430 clare
731 401 890 430 memorie
909 399 1136 438 progenitores

128 450 181 479 sui
197 468 244 486 —‚
264 451 446 489 prioratum
464 451 502 481 de
521 452 644 486 Lewes,
670 452 904 482 Cluniacensis
922 451 1061 484 ordinis,
1081 450 1137 481 Ci-

129 504 309 534 cestrensis
339 504 500 539 diocesis,
531 505 566 534 in
596 505 700 535 fundo
730 507 863 544 proprio
892 508 1136 540 construentes,

128 556 224 586 illum
245 557 283 587 de
304 557 401 587 bonis
417 558 488 588 suis
512 559 558 588 ita
582 558 757 596 magnifice
780 558 946 591 dotarunt,
964 557 1049 587 utin
1067 557 1138 595 ipso

129 614 263 639 centum
287 610 442 640 monachi
470 611 666 641 residerent.
696 615 726 640 et
749 610 873 640 ibidem
900 610 1138 640 nichilominus

130 661 339 700 hospitalitas
364 668 521 701 perpetua
546 668 577 693 et
602 663 689 693 circa
714 663 880 702 quoslibet
904 668 1138 693 concurrentes

129 715 287 745 continue
303 716 453 746 caritatis
469 717 637 746 affluentia
661 721 860 746 servaretur.
884 716 1029 746 Tandem
1048 725 1136 751 vero,

133 791 152 798 ..
171 768 288 799 abbate
307 778 344 798 ac
358 774 521 800 conventu
538 769 818 800 Cluniacensibus
832 769 1059 805 molientibus,
1078 769 1139 799 sub

131 826 280 860 pretextu
309 822 557 860 jurisdictionis
580 822 767 861 spiritualis
795 832 893 861 quam
923 823 1074 853 obtinent
1104 823 1138 852 in

131 874 257 909 eodem,
275 874 368 904 illius
379 875 465 905 bona
476 885 534 914 pro
547 885 607 905 sua
621 875 790 906 voluntate
802 876 992 914 dispergere
1005 885 1040 905 ac
1056 875 1138 905 alias

130 928 239 967 ipsum
248 928 479 958 vexationibus
490 929 697 958 multimodis
708 938 920 967 pregravare:
934 929 1012 967 quia
1024 928 1138 959 inclite

130 980 370 1011 recordationis
394 981 628 1021 H[amelinus].
653 987 756 1020 pater.
779 987 810 1012 et
831 981 1010 1019 I[sabella],
1035 986 1140 1011 mater

129 1033 237 1072 ipsius
249 1034 391 1064 comitis.
407 1034 558 1065 videntes
572 1039 645 1064 vota
660 1035 906 1073 progenitorum
921 1044 1055 1064 suorum
1074 1040 1139 1064 tam

129 1087 311 1117 enormiter
327 1087 533 1117 defraudari.
551 1097 650 1126 super
664 1088 790 1118 lesione
808 1089 973 1126 prioratus
991 1088 1138 1127 ejusdem

129 1140 841 1179 graviterturbabantur,interipsos,exuna
851 1141 1139 1179 parte.accedente

129 1202 294 1223 consensu
311 1193 391 1222 dicti
406 1194 549 1228 comitis,
570 1203 605 1223 ac
623 1194 755 1224 eosdem
777 1194 929 1224 abbatem
947 1198 975 1223 et
995 1202 1139 1223 conven-

129 1250 210 1281 tum,
234 1254 271 1276 ex
293 1245 408 1280 altera,
433 1246 659 1276 mediantibus
682 1246 766 1277 bone
793 1247 951 1276 memorie
975 1270 996 1275 ..
1023 1246 1139 1284 prede-

127 1307 258 1329 cessore
274 1303 337 1333 tuo,
357 1299 460 1329 frater
475 1299 734 1337 archiepiscope,
750 1309 785 1329 ac
805 1323 824 1328 ..
842 1299 995 1337 episcopo
1010 1300 1139 1329 Norwi-

127 1352 235 1386 censi,
265 1352 453 1382 amicabilis
478 1352 566 1382 inter
593 1357 703 1390 partes
727 1353 922 1391 compositio
945 1353 1137 1387 intervenit,

129 1404 284 1434 videlicet
304 1404 390 1443 quod
411 1427 432 1433 ..
455 1404 557 1434 abbas
583 1405 817 1435 Cluniacensis
836 1405 893 1444 qui
913 1414 970 1443 pro
995 1410 1139 1443 tempore

129 1457 242 1492 fuerit,
271 1457 305 1487 in
329 1458 443 1488 eodem
467 1459 617 1496 prioratu
639 1463 772 1488 centnm
796 1458 977 1488 solidorum
1004 1458 1139 1487 sterlin-

129 1519 268 1549 guorum
285 1519 388 1541 censu
406 1520 518 1541 annuo
533 1511 577 1541 sit
592 1516 781 1546 contentus,
799 1520 858 1541 nec.
875 1511 1021 1550 aliquam
1039 1511 1139 1541 aliam

127 1564 176 1594 ibi
192 1564 397 1594 exactionem
414 1564 524 1596 faciet,
542 1564 640 1603 plena
657 1564 722 1594 sibi
734 1564 969 1603 jurisdictione
986 1564 1019 1594 in
1040 1565 1140 1603 spiri-

129 1616 277 1647 tualibus
294 1621 474 1653 reservata,
491 1617 577 1647 sicut
594 1618 628 1647 in
645 1617 767 1648 litteris
784 1626 884 1656 super
899 1617 960 1647 hoc
979 1618 1139 1648 consectis

129 1669 262 1709 plenius
289 1669 411 1700 dicitur
436 1670 613 1700 contineri.
636 1671 772 1706 Verum,
800 1680 875 1701 cum
897 1680 965 1705 vos,
990 1676 1139 1708 pretextu

129 1723 318 1753 litterarum
334 1727 535 1759 nostrarum,
555 1723 680 1753 nullam
697 1724 735 1754 de
752 1724 990 1763 compositione
1006 1724 1077 1762 ipsa
1094 1725 1139 1753 fa·

129 1776 290 1806 cientium
302 1776 518 1811 mentionem,
537 1786 619 1815 quas
637 1777 729 1807 vobis
746 1777 938 1812 direximus,
956 1782 991 1807 ut
1008 1777 1048 1806 ab
1063 1777 1140 1806 uni-

129 1829 237 1859 versis
263 1829 440 1859 abbatibus
461 1833 492 1860 et
517 1829 685 1868 prioribus
713 1839 893 1868 eorumque
921 1830 1139 1860 conventibus

129 1881 408 1912 monasteriorum
430 1886 461 1912 et
477 1882 558 1912 locis
579 1882 656 1912 aliis
673 1882 792 1920 Anglie
815 1882 893 1912 dicti
915 1882 1054 1917 ordinis,
1073 1883 1140 1912 eis-

129 1935 204 1965 dem
222 1935 333 1965 abbati
352 1939 383 1965 et
399 1936 589 1970 conventui,
608 1936 765 1973 gravatis,
784 1941 817 1966 ut
833 1936 998 1966 dicebant.
1016 1936 1140 1974 impor-

130 1987 225 2018 tabili
251 1987 384 2018 sarcina
414 1987 612 2019 debitorum.
646 1989 807 2018 decimam
833 1994 958 2027 partem
990 1989 1139 2019 omnium

112 2048 266 2071 ‘suorum
291 2045 511 2079 proventuum
534 2046 565 2071 et
590 2041 779 2071 reddituum
799 2042 948 2072 exhiberi
973 2051 1078 2081 usque
1100 2043 1140 2072 ad

129 2093 312 2124 triennium
335 2094 501 2129 faceretis,
526 2096 601 2125 vos¹
624 2095 784 2124 decimam
805 2094 997 2134 hujusmodi
1015 2096 1054 2125 ab
1074 2096 1140 2126 eis-

129 2147 204 2178 dem
222 2147 330 2186 priore
354 2152 385 2178 et
407 2153 588 2182 conventu,
612 2148 652 2178 ad
673 2148 836 2178 dictorum
857 2148 986 2179 abbatis
1010 2154 1040 2180 et
1062 2159 1140 2179 con-

129 2204 248 2231 ventus
263 2200 477 2232 instantiam.
501 2201 641 2239 exigatis
661 2212 666 2230 :
685 2201 772 2231 idem
789 2211 898 2232 comes
916 2202 1011 2232 nobis
1029 2202 1140 2232 humi-

128 2252 206 2284 liter
234 2253 435 2292 supplicavit
466 2259 518 2289 ut,
552 2244 627 2284 cu'm
658 2263 695 2284 ex
725 2254 786 2284 hoc
817 2264 915 2293 grave
946 2256 1139 2286 scandalum

128 2306 267 2340 oriatur.
287 2311 319 2337 et
334 2306 442 2337 dictus
461 2307 628 2345 prioratus
646 2317 766 2345 magno
783 2313 951 2346 prematur
967 2318 1066 2339 onere
1084 2310 1140 2339 de-

129 2359 288 2396 bitorum,
313 2363 345 2390 et
371 2360 562 2390 constitutis
588 2360 722 2397 ibidem,
756 2360 970 2392 laudabiliter
995 2363 1140 2400 predicte

129 2412 351 2451 hospitalitati
367 2413 575 2449 vacantibus,
597 2414 738 2444 materia
755 2413 883 2453 [possit]
908 2415 1004 2445 multi
1021 2415 1139 2445 discri-

130 2465 232 2496 minis
245 2465 427 2501 immineri,
445 2466 474 2496 si
488 2466 608 2496 dictam
619 2467 781 2498 decimam
793 2467 920 2498 solvere
930 2473 1136 2506 cogerentur.

129 2528 229 2557 super
243 2518 305 2549 hoc
321 2523 457 2558 paterne
473 2519 676 2558 provisionis
698 2520 846 2550 studium
863 2530 1026 2559 apponere
1043 2531 1140 2552 cura-

129 2580 253 2602 remus.
278 2572 365 2608 Quia
394 2581 470 2602 vero
496 2572 592 2602 nobis
613 2581 676 2602 non
706 2573 855 2603 constitit
885 2574 924 2604 de
952 2574 1136 2612 premissis,

129 2625 326 2655 mandamus
347 2630 524 2664 quatenus,
545 2635 718 2665 quousque
744 2635 843 2665 super
862 2626 924 2657 hoc
946 2628 1138 2657 mandatum

129 2682 280 2708 nostrum
303 2679 497 2716 receperitis
518 2679 673 2717 speciale.
697 2680 860 2709 exactioni
883 2680 990 2718 ipsius
1012 2680 1138 2711 decime

130 2730 347 2769 supersedere
362 2731 498 2761 curetis.
511 2732 584 2761 Dat.
604 2732 770 2766 Laterani,
785 2733 866 2763 VIII
877 2732 952 2763 idus
963 2733 1137 2769 februarii,

130 2792 219 2813 anno
235 2783 475 2814 tertiodecimo.
495 2796 508 2811 n

163 2949 184 2973 1.
203 2951 257 2973 Vos
269 2956 285 2972 a
303 2949 364 2979 deja
379 2949 422 2973 ete
438 2949 560 2980 exprime
578 2950 638 2980 plus
655 2950 721 2974 haut
738 2957 744 2974 :
763 2959 774 2972 u
791 2950 858 2975 Cum
879 2958 937 2978 ros,
954 2955 1113 2982 pretextu...
1129 2962 1141 2974 n

254 2998 442 3030 Ganoonzn
460 3005 510 3035 1x,
529 3009 547 3032 t.
568 3006 615 3030 111.

973 271 1208 310 TnssizOEME
1231 272 1388 307 ANNEE.

2170 286 2221 314 178

1290 344 1411 372 5⁰52
1782 348 1902 379 Latran,
1919 350 1933 374 ἴ
1951 350 2058 375 fex-rim·
2075 351 2151 376 1210.

1256 405 1383 440 Drogoni
1406 408 1441 433 de
1464 408 1657 437 Crablevitla.
1678 409 1783 435 clerico
1807 410 1881 443 regis
1900 411 2034 444 Angliac.
2060 427 2092 429 —
2115 413 2163 445 qui
2189 421 2224 438 ex

1220 455 1411 488 proventibus
1421 456 1511 482 trium
1521 456 1740 486 beneficiorum.
1751 466 1850 484 curam
1861 458 2028 485 animarum
2040 460 2224 492 habentium,

1220 511 1343 537 quorum
1366 512 1457 530 unum
1478 508 1547 531 ante
1568 506 1703 539 generale
1720 506 1879 532 concilium
1901 510 1929 533 et
1952 507 2008 533 duo
2031 508 2142 542 reliqua
2162 512 2225 542 post

1220 551 1298 578 idem
1314 553 1486 580 concilium.
1504 557 1606 587 sponte
1623 554 1756 587 pluribus
1768 554 1835 580 aliis
1849 555 2016 588 resignatis,
2031 564 2096 582 cum
2109 556 2226 590 dispew

1221 600 1334 627 satione
1350 602 1511 635 apostolica
1534 602 1657 636 adeptus
1678 605 1749 633 erat.
1773 611 1829 629 non
1854 606 1966 637 poterat
1982 604 2142 631 secundum
2161 612 2227 638 per-

1221 658 1308 676 sonae
1325 658 1393 676 suae
1406 654 1515 676 statum
1538 654 1566 677 et
1587 655 1681 677 terrae
1700 652 1943 678 consuetudinem
1967 661 2109 686 expensas
2127 661 2229 679 neces-

1222 698 1314 724 sarias
1329 699 1485 726 sustinere.
1503 714 1534 717 —
1551 699 1696 732 indulget,
1713 700 1900 733 supplicante
1911 709 1976 734 rege
1988 701 2123 734 Angliae.
2141 704 2173 727 ut
2188 701 2226 732 ei,

1222 755 1312 772 unum
1331 755 1366 772 ex
1383 746 1532 773 beneficiis
1549 747 1610 773 illis
1627 748 1800 781 resignanti,
1817 748 1903 774 liceat
1920 749 2013 780 aliud,
2029 749 2118 775 etiam
2135 749 2158 775 si
2176 758 2228 776 eu-

1223 803 1284 821 ram
1307 796 1493 821 consimilem
1518 795 1633 827 habeat,
1655 796 1784 830 recipere
1806 800 1832 823 et
1854 805 1912 823 una
1934 805 1998 823 eum
2024 797 2133 824 eisdem
2156 797 2229 824 reti—

1223 853 1300 870 nere.
1319 859 1349 862 —
1367 845 1454 875 (nm.
1470 845 1512 876 19,
1529 846 1548 871 f.
1565 846 1614 871 1⁴7
1629 843 1701 879 [141]
1718 848 1760 877 x·⁰;
1777 854 1846 871 aun.
1864 846 1946 878 xm,
1958 854 1982 872 0.
1999 846 2074 877 213.)

1264 958 1275 971 «
1298 947 1428 981 Drogloni
1451 946 1484 974 de
1505 947 1724 983 C1-‹1t1ler1'llsu].
1745 948 1852 974 clerico
1873 947 2032 975 karissimi
2057 948 2086 975 ῖιι
2111 949 2231 976 Christo

1221 1000 1282 1035 filii
1299 1000 1396 1027 nostri
1414 1021 1430 1026 ..

1223 1051 1389 1080 Laterani.
1412 1051 1474 1080 VII
1495 1050 1569 1079 idus
1586 1050 1759 1079 februarii.
1779 1059 1864 1079 anno
1882 1051 2118 1079 tertiodecimo.
2140 1064 2150 1076 n

1453 999 1584 1027 illustris
1603 1000 1679 1035 reglis
1696 1000 1811 1035 ,iizylien
1826 998 1919 1028 Cum.
1936 999 2019 1027 sicut
2038 1009 2073 1027 ex
2087 1017 2135 1027 —.
2154 1001 2227 1028 Dat.

1293 1222 1412 1249 5053

1260 1284 1376 1311 Simoni
1390 1284 1425 1310 de
1442 1284 1576 1315 Offham,
1591 1284 1743 1317 capellan-1
1759 1283 1833 1316 regis
1847 1284 1983 1317 Angliae,
1999 1285 2143 1319 indulget.
2160 1294 2231 1320 sup-

1223 1333 1354 1367 plicante
1371 1332 1470 1359 eodem
1488 1340 1564 1365 rege,
1579 1334 1611 1358 ut
1628 1340 1693 1358 cum
1712 1331 1862 1364 beneficio,
1880 1341 1977 1359 euram
1996 1333 2163 1361 animarum
2176 1335 2231 1361 ha—

1223 1381 1315 1413 benti,
1338 1381 1413 1415 quod
1437 1384 1506 1407 tunc
1531 1380 1694 1410 obtinebat.
1718 1389 1808 1406 unum
1830 1381 1923 1413 aliud,
1942 1382 2031 1408 etiam
2053 1382 2076 1408 si
2097 1383 2227 1410 similem

1223 1438 1322 1457 curam
1342 1429 1458 1461 habeat,
1472 1429 1602 1462 recipere
1615 1432 1642 1455 et
1660 1428 1786 1455 retinere
1800 1429 1901 1463 possit.
1919 1444 1950 1447 —
1966 1431 2053 1460 (ΠΕΟ.
2076 1431 2119 1462 19,
2139 1432 2158 1457 t‘.
2179 1431 2230 1458 148

1224 1477 1297 1514 [14⁵2]
1312 1482 1353 1509 r⁰;
1370 1486 1440 1505 ann.
1462 1478 1544 1507 xm.
1561 1486 1586 1504 c.
1603 1477 1678 1507 214.)

1784 1222 1908 1254 Latran,
1924 1223 1939 1247 7
1956 1223 2064 1249 levrici·
2080 1223 2157 1250 1210.

1265 1593 1277 1606 (ι
1298 1581 1425 1617 Symoni
1439 1580 1473 1608 cle
1490 1579 1618 1615 Offlmm,
1638 1580 1794 1616 capellano
1809 1579 1969 1607 karissimi
1989 1580 2019 1608 in
2037 1580 2155 1609 Christo
2170 1581 2230 1616 lilii

1225 1635 1322 1662 nostri
1339 1656 1360 1661 ..
1381 1633 1512 1661 illustris
1532 1634 1610 1668 roais
1631 1633 1746 1669 «tnqlie.
1764 1631 1921 1661 Volentes
1939 1636 2071 1670 propter
2086 1632 2234 1670 probita-

1224 1690 1289 1715 tem
1304 1703 1353 1715 ——.
1374 1687 1446 1715 Dat.
1465 1690 1627 1723 utsupra.
1648 1697 1660 1711 η

1295 1857 1415 1885 5054

1258 1919 1410 1946 Aimarico
1430 1918 1466 1945 de
1479 1919 1622 1950 Plasseto,
1639 1918 1745 1944 rectori
1762 1918 1902 1945 ecclesiae
1913 1918 1949 1945 de
1962 1919 2091 1946 Blatwic
2106 1921 2151 1950 (Ξ
2162 1920 2231 1946 Bla-

1224 1968 1419 2002 therwycke),
1437 1967 1657 1994 Lincolniensis
1673 1967 1826 1999 dioecesis,
1844 1967 1978 2001 indulget
1996 1971 2027 1994 ut
2045 1976 2111 1995 cum
2128 1968 2230 1995 eadem

1224 2017 1358 2049 ecclesia,
1383 2025 1483 2043 curam
1507 2016 1675 2043 animarum
1699 2015 1832 2048 habenti,
1848 2016 1932 2049 cujus
1948 2020 2107 2050 proventus
2122 2017 2231 2051 viginti

1224 2066 1355 2100 quinque
1370 2073 1494 2097 marcas,
1511 2065 1588 2092 sicut
1604 2064 1721 2091 dicebat
1738 2064 1816 2091 idem
1841 2068 1945 2097 rector,
1966 2073 2022 2091 non
2040 2065 2232 2098 excedebant,

1223 2115 1345 2141 unicum
1369 2114 1556 2143 beneficium.
1577 2114 1666 2140 etiam
1689 2113 1713 2140 si
1736 2113 1867 2140 similem
1892 2122 1991 2140 curam
2019 2114 2135 2146 habeat,
2158 2115 2233 2141 reci-

1223 2172 1292 2198 pere
1308 2166 1337 2190 et
1353 2163 1480 2189 retinere
1498 2162 1598 2197 possit.
1617 2162 1804 2194 —<R130.19,
1822 2161 1997 2197 f.148[142}
2014 2166 2053 2194 r⁰;
2068 2171 2137 2189 ann.
2150 2163 2232 2196 XIII,

1223 2221 1248 2239 c.
1265 2212 1340 2243 215.)

1791 1857 1911 1889 Lati-au,
1926 1858 1941 1883 ’ἶ
1956 1857 2064 1884 sevrier
2080 1858 2158 1885 1240.

1266 2327 1277 2340 «
1300 2315 1456 2343 :tinini-[co
1472 2313 1505 2341 cle
1521 2313 1658 2347 Plassc!o‚
1682 2313 1791 2341 rectori
1807 2313 1924 2341 ecclesie
1940 2313 1973 2341 cle
1991 2313 2145 2341 Blatzcicu
2164 2314 2232 2341 Liu-

1223 2369 1287 2398 coln
1296 2369 1388 2396 iensis
1403 2367 1537 2396 diocesis.
1556 2365 1604 2395 Ad
1618 2365 1801 2395 faciendam
1818 2364 1878 2394 tibi
1891 2383 1940 2394 —.
1957 2366 2030 2395 Dat.
2046 2370 2229 2404 utsupra.»

1293 2539 1414 2567 5055

1257 2601 1435 2636 Episcopum
1463 2604 1489 2627 et
1512 2600 1678 2634 capitulum
1705 2598 1941 2626 Saresberienses
1967 2602 2047 2631 rogat
2074 2600 2103 2625 et
2130 2602 2229 2625 monet

1222 2654 1367 2685 quatenus
1378 2646 1593 2684 XWillelmum]
1611 2648 1733 2679 Hardel,
1746 2647 1821 2681 regis
1834 2646 1961 2680 Angliae
1976 2646 2128 2678 clericum,
2141 2655 2227 2680 quem

1786 2536 1908 2568 Latran,
1925 2537 1940 2562 4
1957 2536 2065 2563 fex-rier
2079 2536 2158 2562 1240.

1254 2772 1273 2795 l.
1290 2771 1366 2795 Nous
1380 2770 1507 2793 donnons
1522 2772 1593 2792 cette
1609 2769 1695 2799 partie
1711 2768 1744 2791 de
1760 2767 1890 2791 l'adresse
1906 2767 1968 2790 telle
1984 2766 2066 2796 qu'on
2078 2767 2102 2789 la
2113 2767 2144 2790 lit
2159 2766 2228 2789 dans

1221 2817 1247 2840 la
1263 2816 1334 2840 table
1350 2815 1398 2838 des
1416 2815 1539 2843 capitula
1555 2813 1588 2837 de
1602 2813 1627 2836 la
1643 2812 1718 2836 Xlll·
1728 2812 1828 2839 anime:
1853 2818 1883 2835 ce
1909 2814 1982 2834 texte
1999 2814 2039 2834 est
2053 2811 2229 2833 vraisembla-

1222 2862 1341 2884 blement
1359 2859 1429 2883 celui
1447 2858 1527 2882 d'une
1550 2858 1696 2881 rubricelle
1714 2856 1889 2887 auJourd'hui
1916 2856 2055 2885 disparuc.
2083 2855 2119 2878 La
2141 2855 2230 2884 lecon,

1223 2906 1311 2929 moins
1326 2905 1425 2931 bonne,
1447 2903 1623 2930 semble-t-il,
1646 2902 1680 2925 dc
1705 2902 1730 2924 la
1754 2901 1896 2930 rubrique,
1917 2903 1976 2923 cst:
2000 2908 2010 2921 (ι
2030 2901 2182 2922 Aumarico
2197 2900 2229 2921 de

1223 2952 1353 2978 Ptesseeo,
1372 2949 1473 2972 rectori
1489 2949 1604 2971 ecclesie
1619 2948 1652 2970 tie
1669 2948 1818 2969 Blarwic...
1836 2954 1847 2966 n

2080 2999 2105 3022 12
