2553 3526
165 287 219 317 331
971 279 1281 324 QUATORZIEME
1305 282 1463 320 ANNEE.
2207 301 2264 330 382

163 355 226 382 siae
242 354 462 389 Magalonensis
475 357 643 381 amoveant.
662 369 693 372 —
706 355 792 386 (Rea.
807 354 851 387 20,
865 356 884 380 f.
900 355 933 381 43
946 358 987 386 v‘';
1006 363 1075 381 ann.
1089 355 1171 386 XIV,

162 412 190 431 c.
212 403 287 434 262.)

206 516 218 530 «
238 504 248 543 [
256 527 443 533 ..........
451 502 460 542 ]
481 503 573 533 Sicut
590 503 713 533 nostris
730 504 792 533 suit
809 504 947 533 auribus
966 503 1168 537 intimatum,

164 558 199 587 P.
227 557 377 590 sacrista,
403 556 575 586 ,Iohannes
592 556 755 585 Atbrandi
784 560 815 586 et
841 556 975 595 quidam
1002 556 1059 585 alii
1076 565 1171 585 cano-

163 609 231 639 nici
255 609 394 640 ecclesie
420 609 677 647 Magalonensis,
704 609 831 639 ordinis
849 609 955 638 sancti
976 610 1168 646 Augustini,

160 672 181 692 a
204 672 239 693 se
261 664 340 701 Jugo
363 662 536 700 religionis
564 662 701 701 abjecto,
723 671 780 700 per
807 662 955 692 seculum
982 662 1170 700 irreligiose

159 715 366 750 discurrunt,
388 715 494 753 magis
516 715 694 744 tumultum
718 714 920 745 secularium
941 724 1040 753 quam
1061 715 1170 746 claus-

162 768 244 798 trale
267 768 438 798 silentium
461 768 634 805 eligentes,
658 772 697 802 et,
722 768 929 806 quorundam
952 768 1113 798 nobilium
1133 778 1169 798 ac

159 821 345 861 potentium
368 820 496 851 suffulti
520 821 642 852 favore,
669 830 766 859 quem
791 821 1021 859 acquisierunt
1043 822 1107 851 sibi
1131 822 1169 852 de

159 874 302 914 pecunia
327 873 477 904 sacristie
500 874 607 912 ipsius
629 873 779 907 ecclesie,
802 883 900 912 quam
923 875 1010 904 idem
1030 875 1169 905 sacrista

156 927 302 958 diversis
318 927 538 957 creditoribus
556 927 678 956 dicitur
694 926 870 965 obligasse.
891 928 1120 958 contentiones
1138 933 1169 958 et

160 981 249 1011 rixas
268 984 473 1010 commovent
494 980 582 1010 inter
603 980 734 1015 fratres,
757 985 799 1014 et,
822 985 992 1019 assumpto
1013 981 1168 1011 rebellio-

159 1034 212 1064 nis
229 1033 365 1072 spiritu‚
383 1033 517 1063 obedire
536 1033 720 1063 venerabili
739 1034 833 1063 fratri
854 1039 964 1064 nostro
982 1058 1003 1063 ..
1022 1035 1168 1073 Magalo-

158 1087 255 1117 nensi
273 1087 452 1126 [episcopo]
468 1087 607 1125 eJusque
624 1086 800 1116 observare
815 1087 968 1116 mandata
984 1092 1014 1117 et
1033 1092 1168 1117 560160-

158 1140 221 1170 tias
238 1144 476 1178 aspernantur;
493 1139 573 1169 adeo
592 1140 689 1178 quod,
708 1145 822 1170 contra
840 1140 1099 1178 prohibitionem
1116 1141 1167 1179 ip-

155 1194 228 1224 sius
242 1193 399 1231 episcopi,
418 1193 712 1222 excommunicatis
725 1197 755 1222 et
768 1193 906 1222 ecclesie
920 1193 1167 1231 Magalonensis

156 1245 425 1285 persecutoribus
448 1245 593 1275 scienter
615 1245 825 1284 participant,
852 1251 882 1275 et
899 1246 1107 1277 secularibus
1131 1257 1167 1278 ac

153 1299 285 1329 illicitis
308 1298 450 1336 negotiis
468 1307 502 1328 se
520 1298 720 1333 immiscent,
739 1299 876 1329 eandem
899 1299 1073 1329 ecclesiam
1093 1309 1167 1337 gra-

155 1351 240 1382 viter
265 1351 508 1390 persequendo.
531 1352 570 1381 Et
593 1360 666 1381 61110
692 1361 796 1390 nuper
817 1352 903 1382 idem
929 1353 1102 1391 episcopus
1127 1354 1167 1383 ad

152 1404 388 1442 corrigendum
408 1413 521 1434 eorum
545 1413 700 1434 excessus
722 1410 753 1435 et
771 1409 891 1434 statum
919 1405 1003 1435 dicte
1027 1406 1167 1436 ecclesie

153 1457 403 1488 reformandum
422 1466 458 1487 ex
478 1457 578 1486 officii
598 1457 650 1487 sui
671 1457 781 1487 debito
799 1457 974 1492 laboraret,
997 1459 1072 1497 ipsi.
1094 1464 1166 1488 tan-

151 1519 253 1549 quam
276 1510 361 1540 111616
379 1509 443 1539 sibi
462 1510 598 1545 conscii,
618 1519 652 1540 se
671 1519 689 1539 a
707 1511 833 1548 prefata
857 1511 997 1541 ecclesia
1023 1512 1084 1542 sub
1109 1522 1166 1551 ap-

152 1562 344 1601 pellationis
358 1563 496 1600 diffugio
509 1563 749 1593 contumaciter
761 1563 987 1599 absentantes,
1000 1565 1165 1604 adjunctis

151 1616 219 1646 sibi
242 1615 441 1655 quibusdam
464 1616 661 1654 perditionis
681 1616 770 1651 filiis,
791 1617 951 1655 quasdam
968 1617 1091 1653 domos,
1112 1628 1165 1648 ec-

150 1668 272 1699 clesias
287 1673 319 1699 et
335 1668 401 1698 alia
417 1669 503 1698 hona
522 1669 669 1708 ejusdem
685 1669 835 1705 ecclesie,
859 1670 993 1708 injectis
1013 1671 1046 1699 in
1064 1680 1164 1710 quos—

150 1721 226 1752 dam
246 1731 360 1752 earum
383 1721 522 1752 clericos
548 1722 703 1752 manibus
729 1728 850 1752 temere
874 1723 1039 1759 violentis,
1060 1724 1163 1755 illatis

148 1774 200 1805 eis
216 1774 331 1805 multis
348 1774 500 1813 dampnis
526 1784 562 1804 ac
588 1775 744 1813 gravibus
765 1775 900 1814 injuriis
917 1776 1084 1814 irrogatis,
1105 1786 1163 1807 ne-

148 1827 262 1867 quiter
276 1832 490 1866 occuparunt,
511 1828 545 1857 in
563 1837 676 1858 eorum
693 1828 914 1867 prejudicium
929 1834 959 1859 et
971 1839 1160 1867 gravamen.

151 1881 191 1911 Et
205 1880 283 1911 licet
299 1880 407 1911 dictus
420 1881 603 1919 episcopus,
621 1890 679 1920 pro
692 1881 758 1911 hiis
776 1886 806 1912 et
826 1882 901 1912 aliis
920 1883 1033 1912 multis
1048 1892 1162 1913 eorum

147 1934 333 1964 sceleribus
356 1934 557 1969 manifestis,
581 1934 615 1963 in
642 1943 707 1971 eos,
736 1939 848 1973 utpote
878 1944 961 1974 quos
986 1935 1163 1974 appellatio

149 1987 237 2017 tueri
253 1996 318 2017 non
337 1992 465 2026 poterat
481 1987 515 2016 in
533 1987 688 2026 peccatis,
709 1988 1064 2018 excommunicationis
1085 1998 1161 2019 5611-

149 2041 288 2071 tentiam
305 2040 501 2070 anctoritate
524 2040 667 2079 propria,
687 2040 840 2078 exigente
853 2041 997 2079 justitia,
1014 2042 1161 2080 promul-

148 2093 247 2132 garit,
261 2093 393 2124 eosdem
408 2093 710 2123 excommunicatos
725 2093 855 2131 publice
874 2094 1057 2124 nuntiando
1073 2104 1079 2123 :
1097 2095 1162 2133 ipsi

150 2152 272 2182 tamen,
299 2146 566 2177 maledictionem
593 2146 746 2176 bibentes
775 2151 811 2176 ut
841 2156 971 2185 aquam,
998 2151 1029 2177 et
1055 2148 1159 2186 ipsam

146 2199 503 2231 excommunicationis
513 2199 713 2229 sententiam
727 2200 984 2238 dampnabiliter
997 2206 1163 2240 contemp-

151 2257 280 2288 nentes,
297 2252 411 2282 divina
427 2252 535 2282 officia
551 2252 730 2287 celebrare,
749 2253 849 2283 immo
863 2253 986 2288 verius,
1000 2259 1161 2292 quantum

149 2306 186 2336 in
209 2306 258 2336 615
282 2310 342 2341 651,
370 2305 578 2343 prophanare
599 2310 807 2344 presumunt,
833 2310 863 2335 et
889 2306 929 2335 ad
949 2307 1161 2345 prophanan-

147 2360 229 2389 dum
245 2359 405 2398 quosdam
418 2358 501 2388 alios
513 2359 855 2389 excommunicatione
868 2359 987 2397 ligatos
1003 2360 1161 2391 inducere

149 2416 442 2450 presumpse1·unt;
466 2416 496 2441 et
510 2411 605 2450 quasi
622 2416 811 2450 peccatores
828 2412 897 2451 qui,
916 2421 990 2442 61110
1009 2414 1161 2443 venerint

150 2465 185 2495 in
199 2464 401 2503 profundum
415 2468 636 2502 peccatorum,
650 2469 919 2502 contempnunt1,
933 2471 1066 2503 peccata
1080 2467 1162 2496 coti-

147 2517 204 2547 die
227 2516 397 2547 cumulare
414 2517 569 2555 peccatis,
588 2521 619 2547 et
636 2517 795 2552 enormia,
815 2526 878 2556 que
895 2518 1023 2555 pudori,
1042 2519 1162 2549 relatui

147 2574 182 2601 61
200 2570 330 2600 auditui
348 2575 425 2600 sunt
442 2570 581 2606 horrori,
608 2571 813 2600 committere
835 2580 900 2600 non
923 2577 1095 2608 verentur;
1116 2573 1163 2603 ita

146 2623 237 2663 quod
254 2632 367 2653 eorum
386 2623 480 2662 culpe
500 2623 567 2653 sint
584 2623 652 2662 jam
675 2623 760 2653 facte
778 2624 876 2653 ruina
899 2629 930 2654 et
945 2624 1085 2663 laqueus
1105 2635 1162 2664 po-

147 2673 333 2715 pulorum?
348 2677 397 2706 Ne
414 2677 518 2714 igitur
531 2676 723 2715 hujusmodi
739 2680 804 2705 tam
818 2685 970 2707 enormes
985 2682 1016 2707 et
1031 2678 1162 2708 abusivi

147 2737 306 2759 excessus
322 2729 466 2767 rigorem
486 2729 647 2767 effugiant
667 2729 827 2759 canonice
850 2729 1000 2765 ultionis,
1026 2731 1163 2761 manda-

149 2790 224 2811 mus
243 2785 422 2820 quatenus,
450 2791 515 2811 non
536 2782 688 2812 obstante
710 2781 796 2820 quod
818 2782 958 2812 sacrista
978 2787 1009 2812 et
1031 2783 1089 2813 alii
1109 2793 1163 2814 ca-

184 2914 206 2938 1.
223 2914 264 2940 Cf.
283 2915 369 2940 PROV.
385 2915 487 2946 XVIII,
503 2915 526 2940 3.

179 2959 206 2983 ⁴2.
223 2959 265 2984 Cf.
281 2959 337 2984 IsA.
357 2960 430 2989 VIII,
450 2959 487 2985 14.

1257 355 1368 383 000161
1386 357 1567 394 supradicti
1583 368 1601 387 a
1617 359 1735 389 Zoeno.
1754 361 2032 399 archipresbitero
2047 365 2259 403 110000161151,

1256 407 1344 437 ν1665
1369 411 1569 441 venerabilis
1588 413 1701 442 fratris
1726 414 1829 443 nostri
1854 438 1872 443 ..
1895 416 2039 454 episcopi
2063 419 2262 455 Penesti-ini,

1255 461 1443 498 Apostolice
1473 464 1566 494 Sedis
1590 465 1700 502 legati,
1730 471 1764 495 ut
1794 467 1927 503 dicitur,
1955 469 1987 498 in
2019 471 2168 507 partibus
2196 472 2263 503 illis

1255 518 1400 549 gerente,
1415 515 1504 545 nulla
1518 517 1746 548 satisfactione
1762 521 1909 558 prestita.
1926 523 2263 560 postappellationem

1255 566 1293 594 ad
1312 575 1370 596 nos
1388 567 1534 605 legitime
1554 570 1793 609 interpositam.
1813 582 1846 602 se
1866 574 2014 603 fecerunt
2032 576 2169 612 absolvi,
2192 587 2264 607 eos-

1254 618 1326 649 dem
1344 621 1517 651 sacristam
1532 628 1562 653 et
1579 625 1766 660 canonicos,
1788 626 1864 655 nisi.
1886 628 2002 657 moniti
2021 638 2038 658 a
2055 629 2159 663 vobis,
2176 631 2262 660 infra

1254 678 1492 711 competentem
1518 677 1695 706 terminum
1720 688 1817 717 quem
1844 680 1892 709 eis
1919 681 2080 711 duxeritis
2103 684 2262 721 prefigen-

1253 724 1343 762 dum,
1361 726 1400 755 ab
1416 727 1604 766 hujusmodi
1624 731 1693 760 suis
1713 733 1877 769 perversis
1900 734 2028 763 actibus
2048 736 2260 774 resipuerint,

1252 778 1475 809 obedientiam
1493 787 1523 810 et
1540 784 1773 818 reverentiam,
1797 789 1830 814 ut
1854 790 2017 816 tenentur.
2038 788 2156 825 [eidem
2174 790 2260 827 epis-

1252 840 1331 869 copo
1365 833 1575 873 exhibendo]
1602 845 1638 865 ac
1667 842 1823 875 occupata
1851 843 1881 867 et
1909 839 2017 869 ablata
2052 842 2260 872 restituerint

1253 885 1419 919 universa,
1441 886 1473 915 in
1492 887 1635 917 claustro
1652 898 1711 918 suo
1729 890 1925 925 regulariter
1947 894 2117 929 moraturi,
2142 900 2260 926 extunc

1252 938 1374 967 curetis
1394 939 1433 967 ab
1450 940 1580 972 officiis,
1598 941 1830 978 dignitatibus,
1849 944 2021 974 beneficiis
2038 951 2067 976 et
2086 949 2259 978 amminis-

1251 991 1451 1021 trationibus
1477 993 1547 1021 suis
1573 1003 1608 1023 ac
1635 995 1675 1023 ab
1701 996 1839 1025 ecclesie
1866 999 2094 1035 prenominate
2120 1001 2258 1039 collegio

1250 1052 1413 1074 amovere.
1432 1045 1700 1077 Contradictores
1717 1053 1797 1083 616.;
1816 1050 1968 1080 invocato
1985 1052 2023 1080 ad
2041 1052 2112 1088 hoc,
2132 1054 2159 1082 si
2176 1063 2256 1092 opus

1251 1096 1361 1126 fuerit.
1376 1097 1499 1127 auxilio
1517 1099 1644 1129 brachii
1662 1101 1840 1137 secularis3
1860 1103 1961 1132 nullis
1976 1104 2097 1135 litteris
2116 1106 2258 1144 ob[stan-

1251 1149 1350 1188 tibus]
1369 1150 1487 1179 barum
1505 1152 1642 1191 teno[re]
1666 1154 1788 1191 ta[cito]
1810 1164 1828 1184 a
1845 1155 1928 1185 Sede
1945 1158 2134 1194 Apostolica
2154 1159 2258 1198 impe-

1251 1202 1357 1231 tratis.
1375 1203 1469 1239 Quod
1486 1204 1514 1233 si
1532 1213 1596 1234 non
1613 1215 1728 1236 omnes
1746 1211 1806 1236 etc.
1826 1208 1898 1237 Dat.
1914 1214 1949 1238 ut
1966 1219 2076 1248 supra.
2098 1224 2109 1237 »

1320 1395 1439 1423 54¹2
1829 1401 1952 1434 Latran,
1970 1403 1999 1429 11
2017 1412 2094 1430 mars
2112 1405 2188 1432 1211.

1284 1456 1368 1492 [Regi
1393 1458 1602 1494 Francorum-l
1630 1460 1664 1486 de
1688 1461 1789 1488 eadem
1815 1471 1843 1489 re
1867 1464 2010 1496 scribens,
2032 1474 2096 1492 611111
2125 1470 2205 1501 rogat
2232 1472 2259 1495 et

1249 1510 1347 1532 monet
1362 1510 1507 1540 quatenus
1523 1508 1669 1542 60156000,
1687 1511 1853 1544 praeposito
1874 1515 1902 1538 et
1916 1513 2047 1546 capitulo
2064 1514 2257 1549 Magalonen-

1247 1554 1327 1581 sibus
1348 1558 1450 1581 eontra
1474 1556 1506 1582 P.
1525 1557 1691 1590 sacristam,
1712 1559 1876 1586 Joliannem
1900 1561 2048 1588 Athrandi
2071 1566 2099 1590 et
2120 1565 2259 1597 quosdam

1246 1603 1320 1629 alios
1356 1604 1512 1630 canonicos
1547 1605 1769 1639 Magalonensis
1802 1609 1954 1642 ecclesiae,
1989 1611 2037 1644 qui
2075 1612 2149 1639 bona
2183 1614 2261 1647 ejus-

1246 1652 1311 1678 dem
1335 1653 1476 1679 ecclesiae
1498 1654 1633 1687 nequiter
1653 1660 1844 1689 occuparant,
1867 1667 2001 1685 enormes
2026 1668 2160 1687 excessus
2178 1670 2259 1688 com-

1247 1701 1403 1732 mittendo,
1425 1704 1453 1728 et
1478 1702 1588 1729 eisdem
1613 1704 1748 1738 episcopo
1773 1708 1801 1732 et
1822 1706 1890 1733 aliis
1920 1708 2014 1734 multa
2039 1709 2148 1736 damna
2177 1710 2258 1737 intu-

1246 1751 1351 1782 lerant,
1369 1751 1526 1778 efficaciter
1541 1753 1671 1779 assistat.
1690 1768 1721 1771 —
1738 1755 1824 1785 (Iino.
1841 1755 1886 1788 20,
1911 1758 1930 1783 f.
1958 1757 1989 1783 44
2010 1761 2051 1789 r⁰3
2077 1767 2146 1785 ann.
2171 1760 2253 1793 XIV,

1244 1808 1268 1826 c.
1288 1800 1354 1831 263;
1373 1815 1404 1818 —
1422 1800 1554 1828 MOREAU
1571 1801 1650 1833 1193,
1668 1803 1687 1828 f.
1706 1802 1780 1834 193.)

1286 1914 1298 1927 «
1318 1901 1351 1940 [..
1368 1902 1431 1938 reqi
1447 1903 1663 1942 Francormn.]
1681 1904 1773 1934 Sicut
1793 1906 1916 1936 nostris
1939 1908 2002 1937 suit
2019 1909 2156 1940 auribus
2172 1911 2254 1941 inti-

1245 1959 1380 1989 matum,
1401 1956 1436 1984 P.
1455 1955 1605 1991 sacrista,
1624 1956 1795 1987 ‚Iohannes
1816 1959 1978 1989 Atbrandi
1996 1966 2025 1991 et
2042 1963 2175 2000 quidam
2196 1964 2254 1994 alii

1244 2007 1397 2037 canonici
1414 2008 1661 2045 Magalonensis
1683 2010 1833 2046 ecclesie,
1854 2013 1981 2043 ordinis
2001 2015 2107 2044 sancti
2125 2017 2254 2055 Augus-

1246 2060 1322 2095 tini,
1341 2060 1507 2099 adjunctis
1524 2061 1589 2091 sibi
1607 2062 1805 2100 quibusdam
1827 2064 2017 2104 iniquitatis
2043 2067 2133 2103 filiis,
2154 2079 2254 2108 quas-

1245 2113 1319 2142 dam
1336 2113 1460 2147 domos,
1477 2114 1635 2144 ecclesias
1653 2120 1683 2145 61
1698 2116 1764 2145 alia
1783 2117 1869 2147 bona
1888 2119 2135 2156 Magalonensis
2150 2123 2254 2154 66616-

1245 2166 1305 2200 sie,
1339 2166 1472 2205 injectis
1506 2167 1539 2196 in
1577 2169 1737 2206 quosdam
1774 2179 1887 2200 earum
1925 2171 2062 2203 clericos
2101 2176 2255 2207 manibus

1246 2224 1367 2249 temere
1389 2219 1557 2255 violentis,
1583 2230 1620 2250 ac
1642 2221 1745 2252 illatis
1768 2224 1951 2254 venerabili
1974 2226 2069 2256 fratri
2095 2233 2207 2259 nostro
2234 2253 2253 2259 ..

1245 2273 1397 2311 episcopo
1414 2277 1445 2302 et
1461 2273 1591 2304 dilectis
1610 2274 1688 2304 filiis
1707 2299 1726 2304 ..
1745 2278 1912 2315 preposito
1929 2282 1960 2307 et
1980 2280 2124 2317 capitulo
2142 2282 2254 2320 Maga-

1244 2325 1439 2356 lonensibus
1457 2326 1570 2356 multis
1588 2327 1740 2366 dampnis
1759 2334 1789 2359 et
1807 2331 1964 2367 gravibus
1982 2332 2116 2371 injuriis
2131 2335 2253 2373 irroga—

1246 2379 1299 2413 tis,
1324 2378 1477 2416 nequiter
1498 2386 1716 2418 occuparunt,
1742 2381 1825 2412 alios
1852 2392 2004 2414 enormes
2029 2394 2183 2417 excessus
2203 2389 2255 2417 01-

1244 2431 1446 2461 chilominus
1483 2433 1731 2463 committendo.
1770 2435 1809 2464 Et
1845 2434 1922 2466 licet
1957 2437 2044 2467 idem
2082 2439 2254 2478 episcopus

1246 2489 1377 2522 propter
1396 2484 1506 2514 116610
1526 2494 1581 2515 605
1605 2490 1635 2516 61
1659 2486 1693 2515 10
1715 2487 1776 2516 1106
1798 2488 2036 2526 participantes
2062 2500 2135 2520 61101
2160 2492 2253 2530 ipsis,

1245 2537 1452 2576 coadjutores
1470 2547 1506 2568 ac
1524 2543 1743 2577 receptatores
1760 2549 1873 2570 eorum
1891 2550 1949 2571 sue
1962 2542 2114 2579 diocesis,
2131 2554 2255 2575 excom-

1246 2590 1484 2620 municationis
1497 2592 1696 2621 sententiam
1708 2593 1903 2623 auctoritate
1916 2595 2095 2631 ordinaria,
2105 2598 2255 2634 exigente

1241 2642 1383 2681 justitia,
1403 2644 1630 2682 promulgarit,
1650 2645 1751 2675 iidem
1771 2650 1877 2676 tamen
1892 2648 2031 2678 sacrista
2045 2654 2075 2679 ct
2091 2652 2254 2687 canonici,

1245 2696 1366 2725 dictam
1383 2697 1584 2726 sententiam
1601 2697 1859 2736 dampnabiliter
1881 2705 2162 2740 contempnentes,
2191 2713 2256 2735 non

1279 2828 1300 2852 ¹.
1321 2828 1375 2852 Sur
1396 2829 1532 2853 l'absence
1556 2830 1705 2858 d'adresse,
1730 2832 1764 2855 cf.
1785 2833 1824 2856 les
1847 2833 1938 2863 016665
1959 2835 2154 2865 precedente&
2179 2838 2195 2860 il
2217 2842 2258 2861 est

1246 2873 1335 2903 facile,
1352 2873 1458 2903 d'apres
1480 2874 1662 2905 l'cxpression
1679 2883 1690 2897 α
1709 2877 1885 2901 serenitatem
1902 2879 2003 2908 regiain
2021 2889 2032 2902 »
2050 2885 2075 2903 61
2093 2881 2199 2911 d'apres
2217 2883 2256 2906 les

1247 2919 1276 2941 in
1293 2919 1415 2941 eundem
1434 2921 1551 2942 modum
1576 2920 1621 2950 qui
1644 2921 1754 2944 suivcnt
1773 2922 1797 2944 la
1815 2923 1942 2953 presente
1966 2925 2053 2954 pii-ce,
2071 2926 2104 2949 dc
2128 2927 2259 2951 restitues

1246 2965 1317 2986 cette
1337 2962 1450 2986 adresse
1471 2970 1519 2993 par
1542 2965 1710 2993 conjecture.
