2553 3526
273 275 325 303 Νι
1000 265 1238 298 nucisrnsss
1262 263 1315 292 DE
1339 255 1560 292 GREGoinE
1584 263 1642 293 ix.
2311 265 2356 293 25·

344 341 396 369 51
406 340 460 367 91
872 338 992 365 Latran,
1005 335 1038 361 29
1054 334 1112 360 mai
1130 332 1207 359 1210.

310 412 322 427 α
340 404 371 429 In
389 402 513 428 eundem
537 403 595 427 lero
616 401 734 427 modum
757 421 773 426 ..
798 399 897 423 dri-(mo
913 401 934 423 ct
951 397 1070 430 rapitulo
1088 393 1279 426 Burymixilmx,

273 460 386 485 usque:
409 451 534 476 salutem
556 449 694 475 videlicet
719 448 899 474 animarum.
926 445 1070 476 Quocirca
1091 440 1280 469 universitati

273 504 369 526 vestre
393 508 442 533 per
462 498 622 532 apostolica
641 497 748 529 scripta
775 495 951 521 mandanms
970 495 1114 527 quatenus
1138 491 1194 525 ipsi
1215 492 1281 517 tan-

274 557 360 582 quam
378 547 451 582 patri
468 550 495 573 et
509 546 614 580 pastori
626 545 792 571 animarum
807 546 971 569 vestrarum
985 543 1071 575 plene
1082 549 1115 567 ac
1127 539 1283 566 humiliter

274 596 447 627 intendatis,
465 599 491 621 et
509 593 674 620 exhibeatis
691 593 715 618 ei
731 591 931 618 obedientiam
950 592 977 616 et
989 588 1184 615 reverentiam
1203 587 1282 613 debi-

273 649 333 671 tam
363 650 387 670 et
419 644 566 673 devotam,
595 643 657 675 ejus
682 641 810 667 salubria
838 639 951 666 monita
973 641 1001 664 et
1025 637 1166 664 mandata
1190 636 1283 663 susci-

274 696 380 730 piendo
397 696 500 721 devote
516 703 548 720 ar
566 692 782 719 inviolabiliter
799 689 990 717 1⁷›bservan12ld
1005 688 1144 722 Alioquin
1162 689 1283 713 senten-

274 745 346 771 tiam
365 752 450 777 quam
469 743 547 769 idem
568 742 622 768 rite
639 741 742 767 tulerit
760 740 789 766 in
805 740 928 766 rebelles
950 737 1029 772 [οἱα.ν
1047 745 1137 770 usque
1155 734 1173 770 2]
1188 736 1283 761 obser-

274 793 348 819 vari.
361 792 428 818 Dat.
444 790 594 821 Laterani,
608 790 661 816 IllI
676 788 817 815 kalendas
831 787 919 821 junii,
935 795 1012 813 anno
1026 785 1282 819 quartodecimo.»

274 856 305 858 —
323 841 408 871 (Rau.
424 840 468 871 20,
485 841 503 865 t’.
522 839 554 865 12
568 839 621 870 Ψ.)

312 1013 330 1033 5
342 1010 422 1032 192.
442 1021 473 1024 »-
492 1006 523 1032 ln
539 1005 664 1032 eundem
684 1004 802 1031 modun]
824 1003 894 1029 clero
909 1003 1030 1029 civitatis
1045 1004 1069 1027 et
1085 1002 1196 1027 diocesis
1213 1001 1283 1027 Bur-

274 1054 397 1090 yctdsz's}

312 1108 425 1130 5193.
451 1119 482 1121 -
509 1104 540 1130 In
564 1103 690 1129 eundem
721 1101 838 1127 modum
863 1101 962 1133 populo
983 1101 1103 1126 civitatis
1128 1102 1151 1124 et
1173 1099 1284 1124 diocesis

274 1150 454 1187 thl‘gyen[.5t'3],
470 1160 562 1186 usque
581 1160 586 1177 ε
604 1151 709 1177 merito
726 1150 964 1176 commendare&

344 1319 461 1347 5¹94

310 1391 322 1407 α
340 1384 372 1409 In
389 1383 514 1409 eundem
538 1382 656 1408 modum
676 1402 693 1408 ..

870 1317 990 1350 Latran,
1007 1317 1040 1343 29
1058 1316 1116 1342 mai
1132 1315 1211 1342 1240.

711 1382 769 1412 φημ’
785 1381 896 1407 (juscella
919 1383 942 1405 ec
964 1381 1084 1412 Leflc'onis
1101 1380 1217 1410 illustri,
1235 1387 1284 1405 us-

274 1440 329 1465 que
353 1440 358 1458 :
385 1432 509 1457 salutem
535 1430 676 1457 videlicet
701 1430 881 1456 animarum.
907 1429 1053 1460 Quocirca
1074 1427 1283 1455 celsitudinem

274 1481 384 1514 regiam
402 1489 537 1514 rogamus
553 1483 581 1506 et
597 1488 751 1506 monemus
767 1481 880 1506 attente
901 1481 1046 1512 quatenus
1069 1478 1182 1504 dictum
1204 1477 1285 1511 epis-

274 1537 391 1563 copum,
408 1538 474 1555 cum
499 1529 659 1555 commissa
678 1527 735 1554 sibi
759 1527 897 1559 ecclesia,
917 1527 1090 1561 propensius
1114 1526 1232 1558 habeas,
1249 1525 1286 1553 ob

274 1579 410 1605 divinam
434 1582 461 1605 et
488 1581 617 1604 nostram
641 1577 850 1608 reverentiam,
876 1576 1129 1607 c‹·›1nmendatum,
1146 1576 1189 1602 ita
1209 1575 1285 1610 quod

276 1636 326 1662 per
340 1627 485 1654 auxilium
506 1627 599 1660 gratie
616 1629 664 1653 tue
681 1626 711 1652 in
732 1634 799 1652 cura
817 1625 946 1659 suscepti
964 1625 1118 1658 regiminis
1136 1624 1227 1658 possit
1243 1625 1286 1650 ef-

276 1677 394 1703 ficacius
408 1676 532 1710 operari,
549 1678 576 1702 et
593 1678 624 1701 tu
639 1675 746 1701 exinde
765 1674 1005 1709 propitiationem
1022 1674 1156 1700 divinam
1175 1676 1203 1700 et
1220 1682 1286 1700 nos-

275 1729 350 1752 tram
369 1729 397 1752 ct
412 1725 582 1759 Apostolice
606 1724 690 1751 Sedis
713 1724 838 1757 gratiam
863 1724 963 1749 valeas
979 1723 1097 1749 uberius
1114 1722 1284 1757 promereri.

276 1774 343 1800 Dat.
362 1777 505 1807 utsupra.
521 1781 535 1798 )>
553 1788 583 1790 -
601 1773 688 1804 (nm.
706 1772 750 1805 20,
766 1773 785 1798 f.
804 1772 837 1798 12
853 1774 905 1802 νο.)

346 1948 466 1975 5195

311 2008 420 2035 Abbati
451 2011 479 2035 et
506 2008 665 2034 conventui
690 2008 725 2034 de
755 2008 908 2041 Hagemon
934 2008 979 2038 (=
1005 2006 1205 2040 Hauglimond
1229 2006 1287 2032 De-

871 1946 992 1978 Latran,
1010 1945 1042 1972 15
1059 1945 1119 1972 mai
1136 1944 1213 1972 1240.

277 2058 398 2087 mesne),
428 2056 541 2083 ordinis
567 2056 662 2082 sancti
685 2055 862 2089 Augustini,
894 2055 1105 2082 Coventrensis
1132 2055 1286 2086 dioecesis,

276 2105 430 2132 ecclesiam
448 2105 483 2131 de
496 2106 723 2131 Humstamston
741 2106 786 2135 (z
801 2104 1016 2136 Hunstanton),
1032 2112 1097 2130 cum
1116 2103 1178 2137 ejus
1195 2103 1288 2137 perti-

277 2154 398 2185 nentiis,
416 2162 503 2188 quam
519 2154 554 2180 de
568 2153 755 2180 concessione
771 2152 971 2179 Norwicensis
983 2152 1124 2186 episcopi,
1140 2152 1196 2178 loci
1209 2151 1288 2177 dioe—

277 2203 386 2235 cesani,
397 2202 597 2228 Norwivensis
609 2202 733 2236 capituli
746 2202 904 2228 accedente
914 2209 1068 2233 consensu,
1080 2200 1180 2234 adepti
1192 2202 1286 2232 erant,

276 2252 441 2283 confirmat,
465 2251 494 2278 in
513 2251 642 2285 ipsorum
661 2259 729 2277 usus
751 2250 950 2281 retinendam,
969 2258 981 2274 (ι
998 2249 1114 2283 proviso
1128 2252 1160 2276 ut
1176 2249 1288 2275 vicario

277 2308 290 2326 ¹>
310 2301 340 2327 in
357 2309 390 2326 ea
406 2303 545 2334 perpetuo
560 2299 685 2326 Domino
701 2299 847 2325 servituro
863 2299 898 2325 de
913 2298 1006 2332 ipsius
1023 2298 1146 2324 ecclesie
1162 2306 1288 2332 proven-

277 2358 290 2376 »
312 2350 390 2376 tibus
411 2357 539 2383 congrua
562 2349 656 2383 portio
680 2349 856 2382 assignetur,
881 2357 915 2374 ex
940 2356 997 2382 qua
1019 2347 1111 2382 possit
1136 2347 1288 2374 commode

277 2406 290 2423 n
311 2397 470 2424 sustentari
495 2400 522 2424 et
543 2397 723 2431 episcopalia
741 2405 775 2423 ac
796 2394 878 2431 [alia]
899 2396 1030 2430 ejusdem
1056 2395 1179 2422 ecclesie
1201 2403 1289 2422 onera

277 2455 290 2473 »
312 2449 483 2481 supportare
501 2454 524 2472 n.
543 2461 574 2464 —
591 2447 677 2478 (Rau.
693 2445 738 2478 ⁴20,
756 2446 775 2472 f.
794 2446 827 2472 12
844 2452 890 2477 v⁰3
907 2453 977 2471 ann.
996 2445 1079 2476 XIV,
1096 2453 1120 2471 c.
1138 2444 1195 2475 65.)

319 2560 331 2573 «
349 2570 368 2576 ..
387 2548 485 2576 ablani
501 2552 527 2575 ec
548 2547 711 2575 conventui
731 2547 765 2575 de
783 2547 946 2583 Hayemon,
972 2546 1091 2575 ordinis
1109 2547 1209 2574 sant-ti
1224 2547 1288 2574 Au-

275 2602 406 2638 yzcslini,
425 2601 634 2629 Corrnlrensis
653 2600 788 2628 diocesis.
811 2599 894 2630 Cum
914 2608 932 2628 a
952 2599 1046 2628 nobis
1064 2616 1114 2627 —-.
1132 2599 1205 2628 Dat.
1227 2599 1289 2628 La-

276 2654 395 2685 terani,
414 2653 524 2682 idibus
549 2653 640 2687 maii,
659 2662 746 2682 anno
766 2652 1025 2691 quartodecimo.
1047 2665 1058 2678 ι)

311 2773 330 2796 1.
346 2772 387 2796 On
404 2778 438 2794 ne
455 2775 600 2794 rencontre
618 2778 675 2802 pas,
693 2771 760 2794 dans
771 2771 810 2794 les
827 2771 918 2801 pieces
935 2769 1115 2801 precedentes
1131 2778 1159 2794 sc
1177 2778 1289 2801 rappor-

277 2820 334 2841 tant
354 2817 368 2839 'a
384 2820 455 2840 cette
468 2816 562 2839 affaire
578 2816 613 2845 (n.
634 2816 791 2844 5189-519‘2),
810 2816 887 2839 telles
906 2815 1018 2845 qu'elles
1035 2820 1096 2839 sont
1113 2815 1288 2845 reproduites

277 2862 345 2885 dans
363 2862 387 2885 le
402 2863 536 2890 Ieeyistre,
552 2861 584 2884 de
601 2861 716 2884 formule
735 2868 763 2883 se
778 2861 925 2883 terminant
941 2867 990 2890 par
1005 2860 1043 2883 les
1056 2864 1125 2883 rnots
1142 2867 1147 2883 :
1166 2869 1177 2881 «
1192 2860 1289 2883 merito

277 2907 469 2931 commendare
488 2914 516 2935 »ς
533 2909 604 2929 cette
617 2906 733 2929 sormule
745 2906 836 2929 devait
849 2912 877 2929 se
889 2908 1002 2929 trouver
1015 2905 1082 2928 dans
1095 2905 1120 2928 la
1131 2905 1207 2935 pie'ce
1219 2904 1288 2933 5192,

277 2953 344 2975 dont
359 2951 383 2975 le
399 2952 523 2980 Heyislre
539 2957 572 2974 ne
590 2950 695 2974 foui-nit
709 2956 761 2980 que
777 2949 917 2973 l‘adresse.

2354 264 2370 292 Ν

1434 330 1487 357 5¹
1497 329 1554 356 96
1958 331 2077 361 Latran,
2092 330 2126 357 30
2143 331 2199 357 mai
2218 331 2295 357 1240.

1398 391 1628 426 Arcliiepiseopo
1651 392 1877 423 Terraconensi,
1901 393 2035 426 episcopo
2057 393 2197 419 Ilerdensi
2221 396 2249 419 et
2271 392 2371 419 archi-

1363 439 1485 466 diacono
1516 441 1674 467 Benasensi
1703 442 1752 471 (z
1783 442 1990 472 Benavente),
2021 440 2178 468 Ilcrdensis
2207 441 2368 474 dioecesis,

1364 489 1483 515 mandat
1504 492 1647 522 quatenus
1668 489 1878 523 Raymundum
1903 490 2040 521 Arnaldi,
2063 490 2209 523 quondam
2232 490 2367 517 abbatem

1365 538 1533 564 monasterii
1558 538 1659 564 Sancti
1681 538 1865 567 Victoriam,
1889 538 2001 564 ordinis
2022 539 2116 564 sanvti
2140 538 2310 570 Benedicti,
2338 554 2370 556 —

1365 586 1426 619 qui,
1445 587 1511 613 lieet
1534 587 1570 613 ab
1591 587 1697 613 abbate
1717 587 1915 621 Rivipffllonsi
1938 590 1965 613 et
1985 586 2030 616 Α.,
2050 587 2145 621 priore
2163 587 2265 613 Sancti
2282 587 2369 614 Pauli

1365 635 1627 667 Bareliiiwnensis,
1644 636 1849 663 visitatoribus
1864 635 2050 669 generalibus
2066 636 2179 661 ordinis
2195 635 2369 669 supradicti,

1364 684 1400 710 ab
1420 685 1550 717 ejusdem
1575 685 1747 711 1n‹‘›nast‹1=rii
1770 685 2031 711 administratione
2052 688 2166 716 amotus
2186 685 2299 716 fuisset,
2321 693 2371 719 pro

1364 733 1494 766 ejusdem
1510 733 1615 759 abbate
1626 743 1655 759 se
1668 733 1796 767 gerebat,
1808 748 1839 751 ——
1851 733 1998 760 abeodem
2013 733 2190 759 monasterio
2202 736 2370 764 amoveant,

1364 783 1392 806 et
1410 781 1518 806 faciant
1534 781 1853 808 excommunicationis
1872 781 2050 807 sententiam
2070 781 2098 807 in
2119 790 2183 807 eum
2205 780 2242 807 ab
2260 781 2370 807 eisdem

1365 829 1568 855 visitatoribus
1590 830 1819 863 promulgatam,
1841 829 2009 861 observari3
2031 829 2125 855 eidem
2145 829 2322 856 monasterio
2337 830 2374 856 de

1365 877 1470 904 abbate
1489 882 1540 904 aut
1562 879 1672 905 faciant
1693 887 1743 912 per
1761 879 1935 905 electionem
1956 879 2105 912 provideri
2126 881 2177 905 aut
2197 879 2254 913 ipsi
2273 879 2375 913 provi-

1365 927 1464 953 deant.
1483 942 1514 945 —
1531 928 1617 956 (Res.
1635 927 1679 959 20,
1698 929 1718 954 f.
1736 927 1769 954 12
1785 930 1828 959 v⁰;
1846 936 1915 953 ann.
1933 927 2017 960 XIV,
2034 936 2058 954 c.
2073 927 2130 958 66.)

1407 1042 1419 1055 «
1441 1052 1460 1057 ..
1478 1030 1702 1067 archiepiscopo
1721 1030 1987 1064 Ter1·aconensi‚et
2008 1052 2026 1058 ..
2045 1031 2178 1067 episcopo
2192 1030 2338 1059 Jlerdensz‘
2350 1036 2377 1060 et

1367 1106 1386 1111 ..
1411 1083 1629 1112 archidiacono
1648 1083 1818 1119 Benasensi,
1844 1083 2007 1111 Ilerdensis
2025 1083 2160 1112 diocesis.
2186 1082 2376 1113 Conventus

1366 1135 1560 1164 monasterii
1579 1135 1692 1164 Sancti
1708 1135 1904 1167 Victoriam,
1923 1135 2050 1164 ordinis
2068 1135 2173 1165 sancti
2190 1135 2375 1171 Benedicti,

1367 1188 1407 1217 ad
1423 1189 1606 1218 Romanam
1625 1187 1806 1217 Ecclesiam
1825 1187 1915 1217 nullo
1936 1188 2055 1218 medio.
2074 1193 2109 1217 ut
2125 1188 2257 1223 dicitur,
2275 1189 2378 1227 perti-

1368 1241 1489 1275 nentis,
1508 1250 1568 1270 sua
1592 1241 1686 1271 nobis
1708 1241 1869 1279 petitione
1891 1246 2119 1271 monstrarunt
2138 1241 2235 1280 quod,
2260 1251 2334 1272 cum
2354 1265 2374 1272 ..

1368 1294 1468 1323 abbas
1486 1293 1724 1332 Rivipollensis
1746 1299 1777 1323 et
1799 1295 1851 1329 A„
1876 1294 1965 1332 prior
1988 1294 2101 1324 Sancti
2124 1295 2219 1324 Pauli
2237 1295 2379 1325 Barchi-

1368 1347 1539 1382 nonensis,
1566 1347 1756 1390 visitatores
1782 1347 1953 1385 generales
1981 1347 2109 1377 ordinis
2135 1348 2316 1386 supradicti
2342 1349 2377 1378 in

1369 1401 1480 1439 regnis
1496 1402 1687 1438 Aragonum
1704 1405 1735 1430 et
1748 1402 1896 1431 Navarre
1909 1401 1943 1430 in
1960 1401 2107 1439 generali
2122 1401 2266 1440 capitulo
2279 1402 2377 1441 depu-

1368 1455 1438 1488 tati,
1455 1455 1494 1484 ad
1510 1454 1619 1493 ipsmn
1641 1455 1878 1484 monasterium
1903 1455 2133 1490 accessissent,
2156 1455 2279 1486 ibidem
2296 1456 2380 1485 visi-

1370 1508 1504 1537 tationis
1534 1508 1678 1537 officium
1710 1507 1895 1546 impensuri
1924 1512 1989 1537 tam
2017 1508 2051 1537 in
2081 1509 2187 1547 capite
2214 1518 2313 1548 quam
2343 1509 2377 1539 in

1369 1560 1526 1591 membris
1554 1570 1560 1589 ;
1587 1560 1701 1596 iidem,
1725 1561 1946 1599 inquisitione
1970 1560 2083 1590 habita
2108 1561 2272 1599 diligenti,
2299 1563 2382 1592 Rai-

1369 1614 1529 1644 mundum
1547 1613 1696 1648 Arnaldi,
1716 1614 1881 1652 quondam
1899 1614 2051 1644 abbatem
2069 1624 2194 1647 eorum,
2215 1615 2379 1653 exigenti-

1370 1668 1430 1697 bus
1445 1667 1551 1705 culpis
1561 1667 1643 1701 suis,
1655 1667 1694 1696 al]
1708 1667 2010 1697 amministratione
2024 1669 2218 1698 monasterii
2231 1669 2379 1708 ejusdem

1370 1720 1615 1750 sententialiter
1637 1724 1843 1756 amoverunt,
1873 1720 1907 1749 in
1932 1729 2018 1754 eum,
2046 1721 2074 1750 si
2100 1725 2214 1751 contra
2239 1722 2380 1757 veniret,

1370 1773 1723 1803 excommunicationis
1746 1773 1947 1803 sententiam
1973 1773 2226 1812 promulgando;
2251 1779 2282 1805 et
2303 1774 2384 1805 licet

1370 1827 1517 1864 ipsorum
1534 1835 1708 1864 processus
1723 1835 1780 1864 per
1798 1830 1841 1861 te,
1859 1827 1962 1856 frater
1979 1826 2171 1862 ilerdensis,
2188 1832 2219 1858 et
2237 1850 2257 1857 ..
2275 1828 2380 1858 archi-

1370 1879 1545 1909 diaconum
1575 1879 1816 1909 Benafensem¹
1842 1880 1962 1909 fuisset
1982 1881 2177 1910 auctoritate
2203 1881 2384 1919 apostolica

1370 1932 1596 1967 confirmatus,
1620 1931 1860 1962 nichilominus
1881 1937 1989 1963 tamen
2013 1933 2121 1963 dictus
2142 1935 2195 1968 R,
2218 1943 2276 1972 pro
2295 1934 2381 1973 ejus—

1370 1986 1443 2016 dem
1469 1985 1663 2015 monasterii
1687 1986 1803 2015 abbate
1829 1996 1863 2016 se
1885 1996 2014 2024 gerens,
2038 1988 2381 2018 excommunicatione

1370 2039 1533 2077 premissa
1546 2038 1680 2076 ligatus,
1692 2039 1805 2069 divina
1817 2039 1972 2074 celebrat,
1991 2040 2071 2078 quin
2084 2041 2202 2078 potius,
2219 2045 2379 2079 quantum

1371 2096 1419 2121 est
1436 2092 1469 2120 in
1486 2091 1569 2130 ipso,
1587 2091 1782 2130 prophanat,
1802 2097 1920 2127 castra,
1932 2093 2160 2130 possessiones
2172 2098 2203 2123 et
2217 2093 2282 2123 alia
2294 2093 2383 2123 bona

1370 2145 1489 2183 prefati
1507 2145 1700 2174 monasterii
1718 2144 1942 2183 dilapidando,
1965 2145 1998 2174 in
2025 2146 2155 2184 proprie
2173 2146 2292 2176 salutis
2310 2146 2379 2176 dis-

1370 2198 1538 2235 pendium.
1556 2198 1702 2235 ipsorum
1726 2198 1945 2237 prejudicium
1964 2203 1994 2229 et
2011 2199 2203 2228 scandalum
2219 2199 2382 2238 plurimo-

1370 2260 1454 2279 rum.
1488 2251 1556 2280 Nos
1592 2250 1710 2287 igitur,
1742 2251 1976 2289 indempnitati
2007 2252 2154 2290 ejusdem
2185 2253 2380 2282 monasterii

1371 2304 1543 2342 providere
1561 2303 1721 2338 volentes,
1738 2313 1778 2333 ne
1797 2313 1927 2341 gravem
1946 2304 1979 2333 in
1997 2305 2228 2343 spiritualibus
2249 2310 2280 2336 et
2299 2310 2380 2336 tem-

1370 2356 1540 2395 poralibus
1565 2357 1838 2387 deformationem
1862 2357 2022 2392 incurrat,
2048 2358 2244 2388 mandamus
2265 2363 2383 2397 qnate-

1372 2419 1445 2445 nus,
1465 2410 1492 2439 si
1513 2414 1562 2439 est
1579 2410 1636 2444 ita,
1655 2410 1801 2448 predicto
1819 2410 2006 2440 Raimundo
2023 2411 2063 2440 ab
2080 2411 2383 2442 amministratione

1371 2464 1477 2501 ipsius
1499 2463 1694 2493 monasterii
1715 2472 1850 2502 prorsus
1871 2468 1990 2499 amoto,
2013 2464 2144 2494 faciatis
2165 2464 2302 2495 eandem
2326 2475 2383 2495 ex-

1371 2517 1682 2546 communicationis
1706 2517 1906 2546 sententiam
1928 2526 2033 2555 usque
2054 2517 2093 2547 ad
2119 2518 2380 2548 satisfactionem

1371 2569 1569 2607 condignam
1599 2569 1840 2600 inviolabiliter
1862 2570 2042 2604 observari,
2075 2579 2113 2600 ea
2133 2580 2196 2609 que
2221 2571 2260 2601 de
2285 2571 2382 2601 bonis

1371 2622 1490 2661 prefati
1510 2623 1706 2653 monasterii
1727 2623 1872 2653 alienata
1894 2623 2092 2653 inveneritis
2112 2623 2229 2654 illicite
2245 2624 2296 2654 vel
2312 2624 2382 2655 dis-

1373 2679 1486 2710 tracta,
1501 2675 1539 2704 ad
1552 2675 1607 2714 jus
1625 2680 1656 2705 et
1672 2676 1908 2714 proprietatem
1924 2676 1995 2715 ejus
2011 2676 2158 2714 legitime
2173 2681 2377 2714 revocantes,

1371 2729 1555 2758 invocando
1572 2729 1700 2764 adhoc,
1725 2729 1754 2759 si
1773 2738 1909 2760 necesse
1932 2730 2044 2765 fuerit,
2070 2730 2231 2760 auxilium
2251 2730 2381 2761 brachii

1372 2782 1544 2812 secularis.
1562 2783 1697 2817 Verum,
1722 2791 1763 2812 ne
1788 2782 1876 2812 idem
1899 2783 2137 2812 monasterium
2155 2792 2192 2813 ex
2209 2784 2382 2814 vacatione

1372 2835 1501 2864 diutina
1518 2835 1728 2873 dispendium
1752 2835 1907 2874 patiatur,
1929 2836 2118 2874 supradicto
2134 2837 2311 2867 conventui
2327 2837 2381 2867 in-

1404 2948 1424 2972 1.
1441 2951 1489 2972 Ms.
1508 2957 1513 2972 ;
1533 2949 1728 2973 Benacensem.
