2553 3526
325 273 365 303 95
1056 262 1295 295 REGISTRES
1319 260 1373 289 DE
1396 252 1619 289 GREGomE
1643 260 1701 289 ix.
2391 259 2430 289 95

330 344 372 373 et,
403 342 617 377 procurantes
643 346 680 366 ex
705 340 795 374 parte
819 334 898 364 dicti
925 332 1084 372 principis
1112 331 1145 359 in
1172 327 1339 368 presentia

331 397 442 422 nostra
467 391 603 429 proponi
630 389 715 428 quod
740 389 825 419 idem
847 387 1008 425 hospitale
1031 390 1097 415 crat
1123 385 1156 413 in
1182 381 1340 420 spiritua-

330 446 418 474 libus
440 450 468 474 et
492 443 728 481 temporalibus
752 442 799 470 sic
822 440 1014 478 collapsum.
1032 437 1118 476 quod
1142 445 1206 466 non
1228 433 1341 464 crede-

331 498 427 527 batur
442 497 507 526 nisi
522 495 740 534 perordinem
755 502 867 523 corum
880 501 975 531 posse
992 491 1030 520 de
1048 489 1139 519 facili
1152 486 1339 520 reformari,

332 556 361 580 et
385 550 470 588 quod
496 548 653 585 magister
680 551 709 576 et
738 547 857 576 fratres
883 544 1058 582 hospitalis
1087 542 1233 581 ejusdem
1257 539 1341 569 vole-

332 604 407 633 bant
427 604 466 632 ad
484 603 591 640 ipsum
610 601 758 630 ordinem
779 609 813 628 se
832 598 1024 629 transferre,
1048 597 1146 627 tacito
1166 594 1253 633 qnod
1273 593 1341 632 jam

331 657 412 686 illud
430 658 642 693 occuparunt,
665 657 698 683 ut
722 652 876 690 superius
900 655 948 681 est
974 658 1177 688 expressum,
1203 652 1234 677 et
1256 645 1342 685 quod

333 709 473 739 eundem
496 707 691 744 magistrum
714 706 748 735 in
773 714 903 734 carcere
929 703 1133 733 detinebant,
1159 698 1342 730 venerabili

332 761 427 790 fratri
454 764 565 789 nostro
593 782 611 788 ..
639 757 823 789 Coronensi
846 757 999 795 episcopo
1025 755 1163 794 ejusque
1188 752 1341 790 collegis¹

332 814 401 843 dari
420 813 636 842 obtinuerunt
653 811 775 841 nostris
793 810 913 839 litteris
931 809 964 838 in
985 807 1161 841 mandatis,
1179 811 1224 841 ut,
1246 805 1273 834 si
1290 813 1343 834 res

334 866 443 896 taliter
458 876 492 895 sc
509 865 656 894 haberet.
670 864 752 893 illud
769 864 817 893 eis
834 862 1013 892 concedere
1031 866 1059 891 et
1075 860 1221 899 ipsorum
1239 858 1345 887 incor-

333 919 443 958 porari
468 918 577 947 ordini
607 921 834 956 procurarent.
870 915 945 952 Qui.
977 914 1075 943 dictis
1103 911 1287 951 preceptori
1313 914 1343 939 et

334 972 493 1002 fratribus
510 971 626 1000 domus
650 971 769 1000 Sancte
792 968 896 998 Marie
912 967 1168 997 Teutonicorum
1196 964 1269 1003 plus
1292 964 1343 993 de-

334 1026 401 1055 bito
428 1023 627 1054 favorabiles
658 1023 849 1053 existentes,
882 1021 995 1051 eodem
1026 1019 1184 1057 magistro
1213 1020 1345 1056 propter

334 1079 394 1108 hoc
415 1078 500 1116 apud
522 1077 639 1107 Sedem
666 1075 889 1114 Apostolicam
910 1074 1101 1107 constituto,
1127 1072 1250 1101 dictum
1271 1070 1343 1100 hos-

333 1131 433 1170 pitale
467 1131 592 1169 prefato
620 1129 739 1159 ordini.
773 1133 845 1167 post
875 1127 1130 1166 appellationem
1160 1125 1199 1154 ad
1226 1124 1344 1155 Sedem

334 1184 557 1223 Apostolicam
584 1192 601 1212 a
627 1182 825 1221 quibusdam
853 1181 958 1219 ipsius
984 1179 1158 1218 hospitalis
1184 1177 1344 1207 fratribus

334 1237 482 1275 legitime
505 1236 724 1274 interjectam.
753 1234 791 1264 de
813 1235 909 1268 facto,
935 1242 1008 1262 cum
1032 1232 1070 1262 de
1086 1232 1161 1269 jure
1185 1230 1345 1269 nequive-

334 1291 412 1323 rint,
436 1298 534 1327 super
557 1287 730 1326 premissis
749 1287 888 1316 veritate
914 1294 978 1315 non
1002 1284 1144 1321 cognita,
1172 1291 1346 1312 concesse-

335 1347 423 1372 runt.
451 1343 489 1371 Et
516 1349 717 1380 quamquam
746 1339 824 1369 dicti
853 1338 1012 1376 magister
1039 1341 1069 1367 et
1096 1337 1216 1366 fratres
1240 1335 1346 1373 ipsius

334 1395 510 1434 hospitalis
527 1403 625 1432 super
644 1393 705 1422 hoc
722 1392 761 1422 ad
783 1416 800 1421 ..
825 1390 1095 1422 Corinthiensem
1119 1393 1149 1418 et
1173 1412 1192 1417 ..
1216 1387 1347 1425 Argoli-

335 1457 467 1478 censem
484 1446 736 1477 archidiaconos
752 1450 783 1475 et
800 1444 994 1482 magistrum
1012 1442 1084 1472 Th..
1106 1441 1347 1471 subdiaconum

336 1506 496 1531 nostrum.
515 1500 739 1531 Coronensem
757 1497 965 1531 canonicum,
985 1500 1114 1525 nostras
1131 1495 1259 1524 litteras
1285 1494 1348 1523 im-

335 1554 508 1593 petrarint,
531 1562 588 1592 per
612 1562 666 1583 eas
695 1556 816 1585 tamen,
844 1555 975 1589 propter
995 1548 1180 1578 absentiam
1207 1547 1347 1577 duorum

335 1618 371 1638 ex
389 1607 558 1647 judicibus
581 1606 674 1644 ipsis.
699 1605 733 1634 in
758 1604 907 1642 partibus
924 1602 1034 1632 Ytalie
1058 1600 1346 1633 commorantium,

334 1662 480 1692 nondum
498 1659 709 1698 aliquatenus
726 1662 775 1688 est.
791 1665 992 1696 processum.
1012 1655 1108 1686 Unde
1126 1654 1220 1683 nobis
1237 1653 1348 1683 humi-

334 1716 411 1745 liter
436 1713 665 1752 supplicarunt
690 1716 725 1741 nt
753 1720 852 1749 super
877 1708 1068 1749 hujusmodi
1097 1707 1348 1746 gravaminibus

335 1768 507 1807 providere
525 1766 607 1804 ipsis
624 1770 763 1804 paterna
779 1763 1006 1794 sollicitudine
1030 1770 1234 1791 curaremus.
1254 1759 1349 1790 Ideo-

336 1830 398 1860 que
421 1820 617 1850 maudamus
637 1822 814 1857 qnatenus,
833 1817 861 1846 si
880 1820 929 1846 est
946 1816 1002 1850 ita,
1025 1815 1128 1844 dictos
1152 1813 1349 1850 magistrum

337 1880 367 1905 et
385 1875 503 1903 fratres
517 1874 550 1902 in
568 1872 814 1911 possessionem
830 1868 1005 1907 hospitalis
1023 1868 1129 1906 ipsius
1144 1867 1349 1897 etbonorum

336 1928 375 1958 ad
393 1927 476 1957 illud
493 1925 723 1964 spectantium,
751 1923 868 1953 amotis
894 1922 970 1951 inde
991 1920 1196 1960 quibuslibet
1220 1919 1348 1948 illicitis

336 1980 579 2015 detentoribus,
606 1978 801 2008 anctoritate
828 1980 940 2005 nostra
970 1975 1147 2004 reducens.
1173 1973 1276 2002 facias
1301 1972 1349 2002 eis

336 2036 374 2065 de
393 2034 556 2063 fructibus
575 2032 702 2065 exinde,
721 2031 860 2059 durante
879 2028 1088 2067 spoliatione,
1117 2026 1279 2065 perceptis
1296 2035 1350 2055 sa-

337 2088 561 2118 tisfactionem
592 2085 737 2115 debitam
767 2082 934 2117 exhiberi,
969 2080 1228 2111 contradictores
1260 2079 1347 2118 [etc..

337 2150 442 2180 usque
461 2139 480 2178 2]
503 2137 755 2176 compescendo;
788 2137 939 2174 factaque
966 2133 1188 2164 restitutione,
1216 2133 1244 2161 si
1269 2132 1349 2161 dicti

337 2200 508 2234 preceptor
526 2197 556 2222 et
579 2192 698 2220 fratres
716 2191 835 2220 Sancte
859 2188 963 2218 Marie
980 2186 1236 2217 Teutonicorum
1255 2194 1289 2215 se
1314 2185 1348 2214 in

338 2248 451 2278 eodem
475 2244 631 2283 hospitali
654 2244 709 2282 jus
738 2241 872 2281 aliquod
898 2241 1020 2270 habere
1048 2243 1231 2278 proponant
1257 2243 1287 2268 et
1310 2239 1349 2268 de

337 2302 409 2340 ipso
439 2298 604 2329 voluerint
635 2296 788 2334 experiri,
821 2295 962 2333 pretigas
993 2293 1142 2332 partibus
1171 2292 1350 2322 terminum

337 2352 593 2393 peremptorium
611 2353 861 2388 competentem.
881 2356 945 2386 quo
969 2356 1003 2376 se
1026 2351 1139 2375 nostro
1159 2345 1350 2383 conspectui

338 2409 577 2445 representem,
597 2404 723 2433 facture
741 2407 771 2431 et
790 2406 961 2439 recepture
978 2399 1062 2439 quod
1080 2399 1159 2429 ordo
1176 2398 1351 2428 dictaverit

338 2460 491 2490 rationis.
507 2457 600 2494 Quod
616 2457 644 2486 si
668 2457 706 2486 de
729 2454 920 2494 hujusmodi
943 2461 1100 2483 manuum
1118 2451 1298 2491 injectione
1320 2455 1351 2481 et

338 2511 602 2543 incarceratione
622 2509 682 2539 tibi
702 2507 900 2543 constiterit,
915 2516 969 2536 eos
982 2507 1040 2545 qui
1057 2505 1120 2535 tale
1136 2504 1351 2542 sacrilegium

339 2566 588 2599 commiserunt,
609 2562 735 2592 tamdiu
752 2560 1053 2591 excommunicatos
1068 2557 1198 2596 publice
1216 2557 1351 2587 nunties

339 2626 369 2649 et
385 2619 424 2648 ab
441 2618 596 2647 omnibus
620 2616 723 2645 facias
744 2615 849 2644 artius
871 2613 1001 2645 evitari,
1020 2612 1122 2641 donec
1146 2620 1243 2649 passo
1262 2610 1352 2649 inju—

339 2673 422 2701 riam
449 2668 698 2709 sa[tisfecerint]
722 2665 968 2706 compe[tenter]
987 2670 1061 2700 etc.,
1086 2674 1191 2703 usque
1212 2674 1218 2692 :
1242 2663 1351 2693 absol-

339 2725 448 2755 vendi.
468 2725 540 2753 Dat.
559 2722 722 2760 Anagnie,
740 2721 825 2751 XIII
844 2719 1003 2749 kalendas
1029 2717 1238 2756 septembris,
1264 2725 1351 2746 anno

340 2777 579 2808 tertiodecimo.
599 2787 612 2802 n

373 2906 393 2928 l.
410 2904 447 2928 La
464 2902 540 2934 picce
556 2902 627 2930 3578,
643 2900 717 2924 viscc
734 2900 780 2929 ici,
795 2902 836 2922 est
852 2897 981 2921 adressee
997 2903 1002 2919 :
1021 2906 1031 2919 α
1050 2915 1065 2921 ..
1083 2896 1170 2919 electo
1185 2895 1351 2924 Coronensi,

339 2967 358 2974 ..
375 2949 464 2972 abbati
481 2951 507 2971 et
525 2966 540 2970 ..
559 2947 642 2977 priori
660 2945 693 2968 de
711 2945 837 2972 Saracaz,
854 2942 1057 2968 Corinthiensis
1075 2941 1203 2965 diocesis.
1222 2948 1233 2962 »

1493 326 1610 353 49¹8

1460 388 1619 415 Godetrido
1630 388 1665 415 de
1677 389 1760 415 Villa
1772 389 1932 421 Harduini,
1945 388 2074 423 principi
2085 389 2227 419 Achaiae,
2240 388 2275 415 de
2287 388 2386 415 eadem
2400 396 2431 414 re

1424 436 1538 468 scribit,
1553 445 1679 470 eumque
1695 439 1794 463 monet
1810 440 1838 464 et
1855 438 1988 463 hortatur
2008 440 2153 471 quatenus
2173 437 2268 463 eidem
2291 437 2433 470 magistro

1425 485 1575 511 Bernardo
1590 485 1619 511 in
1637 486 1826 512 exsecutione
1843 486 1986 520 praedicti
2004 486 2137 512 mandati
2154 485 2308 520 apostolici
2327 494 2356 512 se
2373 494 2430 512 non

1424 536 1562 568 opponat.
1584 548 1615 552 -
1633 535 1719 565 (Περ.
1736 534 1779 566 19,
1794 536 1814 561 f.
1832 534 1883 560 127
1899 533 1972 569 [121]
1986 537 2032 566 v⁰;
2047 543 2117 561 ann.
2132 534 2213 566 XIII,
2229 543 2253 561 c.
2268 534 2342 565 111.)

1901 326 2030 360 Anagni,
2049 326 2083 352 1‘r
2097 326 2263 360 septembre
2278 326 2357 352 1239.

1468 662 1479 674 κ
1509 649 1608 678 Nobili
1635 650 1700 677 viro
1725 649 1896 686 G[0desrido
1921 649 1954 677 de
1984 649 2059 677 Villa
2085 647 2267 686 HarduiniL
2296 649 2434 685 principi

1424 704 1545 732 Achate.
1575 703 1619 736 J.,
1649 703 1817 739 magister,
1845 707 1876 732 et
1904 703 1934 732 J.
1964 711 2001 731 ac
2031 702 2083 731 R..
2108 702 2228 731 fratres
2258 701 2435 739 hospitalis

1427 755 1540 785 Sancti
1555 755 1671 785 Jacobi
1691 755 1729 785 de
1751 754 1943 784 Andrcvilla
1960 759 2033 784 etc..
2052 759 2088 784 ut
2104 763 2214 792 supra,
2233 763 2337 792 usque
2357 764 2363 783 :
2381 763 2434 792 ap-

1427 808 1560 846 plicare,
1581 808 1669 846 ipsos
1687 808 1804 837 exinde
1825 817 1882 846 per
1903 831 1922 837 ..
1946 807 2163 837 castellanum
2185 812 2276 836 tuum
2298 807 2336 836 de
2359 806 2436 837 Cla-

1428 866 1575 891 romonte
1599 860 1759 890 violenter
1780 861 1842 890 eici
1871 865 2091 898 procurarunt
2115 860 2263 898 illudque
2287 860 2438 889 detinent

1427 914 1538 944 taliter
1562 919 1768 952 occupatum.
1795 914 1877 944 Cum
1909 914 2012 951 igitur
2037 913 2156 943 dilecto
2182 913 2249 942 filio
2277 913 2438 950 magistro

1428 967 1608 999 Bernardo,
1627 966 1830 996 subdiacono
1847 970 1970 1000 nostro,
1989 966 2149 995 canonico
2167 965 2370 1001 Patracensi‚
2391 965 2437 994 di—

1428 1020 1612 1050 rexerimus
1625 1020 1747 1058 scripta
1762 1024 1874 1049 nostra
1887 1024 1932 1054 ut,
1950 1019 1977 1048 si
1990 1023 2040 1048 est
2052 1019 2107 1054 ita,
2125 1019 2229 1048 dictos
2242 1019 2437 1056 magistrum

1428 1078 1458 1103 et
1475 1074 1594 1102 fratres
1615 1077 1689 1106 etc.,
1708 1081 1813 1111 usque
1828 1082 1834 1101 z
1852 1071 2098 1110 compescendo,
2124 1072 2331 1101 nobilitatem
2349 1076 2439 1101 tuam

1429 1135 1582 1164 rogamus
1599 1126 1784 1155 districtius
1806 1130 1836 1155 et
1853 1125 2036 1160 hortamur,
2050 1134 2106 1163 per
2120 1125 2300 1163 apostolica
2316 1124 2440 1163 scripta

1429 1180 1623 1209 mandantes
1652 1183 1816 1217 quatenus
1842 1178 1948 1208 eidem
1982 1178 2139 1215 magistro
2168 1183 2197 1208 te
2227 1178 2439 1216 aliquatenus

1429 1242 1493 1262 non
1519 1241 1664 1270 opponas
1688 1241 1748 1261 nec
1771 1232 1915 1270 aliquem
1942 1231 1980 1261 de
2007 1231 2150 1261 subditis
2173 1232 2239 1260 tuis
2269 1231 2441 1269 permittas

1428 1286 1560 1324 opponi,
1581 1285 1759 1324 quominus
1779 1285 1876 1314 dictis
1900 1284 2059 1322 magistro
2075 1288 2106 1314 et
2130 1285 2290 1314 fratribus
2315 1293 2371 1322 per
2389 1293 2440 1314 re-

1429 1338 1614 1369 stitutionis
1653 1338 1852 1367 beneficium
1883 1337 1989 1367 valeat
2020 1337 2208 1372 subveniri,
2243 1337 2299 1367 sed
2329 1337 2442 1367 taliter

1429 1393 1536 1422 eidem
1553 1392 1587 1420 in
1604 1391 1797 1421 executione
1810 1391 1941 1430 justitie
1960 1391 2164 1428 suffrageris,
2191 1391 2277 1429 quod
2294 1390 2442 1421 devotio-

1431 1456 1505 1476 nem
1532 1451 1621 1475 tuam
1650 1445 1881 1475 commendare
1904 1445 2022 1474 merito
2045 1444 2226 1474 valeamus.
2254 1445 2327 1474 Dat.
2350 1446 2441 1474 Ana-

1431 1499 1516 1537 gnie,
1539 1499 1691 1528 kalendis
1708 1497 1917 1536 septembris,
1936 1506 2022 1527 anno
2036 1497 2273 1527 tertiodecimo.
2294 1510 2306 1523 »

1502 1725 1586 1753 491
1596 1725 1623 1752 9
2016 1724 2146 1758 Anagni,
2161 1725 2192 1751 31
2208 1727 2276 1751 aout
2290 1724 2369 1751 1239.

1468 1787 1564 1819 Erico,
1583 1787 1642 1813 filio
1659 1786 1857 1818 NValdemari,
1880 1786 1955 1820 regis
1974 1786 2094 1817 Daciae,
2118 1786 2253 1820 indulget
2276 1789 2307 1813 ut
2329 1786 2442 1814 Juitam

1433 1839 1475 1869 (τ
1489 1836 1625 1868 Juttam),
1657 1835 1748 1862 filiam
1777 1833 1928 1870 [Alberti],
1954 1835 2037 1862 ducis
2064 1835 2221 1868 Saxoniae,
2247 1835 2317 1862 licet
2339 1835 2442 1862 eadem

1433 1885 1530 1920 ipsum
1554 1885 1583 1911 in
1601 1887 1703 1919 quarto
1720 1884 1989 1918 consanguinitatis
2007 1884 2099 1917 gradu
2121 1884 2260 1918 attingat,
2284 1884 2314 1910 in
2338 1884 2445 1910 matri-

1434 1934 1565 1960 monium
1584 1933 1690 1959 ducere
1705 1933 1806 1967 possit.
1823 1947 1854 1951 —
1869 1933 1955 1965 (Rae.
1971 1932 2014 1965 19,
2028 1933 2048 1959 t.
2064 1932 2114 1959 128
2127 1931 2200 1967 [122]
2215 1936 2257 1964 r⁰;
2275 1941 2345 1960 ann.
2358 1933 2443 1965 xm,

1433 1991 1457 2009 c.
1476 1982 1545 2014 1123
1563 1997 1595 2000 —
1613 1982 1770 2009 Pommsr
1785 1981 1889 2013 107843
1905 1996 1937 2000 -
1955 1981 2138 2008 Romanam
2154 1981 2229 2012 756.)

1476 2110 1486 2124 ιι
1507 2098 1606 2126 Nobili
1620 2098 1685 2127 viro
1702 2096 1826 2136 E[=r1‘‹·0],
1839 2101 1909 2125 mtto
1920 2096 2080 2125 karissimi
2096 2097 2128 2125 in.
2144 2097 2262 2126 Christo
2271 2097 2332 2133 filii
2346 2099 2445 2126 nostri

1439 2151 1656 2189 ll'[altlemari].
1681 2151 1766 2179 lmcie
1785 2151 1862 2187 reyt's
1878 2151 2023 2178 illustris.
2043 2150 2086 2178 Ex
2101 2154 2191 2187 parte
2208 2149 2380 2180 karissimi
2392 2168 2441 2179 —.

1432 2205 1505 2234 Dat.
1539 2203 1701 2241 Anagnie,
1732 2204 1763 2232 II
1789 2202 1948 2232 kalendas
1976 2202 2185 2240 septembris,
2212 2211 2299 2232 anno
2329 2203 2445 2233 tertio-

1432 2257 1571 2288 decimo.
1596 2269 1608 2283 n

1505 2483 1624 2511 4920
2030 2482 2159 2516 Anagni,
2176 2482 2192 2509 3
2208 2485 2276 2510 aot'it
2292 2483 2371 2510 1239.

1471 2546 1572 2573 Electo
1598 2545 1753 2572 Leodiensi
1777 2544 1899 2571 mandat
1922 2547 2067 2578 quatenus
2087 2545 2117 2571 in
2140 2545 2318 2572 monasterio
2340 2546 2444 2573 Sancti

1434 2594 1535 2623 Jacobi
1552 2594 1736 2624 Leodiensis.
1754 2593 1840 2627 quod,
1857 2596 1975 2628 propter
1987 2593 2025 2625 J.,
2041 2593 2090 2627 qui
2103 2602 2154 2628 pro
2166 2594 2272 2620 abbate
2283 2603 2312 2621 se
2325 2594 2446 2628 gerebat

1434 2645 1559 2676 ibidem,
1577 2643 1789 2677 negligentiam
1807 2646 1836 2669 et
1851 2643 2043 2677 pravitatem,
2061 2642 2091 2669 in
2108 2643 2315 2676 spiritualibus
2329 2646 2358 2670 et
2371 2646 2445 2670 tem-

1435 2692 1585 2727 poralibus
1599 2694 1661 2718 erat
1678 2692 1853 2725 collapsum,
1870 2690 2044 2724 corrigenda
2056 2694 2085 2717 et
2101 2691 2290 2717 reformanda
2305 2692 2444 2718 reformet

1435 2746 1463 2769 et
1477 2741 1620 2775 corrigam
1636 2740 1711 2774 quod
1727 2740 1750 2766 si
1766 2739 1949 2774 praedictum
1964 2739 1990 2767 J.
2007 2739 2044 2766 ab
2059 2739 2190 2773 ejusdem
2203 2739 2336 2767 coenobii
2348 2740 2445 2767 admi-

1435 2790 1612 2818 nistratione
1627 2789 1746 2816 duxerit
1759 2788 1970 2820 amovendum,
1991 2788 2151 2815 conventui
2175 2788 2336 2815 terminum
2362 2797 2445 2815 com-

1435 2840 1585 2873 petentem
1615 2838 1765 2872 praefigat,
1796 2845 1852 2870 quo
1872 2836 1929 2863 sibi
1947 2845 1998 2871 per
2015 2836 2190 2863 electionem
2210 2837 2384 2863 canonicam
2408 2837 2445 2863 de

1435 2887 1540 2915 abbate
1562 2886 1748 2921 provideant.
1772 2901 1803 2904 —
1828 2886 1915 2916 (Rae.
1938 2885 1981 2916 19,
2005 2886 2024 2911 t.
2044 2885 2095 2911 128
2116 2883 2189 2919 [122]
2209 2888 2249 2917 r⁰;
2268 2893 2338 2912 ann.
2360 2885 2444 2918 XIII,

1435 2946 1459 2964 c.
1476 2937 1543 2968 113;
1558 2951 1591 2953 —
1606 2935 1631 2963 J.
1648 2936 1682 2962 P.
1696 2935 1827 2967 Kmscn,
1844 2934 1893 2959 [ms
1909 2934 2046 2959 Littticher
2056 2933 2181 2959 Schisma
2193 2941 2250 2959 rom
2262 2934 2345 2959 Jaltre
2358 2934 2444 2969 1938,
