2553 3526
136 294 195 322 509
974 280 1218 326 QulNztEME
1242 283 1400 319 ANNEE.
2182 296 2237 323 M„

138 359 173 388 in
191 358 239 388 eis
255 358 388 396 penitus
407 367 425 387 a
441 357 577 390 divinis,
595 366 681 391 cum,
699 356 882 386 secundum
899 354 1146 393 interpretatio-

139 419 214 441 nem
228 410 331 450 juris¹
343 409 508 445 canonici,
519 409 732 439 interdictum
745 408 827 438 illud
840 407 993 446 generale
1005 407 1143 441 dicatur,

138 473 205 494 non
233 463 340 494 solum
363 472 438 493 cum
466 471 602 500 regnum
627 462 676 492 vel
702 462 883 500 provincia,
908 470 1022 491 verum
1046 460 1146 490 etiam

136 527 214 548 cum
229 522 375 547 castrum
398 517 532 556 aliquod
555 516 605 546 vel
628 516 705 545 villa
722 515 921 554 supponitur
936 514 1144 544 inte1-dicto2.

137 571 248 607 Quare
260 570 368 600 dictus
382 578 491 599 comes
504 569 599 599 nobis
614 568 786 598 humiliter
800 567 998 606 supplicavit
1011 571 1056 599 ut,
1072 576 1146 596 cum

137 623 219 653 dicti
235 622 380 661 episcopi
396 622 587 661 hujusmodi
601 621 828 651 interdictum.
841 620 985 658 positum
1002 624 1146 657 tempore

139 675 243 714 patris
263 675 327 709 sui,
346 679 519 713 postquam
535 675 606 713 ipse
626 674 688 703 fuit
705 673 897 703 comitatum
915 672 1064 710 adeptus,
1079 672 1147 710 jam

138 739 196 769 per
223 729 405 759 triennium
433 733 463 758 et
494 728 636 766 amplius
665 727 804 757 fecerint
827 731 858 756 et
887 725 993 755 adbuc
1024 725 1146 754 faciant

134 783 320 819 observari,
340 787 370 812 et
390 782 551 812 innocens
569 781 680 819 puniri
697 789 761 809 non
779 779 896 809 debeat
917 788 975 817 pro
996 783 1146 812 nocente,

137 835 312 874 presertim
325 844 399 865 cum
415 834 591 864 comitatus
604 833 770 872 predictus
788 841 852 862 non
870 841 907 862 ex
926 836 1072 870 paterna.
1091 831 1147 860 sed

137 893 288 918 materna
299 887 531 917 successione³
546 886 652 925 potius
662 885 848 924 pervenerit
860 884 899 914 ad
909 884 1061 918 eundem,
1075 893 1147 922 pre-

137 941 274 972 missam
294 940 465 971 interdicti
484 939 684 970 sententiam
708 939 893 969 faceremus
911 937 1035 967 nullam
1053 937 1147 975 pe‘ni-

138 999 191 1024 tus
217 993 379 1023 nuntiari.
404 992 566 1029 Quocirca
589 991 786 1021 mandamus
814 995 989 1029 quatenus,
1016 990 1043 1018 si
1069 998 1148 1019 ean-

135 1047 211 1077 dem
251 1046 421 1076 interdicti
462 1045 663 1075 sententiam
705 1048 819 1074 contra
856 1048 1003 1073 tenorem
1040 1042 1147 1080 ipsius

136 1099 356 1137 indulgentie,
381 1098 533 1129 durantis
554 1098 661 1127 adhuc
685 1106 744 1127 nec
772 1100 921 1126 revocate
949 1104 1006 1133 per
1030 1095 1145 1125 Sedem

138 1151 372 1191 Apostolicam‚
406 1150 593 1181 eonstiterit
623 1149 733 1179 taliter
762 1157 834 1179 esse
865 1148 975 1183 latam,
1011 1156 1145 1177 moneas

136 1204 270 1235 eosdem
281 1204 452 1243 episcopos
466 1203 644 1234 efficaciter
655 1207 686 1232 et
698 1202 848 1235 inducas,
858 1205 893 1230 ut
903 1201 1063 1239 prefatam
1074 1209 1145 1229 sen-

137 1257 287 1292 tentiam,
315 1261 480 1296 quatenus
504 1256 543 1286 de
566 1256 651 1285 sacto
675 1259 724 1285 est
747 1254 883 1292 prolata.
906 1253 944 1283 de
968 1253 1055 1282 facto
1076 1257 1146 1282 stu-

134 1310 235 1340 deant
255 1309 328 1340 sine
353 1308 547 1339 difficultate
575 1307 723 1347 qualibet
749 1306 909 1337 relaxare.
933 1305 1091 1344 Alioquin
1113 1309 1146 1334 tu

134 1363 313 1393 denunties
327 1361 419 1392 illam
432 1361 628 1391 auctoritate
646 1359 827 1399 apostolica
846 1368 910 1388 non
927 1357 1145 1388 tenere.Con-

132 1416 315 1446 stitutione
335 1415 375 1445 de
403 1414 532 1444 duabus
557 1414 657 1443 dietis
676 1414 710 1442 in
735 1412 882 1451 generali
900 1411 1041 1442 concilio
1059 1411 1147 1441 edita

137 1477 202 1499 non
220 1468 384 1502 obstante,
404 1467 581 1497 dummodo
599 1466 685 1496 ultra
705 1466 835 1496 tertiam
853 1465 903 1494 vel
918 1469 1068 1503 quartam
1086 1464 1147 1494 ali—

135 1522 212 1561 quis
243 1521 439 1551 auctoritate
468 1520 674 1558 presentium
704 1523 795 1549 extra
828 1518 1053 1548 Brittanniam
1082 1526 1146 1547 non

135 1574 298 1604 trahatur.
317 1574 390 1603 Dat.
409 1573 576 1603 Laterani.
594 1573 625 1602 X
646 1572 805 1602 kalendas
823 1571 921 1610 junii,
945 1580 1032 1600 anno
1048 1571 1147 1610 quin-

136 1627 310 1657 todecimo.
330 1639 342 1652 »

208 1792 328 1820 ⁶0:3⁰

146 1888 149 1891 ἱ
169 1855 329 1886 Johanues,
348 1853 544 1885 Arelatensis,
561 1856 589 1879 et
609 1853 724 1882 Petrus.
739 1852 967 1879 Tcrvaeonensis
984 1852 1145 1885 archiepis-

720 1792 826 1822 Genes‚
844 1790 877 1817 10
894 1790 952 1817 mai
971 1788 1073 1825 [1241]

134 1904 212 1939 copi,
229 1912 283 1930 nec
297 1911 354 1929 non
378 1907 406 1929 et
426 1903 524 1933 Nuno,
546 1902 756 1931 Asturiccnsis,
774 1902 962 1933 Laurentius,
983 1901 1145 1932 Auriensis,

135 1952 296 1983 Martinus,
312 1951 550 1982 Salamantinus,
565 1951 682 1982 Petrus,
698 1950 930 1984 Portugatensis,
945 1954 973 1976 et
990 1950 1145 1983 Aegialius,

136 2000 331 2028 Placentinus
351 2000 493 2034 episcopi,
516 1999 655 2032 Gregorio
676 1998 717 2026 IX
741 2007 833 2033 papae
853 1999 997 2026 scribunt.
1020 1999 1067 2025 dic
1088 2004 1146 2025 ter-

135 2050 179 2077 tia
202 2049 273 2076 maii
295 2057 392 2083 pugna
408 2048 509 2075 navali
529 2051 642 2076 exorta.
664 2048 808 2082 plurimos·
825 2048 969 2081 praelatos
993 2048 1028 2073 ad
1050 2048 1146 2074 conci-

137 2098 212 2125 lium
235 2098 408 2125 accedentes
430 2106 446 2124 a
468 2097 587 2124 Pisanis
613 2100 641 2124 et
667 2097 778 2123 Siculis
804 2097 930 2130 aliisque
951 2096 986 2122 de
1008 2097 1147 2123 mamiato

139 2147 294 2174 Friderici.
311 2146 384 2173 dicti
400 2146 600 2181 imperatoris,
615 2150 714 2180 captos
731 2153 807 2176 esse;
823 2154 888 2171 euni
902 2151 1002 2178 rogant
1016 2148 1047 2171 ut
1064 2145 1146 2179 ipsis,

138 2196 189 2231 qui
217 2195 376 2227 evaserint,
399 2195 563 2229 praecipiat
592 2195 663 2228 quid
685 2194 741 2221 sibi
766 2194 920 2228 placuerit.
944 2209 975 2212 -
998 2195 1082 2221 (Hm.
1103 2194 1146 2225 20,

138 2247 160 2272 f.
172 2244 206 2272 78
220 2247 258 2277 r⁰;
273 2253 343 2271 ann.
360 2244 430 2275 XV,
447 2252 472 2270 c.
487 2244 535 2273 55:
555 2258 586 2261 —
601 2243 733 2270 MOREAU
749 2243 827 2274 1193,
841 2244 860 2268 i.
873 2242 941 2273 219;
961 2243 1147 2274 ib11t,f.292;

138 2293 217 2324 ibid„
235 2295 255 2320 f.
271 2293 334 2325 290,
348 2301 383 2319 ex
402 2293 564 2319 nummo
575 2300 581 2323 ;
593 2307 624 2309 —
641 2292 823 2318 nonas-Bam]
836 2291 897 2323 812,
911 2300 945 2317 ex
962 2292 1147 2321 nummo.)

183 2407 195 2422 α
213 2396 321 2424 Littere
344 2395 532 2432 prelatorum
559 2394 680 2431 Ispant‘e
703 2403 794 2430 super
819 2394 956 2430 captione
980 2394 1148 2430 leyalorunz

137 2449 223 2478 Sedis
237 2448 399 2486 Aposzoctce
416 2453 442 2476 et
458 2447 663 2484 quorumdam
680 2448 814 2475 tiliorum
832 2447 1033 2484 prelatorum.
1053 2447 1150 2476 Sanc-

140 2501 270 2531 tissimo
295 2500 380 2539 patri
399 2505 429 2530 et
455 2500 589 2530 domino
606 2500 803 2537 Grcg[orio],
828 2499 886 2528 Dei
910 2499 1014 2536 gratia
1034 2500 1151 2529 Sacro-

139 2559 254 2585 sancte
271 2556 418 2584 Romane
443 2553 589 2583 Ecclesie
611 2562 740 2582 summo
763 2553 922 2591 pontifici.
941 2552 1147 2591 J[oliannes].

141 2607 360 2641 Arelatensis,
383 2612 412 2637 et
440 2606 595 2646 P[etrus],
619 2606 878 2636 'terraconensis
897 2605 1150 2644 archiepiscopi,

141 2661 278 2701 N[uno].
297 2660 533 2690 Astoricensis.
557 2659 794 2697 Haut-entius}
815 2658 1002 2691 Auriensis,
1023 2659 1152 2696 M[arti-

142 2713 231 2753 nus],
256 2713 518 2744 salamantinus.
540 2711 695 2750 P[etrus].
724 2711 986 2749 portugalensis,
1008 2716 1039 2741 et
1063 2712 1153 2749 E[gi-

176 2832 196 2857 1.
212 2834 282 2856 Ms.:
301 2832 384 2855 curis.

174 2876 198 2900 2².
217 2875 246 2900 C.
264 2876 302 2905 Π,
315 2875 352 2904 Χ,
370 2875 403 2902 V.
419 2875 508 2900 40192
526 2876 674 2898 uerborum
692 2876 920 2904 styriiticatione).

175 2920 200 2944 3.
220 2919 257 2943 Le
275 2919 444 2950 grand-pere
460 2918 592 2942 maternel
612 2918 648 2941 du
671 2922 760 2942 comte
784 2918 862 2946 Jean,
885 2918 946 2948 Guy
968 2918 1000 2941 de
1019 2918 1155 2947 Thouars,

144 2964 219 2988 avait
234 2964 337 2995 epouse
352 2964 518 2991 Constance=
535 2963 588 2986 fille
603 2962 636 2985 de
653 2962 748 2986 Conan
764 2962 808 2988 lv.
822 2966 910 2985 comte
926 2962 960 2985 de
978 2962 1122 2992 Brctagne.

1229 354 1328 393 dius],
1347 355 1561 386 Placentinus
1579 357 1754 395 episcopi&
1778 358 1895 395 pedum
1919 358 2031 388 oscula
2054 360 2235 389 beatorum.

1229 407 1385 437 Dolentes
1403 409 1592 444 referimus,
1611 414 1641 439 ct
1660 410 1834 440 referendo
1853 411 1994 439 nimium
2011 412 2236 449 condolemus,

1229 460 1326 498 quod.
1345 470 1417 489 cum
1437 470 1494 490 nos
1513 467 1541 491 et
1568 463 1775 492 venerabiles
1798 463 1831 492 in
1856 463 1989 494 Christo
2012 469 2120 502 patres
2139 488 2158 494 ..
2177 467 2237 495 Ro-

1230 512 1467 550 thomagensis.
1488 538 1507 543 ..
1527 515 1795 552 Burdegalensis,
1820 539 1839 544 ..
1857 516 2054 547 Auxitanus.
2076 540 2096 545 ..
2115 518 2237 547 Bisun-

1231 565 1319 595 tinus
1341 566 1592 605 archiepiscopi.
1616 591 1634 596 ..
1653 568 1923 600 Carcasonensis.
1946 591 1965 597 ..
1984 569 2196 606 Agatbensis,
2217 594 2234 599 ..

1230 618 1481 650 Neumasensis.
1503 620 1774 655 ..Te1·donensis,
1795 644 1814 650 ..
1832 622 1984 650 Astensis
2004 626 2033 651 et
2055 645 2074 651 ,.
2098 623 2237 660 Pupien-

1230 671 1276 700 sis
1296 671 1452 709 episcopi,
1469 677 1500 701 et
1518 672 1664 712 nobil[is]
1682 674 1836 708 Romeus,
1851 679 2043 711 procurator
2055 679 2083 703 et
2099 676 2237 704 nuntius

1232 748 1250 753 ..
1269 724 1411 754 illustris
1423 725 1553 754 comitis
1573 726 1757 761 provincie,
1772 736 1808 756 ac
1823 727 2035 765 quamplures
2048 728 2105 757 alii
2120 729 2238 766 prelati

1230 782 1261 807 et
1276 782 1505 816 procuratores
1523 783 1710 808 nostrarum
1728 784 1757 809 et
1775 779 1916 809 aliarum
1929 780 2095 810 diocesum
2114 790 2149 810 ac
2167 791 2237 819 pro-

1230 830 1427 865 vinciarum,
1443 840 1516 860 cum
1533 831 1781 861 venerabilibus
1802 832 1951 870 patribus
1976 838 2074 871 atque
2094 834 2238 863 dominis

1229 883 1390 922 J[acobo]‚
1410 883 1562 922 episcopo
1581 885 1788 920 Penestrino,
1807 885 1911 915 Otone
1929 886 2089 915 cardinali
2109 891 2138 916 et
2154 887 2238 916 Gre-

1231 936 1347 975 ,1:[0rio]
1364 936 1402 966 de
1420 937 1591 970 Romania,
1611 937 1798 974 Apostolice
1814 937 1908 967 Sedis
1925 937 2053 975 legatis,
2068 939 2106 968 ad
2121 940 2237 969 Vestre

1231 989 1425 1019 Sanctitatis
1440 990 1640 1027 presentiam
1658 990 1691 1018 in
1710 990 1898 1019 obedientia
1915 996 1946 1020 et
1961 991 2133 1021 devotione
2146 1002 2238 1022 acee-

1230 1042 1318 1077 dere,
1335 1042 1428 1081 juxta
1445 1047 1629 1072 vestrarum
1647 1043 1885 1073 continentiam
1905 1044 2102 1074 litterarum.
2119 1046 2239 1083 spretis

1231 1095 1301 1124 sive
1324 1095 1516 1133 postpositis
1542 1095 1746 1134 quibuslibet
1771 1096 2034 1126 difficultatitms,
2057 1098 2237 1127 terroribus

1230 1152 1259 1177 et
1284 1147 1451 1185 periculis,
1476 1148 1670 1183 niteremur,
1693 1148 1745 1177 die
1772 1149 1868 1178 tertia
1892 1150 2017 1179 mensis
2041 1150 2120 1178 maii
2146 1151 2238 1180 navi-

1230 1201 1319 1238 gium
1341 1201 1538 1231 pisanorum
1558 1206 1588 1231 et
1607 1201 1794 1231 Siculorum
1816 1207 1843 1231 et
1863 1203 2081 1241 quorumdam
2098 1203 2238 1233 aliorum

1230 1253 1269 1283 de
1290 1253 1525 1292 jurisdictione
1555 1254 1752 1293 F[riderici],
1780 1255 1859 1284 dicti
1886 1255 2113 1293 imperatoris,
2143 1261 2171 1286 et
2200 1257 2238 1287 de

1232 1306 1385 1335 mandato
1404 1306 1551 1344 ejusdem
1570 1307 1664 1336 nobis
1679 1316 1712 1337 se
1727 1308 1879 1345 opposuit
1893 1317 1929 1337 ex
1943 1308 2094 1343 adverso,
2110 1309 2237 1347 quinos

1231 1363 1295 1388 tam
1322 1364 1472 1397 potenter
1501 1365 1532 1389 ct
1557 1360 1710 1394 viriliter,
1735 1360 1841 1399 culpis
1868 1361 1990 1390 nostris
2016 1361 2236 1399 exigentibus,

1231 1417 1472 1449 expugnarunt.
1488 1413 1585 1451 quod,
1605 1413 1700 1442 nobis
1717 1414 1861 1451 exceptis
1879 1418 1907 1443 et
1927 1415 2050 1444 Romeo
2066 1416 2192 1452 prefato
2208 1420 2237 1444 ct

1231 1465 1363 1494 domino
1379 1465 1655 1503 Compostellano,
1671 1467 1740 1504 qui.
1757 1467 1843 1504 apud
1861 1468 1995 1496 Portum
2011 1467 2162 1501 Veneris,
2181 1469 2238 1498 Ja-

1232 1517 1370 1547 nuensis
1386 1518 1540 1552 diocesis,
1557 1518 1747 1556 impeditus,
1767 1519 1911 1548 nondum
1930 1521 2072 1550 ,januam
2090 1525 2236 1553 venerat,

1231 1575 1261 1601 et
1278 1571 1476 1609 quibusdam
1495 1571 1570 1601 aliis
1584 1571 1731 1609 prelatis,
1751 1572 1972 1602 Bracharensi
1990 1572 2238 1611 archiepiscopo

1231 1623 1385 1653 videlicet
1401 1629 1431 1653 et
1452 1624 1627 1654 Aniciensi
1644 1625 1807 1663 episcopo,
1833 1630 1863 1655 et
1882 1626 1996 1663 paucis
2015 1626 2092 1655 aliis
2108 1626 2146 1656 de
2164 1636 2238 1664 pro-

1231 1677 1439 1706 curatoribus
1457 1682 1487 1707 et
1504 1677 1642 1707 familiis
1660 1677 1872 1716 prelatorum,
1891 1687 1972 1717 quos
1990 1678 2027 1708 de
2045 1678 2237 1717 iniquorum

1231 1730 1385 1760 manibus
1401 1730 1506 1760 Jbesu
1523 1730 1647 1761 Christi
1669 1731 1899 1761 misericordia
1918 1731 2082 1761 liberavit.
2103 1732 2239 1770 quibus-

1230 1783 1304 1812 dam
1320 1783 1418 1813 etiam
1434 1783 1542 1821 gladio
1559 1787 1589 1813 et
1603 1783 1833 1814 submersione
1850 1785 2039 1822 peremptis.
2059 1794 2168 1814 secum
2189 1795 2238 1815 ce-

1231 1840 1317 1866 teros
1347 1836 1564 1872 deduxerunt,
1591 1837 1674 1866 sicut
1702 1837 1819 1867 fertur.
1845 1841 1875 1866 et
1901 1837 2066 1867 credimus
2095 1838 2237 1868 vinculis

1230 1889 1446 1927 mancipatos.
1465 1889 1547 1919 Cum
1566 1889 1669 1926 igitur
1681 1889 1824 1918 mundus
1842 1890 1883 1919 sit
1896 1890 2023 1928 positus
2041 1890 2127 1920 ultra
2140 1900 2238 1929 quam

1230 1942 1408 1979 excogitari
1426 1942 1531 1971 valeat
1548 1942 1581 1970 in
1601 1941 1773 1979 maligno‘l.
1785 1942 2026 1972 etunixersalis
2041 1943 2187 1973 Ecclesia
2204 1944 2238 1972 in

1231 1994 1445 2024 tribulatione
1463 1994 1605 2023 maxima
1619 1995 1781 2029 videatur,
1804 1994 1869 2023 nisi
1886 1995 2047 2024 Dominus
2066 1996 2170 2024 nostri
2185 1996 2240 2025 de—

1231 2047 1304 2077 beat
1321 2052 1452 2077 extento
1471 2047 1605 2077 brachio
1624 2047 1788 2077 misereri.
1813 2047 1959 2077 attendat
1976 2048 2093 2077 Vestra
2111 2049 2241 2078 Sancti-

1231 2107 1280 2131 tas
1294 2106 1323 2131 et
1341 2101 1501 2131 deliberet
1516 2101 1660 2139 qualiter
1672 2101 1712 2130 sit
1729 2101 1762 2129 in
1778 2106 1865 2130 tante
1879 2101 2088 2130 necessitatis
2103 2101 2241 2131 articulo

1231 2153 1485 2192 procedendum.
1511 2158 1539 2182 ct
1566 2153 1661 2182 nobis
1686 2153 1843 2191 precipiat
1870 2153 1956 2191 quod
1982 2153 2046 2182 sibi
2068 2153 2239 2192 placuerit,

1232 2208 1321 2246 quia,
1343 2207 1542 2236 adversitate
1562 2206 1673 2245 aliqua
1693 2216 1758 2236 non
1777 2207 1939 2241 obstante,
1962 2216 2036 2245 que,
2056 2216 2129 2236 cum
2147 2207 2242 2237 bonis

1232 2261 1315 2290 votis
1332 2261 1486 2290 obicitur.
1509 2259 1698 2289 dilectionis
1722 2269 1797 2290 vere
1824 2260 1984 2298 probatio.
2005 2269 2069 2289 non
2088 2261 2242 2298 reproba-

1233 2314 1334 2343 tionis
1355 2313 1517 2342 indicium
1541 2322 1613 2342 esse
1636 2313 1742 2342 debet.
1765 2313 1798 2341 in
1822 2313 1912 2341 omni
1930 2314 2115 2342 constantia
2134 2322 2169 2342 ac
2187 2314 2242 2342 tir-

1233 2367 1347 2397 mitate
1379 2375 1437 2395 nos
1471 2366 1596 2396 noverit
1627 2375 1873 2404 permansuros.
1906 2366 1963 2400 Et,
2004 2365 2079 2395 licet
2113 2371 2244 2404 propter

1268 2518 1287 2541 1.
1307 2517 1326 2540 ΙΙ
1344 2517 1500 2540 semblerait
1519 2523 1572 2545 que
1593 2517 1784 2540 Placentinus,
1801 2515 1815 2537 a
1836 2518 1907 2538 cette
1924 2515 2008 2545 place,
2025 2522 2057 2538 ne
2073 2517 2119 2545 put
2136 2516 2244 2539 s'inter-

1235 2562 1326 2591 preter
1340 2568 1392 2591 que
1410 2568 1457 2590 par
1471 2563 1503 2583 tle
1520 2562 1663 2582 Ptasencia
1682 2559 1846 2589 (Espagne);
1865 2560 1932 2582 mais
1949 2566 1982 2582 on
2004 2566 2037 2582 nc
2058 2560 2168 2583 connait
2186 2568 2243 2590 pas,

1235 2606 1250 2628 a
1266 2607 1289 2628 la
1306 2606 1368 2628 date
1383 2605 1418 2627 o'u
1432 2605 1456 2627 lat
1471 2605 1598 2634 presente
1613 2604 1691 2626 lettre
1709 2611 1722 2626 a
1739 2603 1781 2626 ete
1798 2604 1892 2629 ecrite.
1908 2603 2040 2633 d'echue
2053 2604 2086 2626 de
2099 2605 2244 2627 Ptasencia

1236 2649 1301 2672 dont
1320 2649 1344 2671 le
1365 2655 1427 2671 nom
1445 2654 1601 2670 commence
1624 2654 1672 2677 par
1692 2654 1728 2669 un
1746 2649 1766 2669 E
1784 2647 1885 2675 (c'etait
1901 2647 1983 2672 alors.
1999 2647 2106 2676 d'apres
2123 2647 2201 2670 Crixus
2219 2653 2245 2671 et

1236 2693 1340 2719 EUBEL,
1357 2692 1442 2715 Adam
1457 2692 1539 2715 Perez
1554 2691 1587 2714 de
1602 2691 1726 2717 Cuenca:
1743 2691 1778 2714 cf.
1789 2691 1979 2720 supra,t.111,
1995 2692 2046 2714 col.
2060 2692 2113 2718 457,
2129 2696 2193 2714 note
2210 2692 2243 2720 12:

1236 2738 1326 2761 tandis
1347 2743 1400 2767 que
1421 2740 1491 2759 cette
1515 2736 1621 2758 initiale
1642 2738 1662 2758 E
1688 2740 1729 2758 est
1753 2736 1820 2758 celle
1845 2735 1878 2758 de
1905 2735 2028 2765 l'echue
2055 2735 2087 2758 de
2114 2738 2245 2759 Piaceuza

1236 2783 1344 2811 (italie),
1362 2781 1408 2811 qui
1431 2781 1515 2803 vivait
1533 2780 1547 2802 ἐι
1563 2784 1634 2803 cette
1649 2780 1765 2809 epoque.
1783 2781 1911 2808 Eqiuius.
1929 2779 1967 2802 En
1981 2783 2071 2805 outre,
2088 2780 2127 2802 les
2144 2782 2247 2803 cont-0-

1236 2828 1361 2849 caliones
1375 2826 1490 2847 concilii
1508 2824 1663 2854 imprimees
1679 2824 1738 2853 plus
1756 2825 1820 2846 baut
1841 2830 1874 2846 ne
1897 2827 2006 2853 portent
2030 2824 2151 2846 mention
2171 2823 2247 2846 d'au-

1237 2878 1290 2894 cun
1313 2871 1416 2899 eveqne
1441 2869 1474 2892 de
1498 2870 1651 2892 I'lasencia.
1682 2869 1732 2891 Les
1761 2870 1874 2891 auteurs
1903 2868 1935 2891 dc
1963 2868 1987 2891 la
2014 2868 2142 2898 presente
2167 2869 2246 2891 lcttre

1237 2916 1367 2938 u'etaient
1384 2914 1454 2936 donc
1472 2920 1519 2943 pas
1536 2917 1598 2936 tous
1614 2914 1715 2941 prelati
1732 2914 1852 2941 Ispanie,

1268 2960 1290 2982 ᾖ.
1308 2959 1349 2983 Cf.
1370 2959 1377 2982 1
1395 2958 1496 2981 Jonvm.
1511 2957 1543 2985 V,
1563 2958 1597 2981 19.
