2553 3526
147 279 206 309 493
986 273 1230 315 QUINZIEME
1252 274 1412 310 ANNEE.
2194 291 2249 319 494

147 344 350 375 sententiam
368 344 454 374 ferre
471 353 535 373 non
558 344 691 378 metuis,
713 353 771 374 nec
789 345 836 374 eis
856 345 1075 382 postmodum,
1093 345 1158 374 nisi

146 401 239 427 certa
260 397 348 426 inter
372 401 401 426 te
419 406 455 426 ac
472 396 561 434 ipsos
581 396 782 426 interveniat
800 398 917 435 pactio,
938 397 1158 427 absolutionis

148 449 348 480 beneficium
364 449 557 487 impertiris,
577 449 616 478 ad
632 449 693 478 hoc
709 449 908 479 intentionis
925 454 978 480 tue
995 459 1158 480 summam

146 502 309 540 dirigens,
320 506 366 536 ut,
379 501 510 531 eosdem
520 501 651 538 fratres,
661 510 800 540 quorum
812 502 970 540 exemplis
983 507 1014 532 et
1028 502 1157 532 meritis

147 555 273 593 ubique
299 558 463 584 terrarum
490 563 610 584 nomen
634 553 797 583 attollitur
827 554 1068 593 Redemptoris.
1099 555 1158 584 ha-

147 608 254 638 bendo
280 607 493 645 contemptui,
527 611 581 637 tue
607 607 710 645 possit
735 606 875 636 latitudo
906 607 1092 637 substantie
1119 607 1157 637 de

146 661 241 691 tenui
268 660 475 690 subditorum
502 660 563 690 tibi
588 660 744 690 facultate
774 669 956 698 pauperum
980 661 1155 699 ampliari;

143 714 318 744 advertere
335 714 468 744 nescius
491 713 578 752 quod
601 713 635 742 in
659 713 719 743 hoc
736 718 767 743 et
786 713 890 751 pietas
907 714 1094 743 Conditoris
1112 715 1156 744 of-

145 766 305 803 fenditur,
337 770 368 796 et
399 766 598 796 turbationis
631 766 771 796 materia
807 766 930 804 quietis
967 766 1155 796 timentium

145 821 252 850 Deum
272 819 441 850 mentibus
465 824 654 857 generatur.
678 818 840 849 Volumus
860 819 972 858 itaque
996 820 1076 849 etin
1094 821 1156 849 vir-

145 877 216 903 tute
237 872 426 902 obedientie
447 872 620 911 disstricte]
642 871 703 901 tibi
726 872 938 910 precipiendo
959 873 1155 903 mandamus

143 930 322 965 quatenus,
341 934 481 963 pensare
498 924 662 955 sollicitus
681 925 768 963 quod
783 925 817 954 in
835 929 864 955 te
882 925 1068 964 presulatus
1085 927 1156 955 offi-

142 979 234 1009 cium
256 978 342 1008 circa
359 978 518 1007 virtutum
542 978 787 1008 observantiam
813 977 928 1008 haberi
956 987 1019 1007 non
1043 979 1155 1008 deceat

141 1033 299 1069 otiosum,
318 1033 399 1072 quin
416 1032 517 1062 immo
532 1032 620 1071 quod
637 1041 767 1071 semper
778 1033 892 1063 adhoc
909 1033 1085 1071 invigilare
1098 1034 1154 1063 de-

144 1087 235 1122 beaS,
251 1091 286 1116 ut
299 1086 404 1116 divini
421 1086 555 1116 assidue
572 1086 780 1125 majestatem
796 1087 941 1116 nominis
956 1091 986 1116 et
999 1087 1153 1117 Sanctam

144 1141 329 1171 Romanam
356 1138 538 1169 Ecclesiam
564 1139 708 1169 revereri
738 1139 894 1170 continue
917 1140 1152 1178 comproberis,

142 1194 211 1224 tuis
224 1193 336 1228 labiis,
354 1201 394 1222 ne
413 1196 442 1222 te
458 1191 606 1230 ipsorum
623 1191 715 1221 labor
727 1192 881 1230 operiat¹,
904 1192 1059 1230 condigni
1077 1201 1154 1222 cen-

141 1255 256 1277 suram
272 1244 460 1275 adhibendo
476 1244 615 1277 silentii,
634 1244 668 1274 in
692 1244 759 1274 hiis
777 1254 841 1283 que
858 1245 929 1283 ipsa
947 1245 1000 1283 pie
1019 1250 1107 1275 tenet
1123 1250 1154 1275 et

141 1299 324 1330 salubriter
352 1298 446 1328 docet
474 1297 638 1332 Ecclesia,
666 1298 858 1336 postpositis
884 1298 995 1329 stultis
1019 1303 1050 1329 et
1081 1299 1152 1329 sine

139 1352 321 1392 disciplina
348 1351 593 1390 questionibus,
621 1355 738 1381 cautus
761 1356 792 1381 et
821 1351 992 1390 perspicax
1019 1352 1152 1382 studeas

140 1405 305 1440 inveniri;
325 1409 483 1439 ceterum,
505 1408 534 1434 te
556 1404 737 1442 propitium
755 1408 786 1434 et
803 1404 970 1434 affabilem
987 1405 1153 1435 reddendo

141 1458 355 1498 pauperihus,
374 1461 409 1487 ut
423 1457 540 1487 saltem
558 1457 702 1487 videaris
719 1457 753 1486 in
771 1456 882 1496 aliquo
893 1457 932 1487 ad
945 1458 1153 1488 tuidecorem

138 1511 241 1542 officii
259 1511 436 1550 gratiosus,
455 1510 600 1549 prefatos
616 1510 736 1540 fratres
759 1510 904 1548 presidio
922 1511 1043 1541 favoris
1058 1521 1153 1550 opor-

141 1565 215 1596 tuni
226 1573 438 1604 prosequere,
453 1568 483 1594 te
496 1563 536 1593 ab
547 1563 695 1602 ipsorum
706 1568 736 1593 et
750 1563 999 1594 benefactorum
1017 1574 1152 1595 suorum

138 1618 249 1649 solitis
265 1616 450 1647 cohibendo
466 1615 640 1650 molestiis,
659 1625 699 1646 ne
716 1616 865 1646 caritatis
880 1617 970 1647 odire
988 1617 1106 1647 merita
1122 1623 1152 1647 et

138 1671 313 1702 Christum
328 1670 362 1699 in
380 1669 539 1700 membris
559 1669 715 1708 persequi
734 1669 890 1704 videaris,
908 1669 1081 1701 habendus
1100 1671 1151 1700 ni-

138 1723 343 1754 chilominus
365 1722 404 1752 ab
420 1721 489 1752 illis
505 1722 539 1751 in
557 1721 714 1763 fabulam,
738 1721 807 1760 qui,
831 1721 909 1751 dum
932 1727 1005 1752 tuos
1021 1723 1150 1762 ineptos

139 1780 249 1807 motus
266 1775 433 1814 aspiciunt
449 1779 480 1805 et
498 1774 673 1805 advertunt
693 1784 755 1813 que
777 1774 934 1814 loqueris,
953 1785 1065 1806 carere
1083 1777 1150 1807 sale

139 1829 258 1868 gratie,
285 1828 345 1859 Dei
371 1828 536 1858 mirantur
561 1827 735 1858 ecclesiam
767 1833 797 1858 te
827 1837 932 1867 usque
962 1838 1051 1859 nunc
1078 1830 1150 1860 sine

137 1881 356 1913 correctionis
381 1880 498 1911 baculo
520 1881 748 1921 preteri[i]sse,
776 1881 853 1911 licet
876 1882 909 1911 in
934 1887 1085 1921 promptu
1108 1883 1151 1912 sit

137 1935 238 1975 quod,
255 1944 330 1965 cum
347 1935 387 1964 ad
405 1943 463 1964 nos
480 1934 519 1964 de
530 1938 587 1963 tua
603 1934 724 1964 veritas
742 1934 938 1964 enormitate
950 1936 1149 1973 pervenerit,

138 1997 239 2027 super
254 1997 320 2027 qua
335 1996 392 2026 per
411 1986 646 2026 ve[nerabiles]
662 1986 807 2026 f[ratres]
827 1987 980 2026 n[ostros]
1003 2012 1021 2017 ..
1041 1989 1150 2018 archi-

138 2041 331 2080 episcopum
354 2041 536 2070 Barensem
560 2043 591 2069 et
616 2063 635 2069 ..
658 2040 849 2078 episcopum
873 2041 1078 2071 Bitetensem
1097 2042 1149 2071 in-

137 2093 230 2133 quiri
250 2093 493 2128 mandavimus,
512 2092 599 2123 circa
618 2093 857 2123 correctionem
880 2094 928 2123 tui
951 2094 1060 2124 taliter
1076 2105 1150 2133 pro-

138 2147 311 2182 cedamus,
347 2146 435 2185 quod
461 2145 663 2175 informante
693 2154 778 2184 pena
808 2146 978 2177 doceberis
1015 2152 1046 2177 et
1077 2152 1149 2177 tuas

139 2199 254 2238 culpas
271 2207 462 2237 agnoscere,
481 2203 512 2228 et
530 2198 657 2229 cautele
674 2203 848 2238 metusque
866 2208 966 2230 causa
983 2200 1149 2231 videberis

138 2252 218 2283 aliis
243 2252 402 2282 extitisse.
429 2253 503 2282 Dat.
532 2251 699 2286 Laterani,
722 2253 789 2282 IIII
816 2261 920 2282 nonas
949 2253 1040 2289 maii,
1064 2263 1152 2283 anno

139 2304 400 2344 quintodecimo.
421 2316 433 2330 n

212 2449 334 2478 6000

178 2511 333 2539 Universis
349 2510 507 2538 abbatissis
523 2513 551 2537 et
569 2510 748 2537 monialibus
764 2511 888 2537 inclusis
904 2513 1151 2539 monasteriorum

137 2560 255 2587 ordinis
269 2559 364 2586 sancti
381 2558 522 2586 Damiani
537 2559 671 2592 indulget
688 2561 720 2585 ut
735 2567 752 2585 a
769 2568 914 2593 quoquam
933 2561 1085 2587 conveniri
1101 2569 1152 2595 per

718 2449 839 2482 Latran,
855 2450 890 2476 26
905 2450 982 2477 avril
1000 2451 1079 2477 1241.

141 2609 257 2636 litteras
272 2608 449 2643 apostolicas
471 2611 629 2642 nequeant,
647 2616 699 2634 nec
716 2608 825 2642 aliquis
842 2613 944 2636 contra
960 2609 1038 2644 ipsas
1052 2619 1154 2644 proce—

139 2658 210 2685 dere
233 2657 410 2685 auctoritate
430 2658 529 2684 valeat
547 2657 719 2689 earundem,
741 2657 799 2684 nisi
818 2658 853 2684 de
874 2658 1004 2692 ipsarum
1025 2659 1153 2686 abbatis-

139 2716 190 2735 sae
211 2709 240 2734 et
260 2707 436 2734 monialium
460 2706 563 2733 ordine
584 2706 709 2733 fecerint
730 2707 923 2734 mentionem.
949 2723 981 2726 —
1005 2709 1091 2741 (Rau.
1109 2708 1154 2741 20,

142 2757 164 2783 f.
185 2756 220 2783 73
239 2759 287 2788 v⁰;
304 2764 374 2783 ann.
391 2755 460 2788 XV,
480 2763 505 2782 c.
527 2755 578 2787 42;
597 2770 628 2773 —
647 2756 804 2782 Porrimsr
822 2756 931 2788 11007.)

185 2855 198 2870 (t
220 2843 378 2873 Universis
395 2844 552 2872 abbatissis
567 2849 592 2872 el
608 2844 796 2873 monialibus
812 2845 940 2874 inclusis
956 2847 1156 2875 monasterio-

179 2948 200 2974 1.
217 2948 259 2973 Cf.
274 2948 318 2972 Ps.
336 2948 483 2978 CXXXIX,
500 2949 539 2975 10.

1242 354 1313 374 rum
1339 347 1459 376 ordinis
1481 350 1579 377 sancti
1602 350 1758 379 Damiani.
1785 352 1939 381 Personis
1965 363 2027 391 que
2054 356 2175 385 mundo
2197 374 2246 385 —.

1241 399 1314 427 Dat.
1333 399 1498 433 Laterani,
1516 401 1560 430 VI
1578 401 1735 433 kalendas
1754 404 1844 438 maii,
1863 413 1949 433 anno
1962 406 2217 443 quintodecimo.
2235 422 2246 435 n

1311 582 1428 611 6001
1835 588 1955 621 Latran,
1971 590 2004 616 10
2021 591 2079 617 mai
2096 592 2174 618 1241.

1275 644 1431 676 potestati,
1449 646 1572 673 consilio
1585 649 1613 673 et
1627 649 1733 681 populo
1746 649 1987 678 Ferentinatibus
2001 652 2148 685 significat
2160 662 2189 679 se
2206 655 2247 681 eis

1239 695 1265 718 et
1281 701 1379 719 eorum
1394 694 1579 727 adjutoribus
1595 703 1717 729 poenam
1733 697 1867 724 omnium
1883 707 2054 727 excessuum
2070 701 2176 735 quibus
2191 702 2247 729 Ro-

1240 748 1357 767 manam
1373 741 1537 769 Ecclesiam
1555 746 1583 769 et
1600 744 1722 770 comites
1737 745 1919 779 Campaniae
1937 747 2125 781 offenderint,
2143 751 2247 777 remit-

1238 791 1308 815 tere.
1333 803 1364 807 —
1387 790 1474 820 (Rau.
1498 791 1543 823 20,
1569 793 1588 818 f.
1610 792 1643 818 73
1664 795 1708 824 v⁰;
1734 802 1803 820 ann.
1827 794 1895 824 XV,
1917 804 1941 821 c.
1964 797 2014 827 43;
2038 811 2068 815 —
2091 798 2248 826 PorTHAST

1237 836 1337 868 11012;
1356 852 1388 855 —
1405 838 1588 866 RonENssEac,
1605 840 1679 871 810.)

1278 950 1290 963 «
1312 961 1331 967 ..
1349 940 1497 975 poteslali,
1512 941 1639 968 consilio
1650 945 1674 968 el
1685 942 1794 978 populo
1806 943 2243 983 Ferrnliual[ibus]‚spiritum

1236 991 1360 1020 consilii
1379 992 1526 1019 sanioris.
1555 993 1685 1021 Intenta
1706 994 1933 1025 misericordie
1954 997 2073 1026 studiis
2097 1015 2145 1027 —.
2171 999 2245 1028 Dat.

1236 1041 1399 1079 Laterani,
1419 1044 1463 1073 VI
1480 1044 1554 1074 idus
1572 1045 1662 1079 maii,
1682 1054 1768 1075 anno
1786 1047 2042 1085 [puntodccimo.
2061 1062 2073 1075 ι)

1307 1228 1395 1256 600
1400 1229 1425 1255 2

1271 1290 1464 1324 Huguicioni,
1490 1292 1669 1319 subdiacono
1695 1297 1722 1320 et
1753 1296 1906 1328 capellano
1936 1305 1996 1329 suo,
2025 1298 2060 1324 de
2087 1300 2187 1326 eadem
2217 1310 2245 1327 re

1235 1339 1377 1369 scribens,
1401 1340 1523 1367 mandat
1540 1344 1685 1375 quatenus
1701 1343 1860 1376 praedictis
1877 1345 2128 1380 Ferentinatibus,
2145 1356 2245 1383 recep-

1235 1388 1273 1414 tis
1290 1388 1326 1415 ab
1342 1388 1384 1414 eis
1400 1389 1568 1422 juramento
1580 1390 1615 1417 de
1631 1391 1736 1417 stando
1753 1393 1902 1420 mandatis
1919 1393 2068 1422 Ecclesiae
2086 1399 2114 1423 et
2134 1397 2243 1431 viginti

1235 1441 1373 1470 quattuor
1394 1438 1556 1471 obsidibus,
1581 1448 1703 1473 quorum
1725 1440 1879 1468 duodecim
1905 1443 1966 1469 siut
1986 1452 2020 1469 ex
2045 1445 2192 1472 militibus
2216 1450 2243 1473 et

1829 1233 1948 1264 Latran.
1967 1234 2000 1260 10
2017 1235 2076 1262 mai
2094 1236 2172 1264 1241.

1234 1486 1341 1520 reliqui
1359 1495 1393 1513 ex
1410 1488 1613 1522 popularibus,
1627 1489 1801 1516 beneficium
1813 1490 2007 1519 absolutionis
2020 1493 2184 1528 impendat,
2199 1496 2243 1529 J'u-

1235 1538 1402 1562 ramentum
1421 1536 1575 1563 fidelitatis
1594 1537 1629 1563 de
1650 1546 1725 1564 novo
1741 1538 1777 1565 ab
1794 1539 1835 1565 eis
1851 1541 2037 1573 postmodum
2056 1546 2243 1577 recepturus;

1235 1584 1281 1610 his
1307 1584 1426 1618 quidem
1451 1585 1593 1619 peractis,
1615 1586 1730 1613 litteras
1756 1588 1931 1621 apostolicas
1955 1598 2041 1623 super
2062 1592 2244 1619 relaxatione

1234 1640 1344 1666 poenae
1370 1633 1480 1660 eisdem
1506 1634 1645 1668 assignet.
1676 1650 1708 1653 —
1738 1636 1825 1666 (Rau.
1849 1636 1893 1668 20,
1920 1638 1939 1663 f.
1961 1639 1993 1664 74
2017 1642 2054 1671 r⁰;
2082 1648 2151 1667 ann.
2174 1641 2242 1674 XV,

1234 1690 1259 1707 c.
1274 1682 1322 1713 44;
1340 1696 1372 1699 —
1387 1682 1661 1715 Porrnasr11013;
1680 1698 1711 1701 —
1729 1684 1912 1712 Romanasne,
1929 1686 2003 1717 811.)

1275 1794 1287 1808 (ι
1302 1783 1499 1820 Huyzcicioni.
1512 1785 1695 1814 subdiacono
1707 1790 1732 1814 et
1744 1787 1899 1824 capellano
1911 1793 2022 1817 nostro.
2034 1789 2243 1820 Presentium

1235 1834 1295 1863 tibi
1315 1835 1510 1866 auctoritate
1527 1854 1575 1865 —-.
1594 1838 1666 1866 Dat.
1685 1842 1719 1867 ut
1736 1847 1847 1876 supra.
1869 1851 1880 1865 u

1305 2013 1426 2042 6003
1812 2018 1932 2051 Latran,
1950 2019 1984 2045 30
1999 2020 2075 2046 avril
2093 2021 2170 2048 1241.

1268 2077 1412 2112 Episcopo
1428 2077 1563 2105 Olorensi
1582 2079 1704 2106 mandat
1722 2083 1866 2113 quatenus
1883 2082 2039 2115 pecuniam
2057 2083 2092 2109 ‹le
2110 2084 2242 2118 redemp-

1234 2126 1365 2153 tionibus
1381 2127 1652 2160 crucesignatorum
1673 2131 1702 2154 et
1723 2128 1758 2154 de
1782 2129 1886 2162 legatis
1906 2138 1956 2163 pro
1977 2131 2064 2157 Terra
2083 2132 2193 2159 Sancta
2208 2133 2244 2160 ab

1234 2175 1297 2209 ipso
1318 2175 1454 2209 episcopo
1474 2178 1501 2201 et
1522 2184 1539 2201 a
1562 2177 1652 2202 fratre
1671 2176 1840 2208 Willeinm,
1861 2178 1980 2205 custode
2002 2180 2124 2206 fratrum
2148 2180 2245 2207 Mino-

1235 2231 1300 2249 rum
1328 2223 1364 2249 de
1392 2223 1562 2254 Waseonia,
1585 2225 1752 2257 collectam,
1776 2225 1806 2251 in
1827 2226 1954 2253 diversis
1975 2227 2046 2254 locis
2068 2228 2244 2262 depositam,

1235 2272 1377 2299 videlieet
1397 2272 1521 2306 triginta
1543 2273 1627 2300 milia
1648 2274 1806 2300 solidorum
1828 2274 2027 2302 Morlanensis
2049 2280 2192 2309 monetae,
2208 2279 2244 2305 ad

1236 2323 1332 2347 tutum
1351 2321 1446 2348 locum
1466 2321 1615 2355 deportari
1638 2326 1665 2348 et
1689 2322 1764 2349 inibi
1786 2323 1953 2350 conservari
1976 2324 2076 2355 iaciat,
2094 2325 2154 2351 illis
2172 2327 2246 2353 assi—

1236 2369 1396 2403 guandam⁷
1414 2370 1521 2403 quibus
1538 2370 1599 2405 ipse
1613 2379 1689 2405 papa
1705 2372 1905 2398 mandaverit.
1921 2387 1949 2390 —
1965 2374 2050 2404 (Itan.
2068 2374 2111 2406 20,
2130 2376 2194 2401 1274
2207 2379 2246 2407 r⁰3

1236 2426 1306 2444 ann.
1324 2418 1392 2450 XV,
1409 2427 1433 2444 c.
1451 2419 1498 2450 45;
1515 2433 1547 2437 —
1565 2420 1723 2447 Pomffisr
1737 2420 1846 2450 11009.)

1279 2531 1291 2544 «
1315 2542 1334 2547 ..
1351 2520 1482 2556 episcopo
1494 2519 1640 2548 Olor-ensi.
1653 2520 1794 2549 Litteras
1809 2525 1880 2550 tuas
1892 2521 2034 2559 benigne
2049 2523 2244 2561 recepimus.

1237 2575 1268 2601 et
1284 2580 1322 2601 ea
1336 2580 1399 2610 que
1418 2571 1674 2601 continebantur
1691 2572 1724 2600 in
1746 2572 1806 2607 eis,
1827 2573 2052 2603 intelleximus
2069 2574 2248 2612 diligenter

1238 2641 1286 2652 ——.
1304 2625 1439 2659 Verum,
1458 2632 1543 2659 cum,
1561 2624 1647 2653 sicut
1664 2633 1700 2654 ex
1718 2634 1831 2654 earum
1849 2630 1961 2656 tenore
1979 2627 2168 2663 didicimus,
2190 2629 2249 2657 tri-

1239 2675 1330 2713 ginta
1348 2675 1442 2704 milia
1458 2674 1640 2705 solidorum
1660 2675 1882 2706 Morlanensis
1899 2683 2029 2708 monete
2047 2678 2085 2708 de
2102 2679 2249 2718 redemp-

1240 2728 1386 2758 tionibus
1403 2727 1710 2765 crucesignatorum
1727 2732 1757 2758 et
1773 2728 1892 2766 legatis
1909 2730 2007 2760 Terre
2028 2731 2145 2761 Sancte
2161 2736 2194 2761 tu
2219 2738 2247 2763 et

1238 2781 1342 2810 frater
1359 2780 1561 2815 VVillelmus,
1580 2784 1691 2810 custos
1713 2781 1854 2811 fratrum
1871 2782 2038 2812 Minorum
2056 2783 2094 2813 de
2111 2785 2248 2814 XVasco-

1240 2834 1305 2869 nia,
1326 2834 1364 2864 de
1379 2833 1533 2863 mandato
1550 2833 1645 2864 Sedis
1662 2834 1849 2873 Apostolice
1866 2835 2029 2865 duxeritis
2053 2837 2247 2874 colligenda.

1240 2892 1271 2917 et
1288 2886 1430 2925 pecunia
1445 2886 1518 2924 ipsa
1533 2886 1568 2916 in
1585 2886 1726 2917 diversis
1742 2887 1823 2917 locis
1837 2887 1986 2926 deposita
1998 2898 2069 2919 esse
2083 2895 2248 2925 noscatur,

1240 2939 1443 2970 fraternitati
1469 2943 1533 2974 tue,
1563 2939 1602 2969 de
1626 2949 1690 2978 qua
1712 2940 1844 2979 plenam
1867 2941 1902 2970 in
1929 2942 2070 2972 Domino
2096 2943 2250 2973 fiduciam
