2553 3526
156 286 212 316 553
993 281 1237 325 QUINZIEME
1260 283 1418 321 ANNEE.
2201 303 2259 332 554

154 354 248 387 quod,
273 354 422 387 praedicto
449 355 626 381 monasterio
647 355 749 382 Sancti
772 355 894 382 Taurini
917 359 1052 386 vacante,
1074 356 1164 382 abbas

155 402 266 429 ibidem
283 402 319 429 de
341 403 451 436 gremio
473 403 644 430 monasterii
662 403 871 431 Fiscannensis
896 404 1020 431 debebat
1040 404 1163 436 assumi,

154 459 251 478 coram
277 451 442 485 judicibus,
470 452 547 478 inter
572 461 642 485 quos
665 455 727 479 erat
749 452 828 486 prior
849 453 952 480 Sancti
978 453 1106 487 Vigoris,
1133 453 1162 480 in

154 508 273 526 causam
291 502 453 531 traxerant,
477 500 602 526 eundem
618 500 744 534 priorem
763 500 866 527 Sancti
884 501 1002 534 Vigoris
1023 501 1164 528 haberent

153 550 335 582 suspectum,
356 551 472 582 propter
488 549 627 575 unionem
646 549 889 576 monasteriorum
913 550 1015 576 Sancti
1036 550 1162 583 Benigni

154 596 347 624 Divionensis
363 600 391 623 et
406 597 509 624 Sancti
526 597 655 631 Vigoris,
670 600 697 624 et
714 600 830 631 propter
845 598 1011 624 amicitiam
1029 600 1057 624 et
1074 598 1163 624 fami—

155 645 316 672 liaritatem
339 646 445 679 quibus
471 646 655 680 praedictum
678 646 877 672 Fiscannense
899 647 1111 673 monasterium
1135 649 1163 673 et

153 694 231 721 idem
260 695 472 721 monasterium
500 694 603 721 Sancti
628 695 756 728 Benigni
783 695 854 721 adeo
881 697 965 721 erant
992 695 1161 728 conjuncta,

153 744 230 777 quod
253 743 332 778 prior
361 744 463 770 Sancti
485 744 614 777 Vigoris.
636 744 686 777 qui
710 745 871 770 monachus
895 747 957 770 erat
981 744 1083 770 Sancti
1109 745 1162 770 Be-

154 792 248 825 nigni,
264 800 314 825 pro
327 792 470 818 monacho
484 791 677 818 Fiscannensi
691 791 864 823 habebatur,
878 800 1003 826 cumque
1017 792 1161 826 praedicti

151 840 266 874 judices
279 840 405 868 arbitros
416 840 452 867 ab
463 840 574 866 eisdem
590 840 695 867 abbate
711 843 739 867 et
755 844 902 867 conventu
917 840 1021 867 Sancti
1037 841 1161 867 Taurini

153 889 326 924 postulatos,
343 897 439 916 coram
458 888 565 922 quibus
581 889 635 915 illa
648 888 776 923 suspicio
795 889 976 923 probaretur,
996 889 1037 915 eis
1059 898 1162 916 conce-

151 937 221 965 dere
242 938 446 972 denegassent,
473 952 504 955 —
533 937 562 964 in
588 946 676 964 causa
700 938 802 964 eadem
833 938 1007 972 procedant;
1029 938 1161 972 alioquin

153 988 250 1020 partes
283 987 319 1013 ad
347 994 471 1013 examen
507 987 724 1020 praedictorum
759 987 893 1020 Judicum
928 987 1094 1014 remittant.
1131 1001 1162 1005 —

151 1034 239 1066 (Rae.
256 1034 301 1068 20,
314 1035 334 1061 f.
351 1034 385 1061 89
398 1038 441 1066 v⁰;
457 1043 526 1061 ann.
540 1035 608 1067 XV,
626 1044 650 1061 c.
668 1035 743 1066 107.)

193 1162 206 1176 α
236 1172 255 1179 ..
282 1151 403 1185 decano,
435 1172 454 1178 ..
482 1151 676 1179 thesaurario
704 1156 730 1179 ει
764 1173 780 1178 ..
810 1151 1028 1179 archidiacono
1052 1149 1160 1189 Al9i[e]

150 1202 419 1242 Lemovienjsibus}
438 1203 504 1233 Sua
525 1203 620 1232 nobis
643 1202 756 1232 dilecti
778 1202 839 1231 filii
860 1226 879 1231 ..
905 1203 1006 1233 abbas
1029 1207 1059 1233 et
1083 1212 1161 1232 con-

149 1259 268 1285 ventus
284 1255 481 1285 monasterii
498 1255 611 1285 Sancti
629 1255 767 1284 Taurini
787 1255 1009 1290 Ebroicensis,
1032 1255 1160 1285 ordinis

149 1309 256 1339 sancti
279 1308 463 1343 Benedicti,
487 1308 647 1346 petitione
673 1312 901 1338 monstrarunt
922 1309 1019 1347 quod,
1046 1318 1120 1338 cum
1137 1332 1157 1337 ..

148 1361 250 1392 abbas
267 1365 298 1391 et
313 1364 496 1391 conventus
510 1361 764 1397 Fiscannenses,
780 1361 929 1400 ejusdem
941 1361 1080 1395 ordinis,
1099 1363 1159 1392 Ro-

147 1414 375 1453 thomagensis
407 1414 567 1450 diocesis,
601 1418 789 1444 asserentes
822 1414 925 1453 quod,
957 1415 1160 1444 monasterio

146 1468 295 1507 predicto
316 1471 466 1502 vacante,
492 1467 588 1497 debet
611 1467 713 1497 abbas
734 1467 857 1497 ibidem
881 1468 919 1497 de
941 1468 1066 1505 gremio
1091 1477 1160 1498 mo-

147 1521 288 1552 nasterii
315 1520 553 1551 Fiscannensis
578 1520 720 1555 assumi,
748 1530 847 1558 super
876 1521 938 1550 boc
964 1522 1159 1552 auctoritate

147 1573 329 1613 apostolica
344 1573 449 1603 dictos
465 1573 629 1610 abbatem,
648 1578 726 1603 tunc
742 1573 895 1609 electum,
912 1578 943 1604 et
961 1579 1159 1604 conventum

147 1627 288 1665 predicti
317 1626 514 1656 monasterii
544 1626 658 1657 Sancti
687 1626 826 1656 Taurini
857 1636 966 1656 coram
999 1650 1019 1656 ..
1051 1628 1159 1665 priore

147 1680 261 1710 Sancti
285 1679 429 1717 Vigoris,
462 1702 482 1709 ..
512 1684 646 1709 cantore
674 1680 849 1718 Bajocensi
878 1684 908 1710 et
937 1680 1097 1718 magistro
1122 1681 1157 1711 T.

146 1732 267 1763 Uberti
285 1732 416 1767 clerico,
437 1732 490 1762 cui
514 1755 533 1762 ..
552 1731 705 1762 officialis
722 1732 928 1771 Bajocensis,
951 1732 1122 1771 delegatus
1142 1743 1159 1763 a

147 1786 260 1822 nobis,
299 1795 398 1825 super
433 1786 496 1816 hoc
524 1786 671 1816 totaliter
700 1786 912 1816 commiserat
944 1787 1033 1817 vices
1068 1796 1154 1823 suas,

145 1839 351 1879 traxisse[n]t
363 1839 397 1868 in
414 1848 548 1869 causam
567 1850 573 1868 ε
591 1839 671 1869 dicti
686 1839 787 1869 abbas
800 1844 830 1869 et
847 1844 1028 1870 conventus
1046 1841 1158 1870 Sancti

143 1893 293 1929 Taurini,
308 1892 589 1930 habentesipsum
602 1892 746 1930 priorem
761 1902 798 1922 ea
810 1893 938 1923 ratione
955 1899 1156 1931 suspectum,

145 1946 241 1985 quod,
262 1947 354 1975 cum¹
371 1945 483 1975 Sancti
502 1945 646 1983 Benigni
663 1950 694 1975 et
710 1946 823 1975 Sancti
840 1946 974 1984 vigoris
991 1951 1158 1977 monaste-

144 1999 196 2029 ria
210 2008 315 2029 unum
331 1999 464 2038 penitus
482 2007 555 2028 esse
573 2003 766 2032 noscantur,
791 2004 821 2028 et
843 1999 916 2029 ideo
938 2000 1027 2037 prior
1044 2000 1158 2029 Sancti

144 2052 289 2090 Benigni
305 2052 533 2086 Divionensis,
557 2061 575 2081 a
592 2061 655 2090 quo
676 2052 774 2090 quasi
794 2052 834 2081 ad
856 2052 973 2082 cellam
996 2053 1035 2082 ad
1055 2054 1157 2083 Sanc-

145 2109 214 2135 tum
229 2104 387 2142 Vigorem
404 2104 634 2138 transmissus,
656 2104 695 2134 ab
708 2105 779 2143 ipso
795 2114 852 2143 pro
866 2105 994 2135 abbatis
1009 2106 1157 2144 ejusdem

145 2158 259 2188 Sancti
276 2157 420 2195 Benigni
437 2157 533 2187 libito
550 2162 734 2193 revocatur,
754 2158 938 2188 monachus
953 2167 1025 2188 esse
1044 2168 1158 2189 nosca-

146 2215 209 2246 tur,
229 2219 266 2240 ac
284 2210 397 2240 Sancti
415 2211 559 2248 Benigni
576 2215 606 2240 et
622 2211 860 2241 Fiscannensis
880 2212 1158 2242 monasteriorum

146 2263 282 2294 abbates
297 2268 328 2294 et
343 2268 525 2294 conventus
538 2268 629 2293 tanta
641 2264 708 2293 sint
724 2264 872 2294 amicitia
884 2269 915 2294 et
929 2265 1158 2295 familiaritate

145 2316 332 2356 conjuncti,
362 2317 464 2355 quod,
498 2316 775 2346 monasteriorum
804 2317 951 2355 ipsorum
977 2318 1062 2347 bona
1093 2319 1158 2348 sibi

146 2369 430 2399 communicantes
460 2369 501 2399 ad
522 2369 667 2399 invicem
693 2374 734 2404 et,
760 2374 921 2408 quantum
950 2371 984 2399 in
1016 2371 1064 2401 eis
1095 2376 1155 2407 est,

177 2514 199 2539 l.
222 2515 301 2539 Cette
321 2515 422 2545 longue
443 2515 541 2545 phrase
562 2518 603 2538 est
624 2516 674 2538 mal
695 2517 863 2543 construite:
886 2508 945 2540 tout
967 2524 997 2540 ce
1018 2518 1064 2548 qui
1087 2519 1155 2547 suit,

142 2560 252 2591 jusqu'a
268 2569 273 2583 :
291 2569 303 2582 α
319 2560 437 2583 arbitros
453 2560 506 2583 sibi
523 2560 581 2583 dari
655 2569 677 2589 υ,
691 2560 798 2591 depend
816 2561 848 2584 de
866 2568 871 2585 z
889 2570 900 2583 «
916 2569 976 2585 cum
993 2571 1015 2590 11,
1033 2563 1066 2586 de
1082 2566 1156 2586 sorte

144 2611 198 2634 que
214 2611 220 2628 :
237 2612 249 2626 ⁴1
265 2611 298 2628 ea
314 2604 421 2627 ratione
497 2604 569 2634 quod
648 2613 659 2626 1)
681 2611 710 2628 se
727 2608 825 2629 trouve
841 2613 874 2629 ne
891 2607 951 2636 plus
967 2614 996 2630 se
1013 2611 1156 2637 rapporter

144 2647 160 2672 ὲ
175 2648 244 2672 rien.
263 2661 292 2665 —
308 2647 347 2671 En
360 2651 448 2675 outre,
465 2648 490 2671 le
506 2649 626 2671 membro
640 2648 673 2671 de
691 2649 808 2679 phrase:
828 2658 839 2671 «
854 2653 880 2673 et
893 2650 956 2673 ideo
969 2651 1044 2680 prior
1060 2651 1155 2675 Sancti

145 2691 261 2722 Benigni
285 2692 463 2716 Divionensis
554 2692 704 2715 monachus
729 2699 789 2716 esse
814 2698 945 2717 noscatur
967 2703 988 2722 »‚
1015 2695 1084 2718 n'est
1108 2703 1155 2725 pas

143 2736 305 2760 clairement
323 2735 430 2766 redige,-
451 2737 522 2759 voici
544 2740 680 2759 comment
699 2737 725 2766 je
740 2737 898 2760 l'entends:
919 2746 930 2760 α
947 2741 973 2761 et
994 2739 1057 2762 ideo
1080 2740 1156 2769 prior

145 2780 316 2811 [monasterii
337 2780 431 2804 Sancti
449 2780 571 2811 vigoris]
589 2784 719 2804 noscatur
738 2788 798 2804 esse
819 2783 968 2805 monachus
990 2783 1083 2807 Sancti
1102 2784 1156 2808 Be-

145 2824 221 2854 nigni
239 2820 427 2854 Divionensis‚
438 2832 452 2847 a
463 2831 517 2854 quo
533 2824 712 2855 [monasterio
728 2825 822 2849 Sancti
836 2826 963 2857 Benigni]
975 2828 1154 2852 transmissus

144 2867 180 2891 ad
196 2867 329 2891 Sanctum
344 2868 473 2898 Vigorem
488 2869 566 2898 quasi
578 2869 611 2891 ad
626 2869 730 2898 cellam,
742 2871 775 2892 ab
790 2870 850 2900 ipso
866 2870 1045 2900 [monasterio
1060 2871 1154 2895 Sancti

145 2911 268 2943 Vigoris]
287 2919 336 2942 pro
357 2912 464 2936 abbatis
483 2912 606 2942 ejusdem
626 2913 811 2944 [monasterii]
830 2914 924 2937 Sancti
942 2914 1059 2945 Benigni
1075 2916 1154 2939 libito

146 2959 302 2979 revocatur.
320 2964 332 2978 »

1248 355 1334 385 dicta
1362 360 1563 389 monasteria
1588 361 1754 397 unientes,
1782 367 1903 393 statuto
1925 365 2098 396 firmarunt
2122 373 2166 401 ut,
2196 369 2253 406 qui

1248 410 1429 440 monachus
1444 416 1493 442 est
1510 413 1611 442 unius
1628 416 1907 445 monasteriorum
1923 417 2081 455 ipsorum,
2100 420 2133 448 111
2152 421 2254 451 altero

1248 465 1406 499 tanquam
1435 464 1541 502 ipsius
1574 467 1755 497 monachus
1788 469 1981 499 admittatur
2016 476 2046 500 et
2080 479 2256 502 censeatur

1248 515 1429 546 monachus
1442 519 1636 548 monasterii
1653 520 1839 559 utriusque,
1861 531 1897 551 ac
1919 522 1959 551 ob
1984 523 2043 552 hoc
2060 524 2146 553 idem
2167 526 2257 562 prior

1246 565 1408 597 habeatur
1427 578 1483 606 pro
1500 571 1661 601 monacho
1678 572 1908 608 Fiscannensi,
1931 575 2073 605 arbitros
2090 576 2153 605 sibi
2171 577 2253 611 dari,

1246 627 1356 648 coram
1373 621 1494 658 quibus
1511 622 1702 662 hujusmodi
1721 626 1916 663 probaretur
1935 629 2086 665 suspitio,
2108 630 2254 666 postula-

1247 676 1335 701 runt⁴
1352 673 1391 703 Et
1408 675 1486 712 quia
1504 675 1583 705 dicti
1597 677 1726 715 judices
1744 684 1774 708 et
1791 680 2025 718 subdelegatus
2045 682 2186 713 arbitros
2202 693 2252 713 su-

1246 733 1303 761 per
1327 725 1388 755 hoc
1414 728 1592 758 concedere
1619 731 1750 767 penitus
1774 732 1979 770 denegarunt
2004 735 2146 770 eisdem,
2176 736 2250 774 ipsi,

1246 778 1428 809 sentientes
1457 790 1493 809 ex
1524 781 1585 811 hoc
1612 783 1758 813 indebite
1790 794 1823 814 se
1856 787 2003 822 gravari,
2037 789 2076 816 ad
2108 794 2253 818 nostram

1245 829 1409 861 duxerunt
1425 833 1630 864 audientiam
1643 836 1886 874 appellandum.
1901 839 2043 878 Ideoque
2058 841 2254 872 mandamus

1245 888 1421 920 quatenus,
1440 886 1467 915 si
1485 891 1534 916 est
1549 888 1605 923 ita,
1622 894 1814 919 revocantes
1829 891 1863 920 in
1877 896 1998 921 statum
2013 893 2160 923 debitum
2176 899 2252 931 etc,

1245 944 1350 974 usque
1370 947 1376 966 ε
1398 943 1638 978 attemptatum,
1663 941 1698 970 in
1721 951 1820 973 causa
1841 944 1911 982 ipsa
1936 950 2009 980 etc„
2030 955 2135 985 usque
2154 957 2159 975 ς
2179 957 2254 985 pro-

1244 988 1386 1025 cedatis;
1405 991 1554 1030 alioquin
1574 998 1683 1031 partes
1700 995 1740 1024 ad
1758 997 1948 1026 eorumdem
1961 998 2110 1036 judicum
2128 1004 2159 1029 et
2175 1001 2254 1029 sub-

1244 1041 1386 1080 delegati
1406 1044 1606 1083 re[mittatis]
1632 1048 1806 1087 exa[1nen],
1832 1050 2076 1090 ap[pellantem]
2096 1057 2156 1081 etc.
2173 1055 2253 1083 Tes-

1245 1098 1293 1124 tes
1323 1100 1383 1125 etc.
1415 1098 1585 1128 Attentius
1615 1101 1781 1137 provisuri
1809 1112 1866 1137 ne,
1912 1113 1986 1133 cum
2014 1105 2121 1134 dictus
2150 1106 2252 1136 abbas

1244 1147 1496 1185 Fiscannensis,
1536 1152 1698 1183 veniendo
1734 1155 1774 1183 ad
1808 1157 2009 1192 presentiam
2043 1162 2203 1194 nostram,
2235 1168 2254 1188 a

1244 1200 1427 1236 Frederico,
1447 1202 1752 1242 dictoimperatore,
1773 1212 1886 1245 captus
1904 1213 1934 1237 et
1953 1209 2105 1239 detentus
2122 1220 2193 1240 esse
2207 1211 2254 1240 di-

1243 1255 1364 1288 catut-¹,
1383 1254 1485 1285 donec
1501 1256 1538 1285 de
1557 1257 1663 1295 ipsius
1678 1258 1875 1290 liberatione
1895 1262 2091 1297 constiterit,
2110 1264 2253 1301 prefatos

1243 1305 1395 1336 abbatem
1419 1312 1449 1337 et
1475 1315 1673 1340 conventum
1695 1312 1937 1344 Fiscannenses
1960 1324 2016 1352 per
2039 1315 2098 1345 lias
2124 1316 2252 1347 litteras

1243 1359 1383 1390 trahatis
1401 1361 1434 1390 in
1452 1371 1600 1398 causam3
1619 1364 1665 1394 ita
1682 1369 1791 1395 tamen
1809 1368 1894 1405 quod
1911 1368 1950 1396 ob
1968 1368 2251 1408 l1oej111·iparti[s]

1243 1412 1381 1443 alterius
1409 1423 1508 1452 super
1538 1418 1769 1454 prosecutione
1797 1420 2029 1458 appellationis
2056 1431 2124 1456 suo,
2156 1423 2251 1461 lapsu

1244 1467 1412 1504 temporis,
1436 1468 1563 1498 nullum
1582 1471 1803 1509 prejudicium
1821 1478 2009 1510 generetur.
2029 1475 2122 1510 Quod
2138 1476 2166 1505 si
2186 1485 2251 1506 non

1243 1527 1357 1549 omnes
1374 1525 1435 1550 etc.
1453 1521 1526 1551 Dat.
1545 1523 1711 1558 Laterani,
1728 1524 1809 1554 VIII
1824 1525 1898 1555 idus
1914 1526 2002 1564 julii,
2019 1536 2105 1556 anno
2122 1528 2252 1566 quinto-

1243 1572 1381 1602 decimo.
1405 1586 1416 1599 »

1314 1766 1431 1794 (5094

1278 1828 1393 1860 Belam,
1410 1836 1506 1862 regem
1525 1830 1706 1863 Hungariae,
1723 1832 1759 1857 de
1775 1832 1930 1859 invasione
1943 1834 2132 1861 Tartarorum
2150 1845 2250 1863 conso-

1242 1877 1329 1909 latur,
1347 1877 1432 1911 eique
1448 1878 1549 1904 efficax
1567 1879 1725 1906 consilium
1743 1883 1771 1907 et
1782 1881 1928 1907 auxilium
1943 1883 2106 1916 pro1nittit;
2124 1885 2160 1911 ad
2178 1886 2249 1912 baec

1240 1925 1267 1952 ei
1284 1926 1403 1952 nuntiat
1419 1935 1519 1960 pacem
1538 1936 1603 1954 cum
1622 1928 1781 1961 Friderico,
1798 1929 1877 1957 dicto
1890 1930 2077 1964 imperatore,
2090 1934 2249 1960 reformare

1241 1978 1375 2008 paratum
1393 1984 1422 2001 se
1434 1984 1505 2007 esse,
1522 1976 1546 2002 si
1562 1977 1641 2003 idem
1656 1977 1824 2005 Fridericus
1838 1983 2006 2006 reverenter
2021 1981 2056 2006 ad
2074 1982 2247 2009 mandatum

1239 2021 1390 2050 Ecclesiae
1406 2024 1515 2051 redeat.
1534 2040 1566 2043 -—
1585 2026 1671 2057 (nm.
1688 2026 1731 2058 20,
1751 2028 1770 2053 f⁴
1793 2026 1826 2053 89
1847 2031 1892 2058 v⁰;
1910 2036 1978 2054 ann,
2002 2029 2070 2061 XV,
2087 2038 2111 2056 c.
2129 2030 2194 2062 10&
2216 2046 2246 2049 —

1241 2072 1465 2103 Moamn1193,
1479 2075 1498 2100 f.
1512 2074 1573 2104 328,
1587 2083 1621 2101 ex
1634 2075 1811 2107 Rn'NALnoe
1825 2091 1856 2094 —
1870 2077 2248 2110 1³orr1msr11013;—R0-

1241 2130 1377 2148 nanneno
1393 2122 1454 2153 826,
1472 2131 1506 2149 ex
1523 2124 1685 2151 nmmum
1696 2126 1724 2150 et
1735 2125 1889 2157 THEINER;
1905 2141 1936 2143 —
1954 2127 1990 2152 cf.
2005 2135 2099 2158 snpra,
2115 2128 2248 2159 11216076.)

1798 1770 1918 1803 Latran,
1934 1772 1968 1797 1²¹
1983 1772 2082 1805 juillet
2098 1774 2176 1800 1241.

1283 2249 1295 2262 u
1313 2237 1384 2267 Bele.
1406 2238 1524 2266 illustri
1543 2239 1608 2275 reyi
1631 2239 1773 2276 Unyarie.
1792 2239 1873 2269 Cum
1891 2240 1931 2268 ad
1948 2240 2092 2270 archana
2107 2259 2156 2270 —.
2175 2243 2247 2272 Dat.

1241 2288 1407 2323 Laterani,
1425 2288 1577 2319 kalendis
1590 2289 1678 2328 julii,
1705 2299 1791 2320 anno
1808 2291 2065 2329 quintodecimo.
2087 2306 2098 2318 11

1310 2486 1428 2514 6095
1794 2488 1914 2520 Latran,
1932 2489 1961 2515 31
1980 2489 2079 2522 juillet
2095 2490 2175 2517 1241.

1275 2548 1469 2575 Praenestino
1478 2548 1624 2582 episcopo,
1638 2549 1880 2583 Rotbomagensi,
1895 2550 2106 2584 Burdegalcnsi
2116 2555 2143 2578 et
2154 2553 2246 2579 Auxi-

1238 2598 1306 2623 tano
1327 2597 1568 2631 archiepiscopis,
1586 2596 1792 2629 Nemausensi,
1810 2598 2048 2631 Carcassonensi,
2070 2601 2245 2633 Agathensi,

1238 2645 1395 2679 Papiensi,
1419 2645 1539 2672 Astensi
1563 2648 1591 2672 et
1616 2645 1797 2673 Terdonensi
1821 2647 1976 2681 episcopis,
2002 2648 2116 2681 Ottoni,
2142 2649 2245 2676 Sancti

1237 2693 1355 2720 Nicolai
1379 2693 1410 2719 in
1436 2693 1559 2721 Caroere
1575 2694 1713 2720 Tulliano
1729 2695 1852 2721 diacono
1869 2696 2025 2727 cardinali,
2043 2696 2245 2730 Cluniaeensi,

1238 2741 1428 2768 Cisterciensi
1441 2744 1469 2768 et
1481 2741 1697 2769 Clarevallensi
1709 2742 1876 2775 abbatibus,
1891 2744 2029 2777 Gregorio
2044 2744 2079 2770 de
2090 2745 2245 2778 Romania,

1238 2789 1416 2816 subdiacono
1437 2793 1465 2817 et
1487 2791 1640 2824 capellano
1663 2799 1724 2821 suo,
1747 2800 1799 2818 nec
1822 2800 1879 2818 non
1904 2792 2034 2825 decanis,
2061 2794 2246 2827 praepositis,

1237 2839 1456 2865 archidiaconis
1473 2841 1501 2866 et
1520 2839 1624 2866 ceteris
1645 2839 1676 2866 in
1693 2840 1870 2873 captivitate
1888 2841 2043 2873 Friderici,
2062 2842 2134 2868 dicti
2151 2842 2249 2876 impe-

1271 2959 1291 2984 1.
1309 2959 1351 2984 Cf.
1367 2966 1463 2989 supra,
1480 2964 1508 2983 11ο
1526 2960 1594 2984 6063.
