2553 3526
287 318 342 346 519
1012 308 1250 340 Raeis‘rnns
1273 305 1328 335 DE
1350 299 1572 336 GREGOIRE
1596 307 1652 336 1x.
2326 306 2383 335 5-20

287 382 514 417 irregularitatis
528 380 719 411 incurrerint,
736 379 920 406 absolvendi.
938 393 972 396 -—
987 378 1073 409 (Rae.
1093 376 1138 408 20,
1159 376 1178 401 f.
1196 373 1230 401 80
1244 375 1292 404 v⁰;

285 441 355 460 ann.
374 432 442 463 XV,
460 440 484 457 c.
499 431 547 461 713
566 445 597 448 —
615 430 771 456 POTTHAsT
789 428 896 457 11027.)

328 546 341 559 «
362 556 382 562 ..
398 532 534 570 ycnerali
551 536 575 558 el
595 530 748 558 universis
770 529 924 556 ministris
944 527 1190 564 provincialibus
1206 524 1293 553 ordi—

289 588 336 615 nis
351 588 484 620 frati-nm
508 584 660 612 Minorum
681 586 831 619 presentes
852 581 970 609 litteras
992 579 1184 616 inspecturis.
1204 577 1294 607 Licet

288 640 328 668 :id
347 638 405 667 hoc
423 654 469 666 —-.
489 637 562 665 Dat.
578 633 743 668 Laterani,
761 633 841 663 VIII
858 632 932 662 idus
945 631 1045 671 junii,
1063 639 1150 660 anno
1165 630 1293 668 quinto—

287 690 425 719 decimo.
446 702 457 713 »

325 812 438 834 «30⁴9.
454 821 485 825 -—-
502 806 534 832 In
555 805 681 831 eundem
705 803 823 829 modum
848 823 865 829 ..
884 802 1016 834 magistro
1029 803 1052 826 et
1068 799 1204 825 universis
1218 801 1295 832 prio-

289 857 365 882 ribus
391 854 610 888 provincialibus
637 852 744 878 ordinis
774 852 899 883 fratrum
927 850 1134 875 Predz'calorum
1161 850 1296 881 presentes

289 906 396 930 litteras
413 902 602 935 inspecturis&
621 916 652 919 —
669 901 755 932 (Rae.
770 899 814 932 20,
834 900 853 925 f.
868 898 902 925 80
916 899 967 929 ψ’.)

360 1096 478 1125 6050

326 1159 465 1189 Henrico,
482 1155 663 1191 praeceptori
675 1155 779 1181 domus
790 1154 918 1180 militiae
932 1152 1050 1188 Templi
1066 1153 1095 1179 in
1114 1153 1211 1185 Italia,
1225 1153 1297 1179 scri-

291 1208 334 1235 bit
351 1216 357 1234 :
374 1207 474 1234 «Cum
492 1204 672 1231 venerabilis
690 1204 779 1229 frater
795 1224 811 1229 ..
828 1202 981 1236 episcopus
997 1201 1145 1228 Ostiensis
1161 1210 1194 1228 ac
1208 1201 1298 1228 dilec—

292 1265 304 1280 11
327 1259 372 1282 tus
387 1255 465 1281 filius
481 1251 595 1288 n[0stri]
612 1253 793 1286 Stephanus,
815 1251 897 1277 tituli
916 1251 1025 1277 Sancte
1042 1250 1139 1277 Marie
1153 1249 1299 1284 Transty-

291 1313 304 1330 υ
326 1304 418 1331 berim
446 1302 590 1337 presbiter
618 1300 795 1332 cardinalis,
829 1302 997 1326 executores
1028 1299 1199 1326 testamenti
1225 1299 1299 1325 bone

292 1362 305 1377 »
328 1352 468 1379 memorie
479 1350 578 1384 Egidii
590 1348 736 1381 Verraeli,
749 1348 895 1382 capellani
909 1347 1011 1380 nostri,
1023 1347 1059 1373 de
1070 1347 1197 1381 pecunia
1210 1355 1297 1381 quam

896 1093 1016 1123 Latran,
1033 1091 1050 1118 6
1064 1091 1129 1125 juin
1147 1091 1225 1118 1241.

292 1411 305 1427 »
327 1403 405 1429 idem
423 1401 594 1435 capellanus
614 1398 746 1425 subsidio
764 1398 851 1424 Terre
873 1397 981 1424 Sancte
1002 1397 1123 1430 legavit,
1144 1397 1198 1423 tibi
1216 1396 1299 1423 mille

292 1460 306 1476 ι)
329 1458 440 1476 marcas
456 1447 570 1482 argenti
586 1447 622 1473 ad
641 1455 712 1481 opus
733 1446 885 1472 domorum
906 1445 1015 1472 militie
1030 1445 1148 1479 Templi
1165 1445 1196 1471 in
1212 1445 1300 1471 Italia

293 1507 306 1524 1)
329 1498 508 1529 mutuarint,
534 1499 562 1523 et
587 1496 713 1522 dilectus
741 1495 819 1521 filius
846 1515 863 1521 ..
892 1494 1032 1527 magister
1057 1494 1161 1520 domus
1190 1493 1300 1520 militie

294 1555 308 1572 »
329 1546 446 1580 Templi
466 1543 699 1572 Jerosolimitani
717 1543 791 1577 quod
813 1551 829 1569 a
851 1546 879 1569 te
900 1550 986 1576 super
1011 1542 1179 1576 receptione
1196 1542 1301 1576 hujus-

293 1604 307 1620 11
330 1594 407 1620 modi
426 1593 521 1620 mutui
539 1593 650 1618 factum
671 1594 725 1623 est,
748 1593 842 1617 ratum
866 1590 1002 1617 habuerit
1025 1593 1053 1617 et
1076 1591 1207 1621 firmum,
1224 1590 1301 1617 sicut

292 1652 305 1668 »
323 1643 353 1669 in
369 1643 431 1676 ejus
451 1641 558 1668 litteris
579 1640 784 1674 perspeximus
801 1639 958 1671 contineri,
981 1647 1043 1671 nos,
1070 1639 1128 1665 tuis
1150 1639 1301 1672 supplica-

292 1699 305 1716 »
327 1690 457 1717 tionibus
478 1689 628 1721 inclinati,
652 1688 727 1722 quod
749 1696 765 1714 a
786 1688 926 1721 predictis
947 1687 1083 1721 episeopo
1104 1690 1131 1714 et
1155 1687 1302 1714 cardinali

292 1748 305 1764 »
327 1747 413 1773 super
428 1740 481 1764 hoc
498 1737 628 1764 noscitur
643 1746 704 1763 esse
718 1739 828 1768 aetum,
845 1738 945 1762 tenore
962 1736 1143 1769 presentium
1164 1738 1303 1770 accepta—

292 1797 306 1813 »
329 1796 403 1814 mus.
419 1795 432 1811 ι)
446 1801 477 1804 -
493 1787 579 1817 (Rae.
601 1785 645 1817 20,
668 1786 687 1811 f.
711 1784 746 1810 80
764 1788 807 1816 v⁰;
825 1793 895 1815 ann.
911 1784 979 1816 XV,
993 1792 1017 1810 c.
1032 1784 1090 1815 72.)

334 1901 346 1914 «
371 1889 510 1921 Henrico,
531 1887 698 1924 preceptori
722 1886 830 1914 domus
851 1886 964 1914 militie
993 1886 1106 1923 Templi
1132 1886 1164 1913 in
1194 1886 1301 1914 Ytalia.

292 1942 374 1972 Cum
399 1939 599 1970 venerabilis
621 1939 723 1968 frater
749 1956 796 1967 —.
827 1939 900 1967 Dat.
929 1938 1096 1973 Laterani,
1119 1939 1200 1968 VIII
1228 1937 1303 1967 idus

290 1994 390 2033 junii.
409 2002 495 2023 anno
512 1992 768 2032 quintodecimo.
791 2004 802 2017 »

367 2194 478 2222 6051

332 2258 433 2284 Electo
448 2255 660 2284 Catalaunensi
677 2254 798 2280 mandat
815 2256 959 2287 quatenus
979 2253 1114 2279 abbatem
1134 2256 1161 2279 et
1175 2260 1305 2278 conven-

296 2310 358 2333 tum
378 2304 549 2332 monasterii
571 2303 674 2330 Sancti
692 2302 814 2334 Urbani,
836 2301 1064 2330 Catalaunensis
1085 2301 1237 2332 dioecesis,
1254 2301 1306 2327 ab·

906 2192 1026 2221 Latran,
1041 2192 1056 2217 7
1072 2191 1136 2224 juin
1153 2190 1232 2216 1241.

297 2356 392 2382 solvat
401 2355 438 2380 ab
446 2352 788 2380 excommunicationum
800 2351 957 2377 sententiis
967 2359 1037 2384 quas
1048 2350 1184 2376 nonnulli
1193 2350 1307 2383 judices

297 2413 314 2430 a
331 2404 405 2431 Sede
421 2402 592 2436 Apostolica
608 2400 746 2434 delegati,
769 2400 805 2426 ad
828 2399 1003 2426 instantiam
1028 2399 1206 2425 creditorum
1224 2407 1307 2432 prae-

298 2453 443 2478 dictorum
471 2450 587 2477 abbatis
613 2452 641 2476 et
663 2452 837 2480 conventus,
860 2448 889 2474 in
912 2457 958 2474 eos
979 2448 1250 2482 promulgaverant,
1269 2450 1306 2479 et,

300 2500 446 2527 universis
461 2508 558 2526 eorum
576 2499 685 2525 debitis
701 2498 731 2525 in
746 2506 835 2524 unam
854 2505 1001 2523 summam
1018 2496 1155 2528 redactis,
1168 2499 1196 2522 et
1208 2496 1308 2522 abbati

300 2549 517 2581 conventuique
544 2547 722 2581 supradictis
752 2554 880 2579 congrua
909 2545 1123 2572 sustentatione
1155 2545 1191 2571 de
1224 2544 1308 2571 bonis

301 2597 430 2630 ejusdem
460 2596 630 2622 monasterii
652 2599 810 2627 reservata,
828 2602 929 2620 omnes
946 2593 1079 2620 redditus
1100 2596 1128 2620 et
1150 2595 1309 2627 proventus

301 2645 431 2677 ejusdem
455 2644 543 2670 iaciat
566 2644 595 2669 in
620 2643 835 2677 praedictorum
861 2642 1026 2669 debitorum
1045 2642 1222 2668 solutionem
1240 2650 1310 2668 con—

302 2695 388 2720 verti.
408 2709 437 2712 —
455 2695 540 2725 (Rae.
558 2694 602 2725 20,
620 2695 637 2719 f.
656 2694 686 2719 81
705 2697 742 2724 r⁰;
760 2702 829 2719 ann.
847 2693 915 2724 XV,
933 2701 957 2719 c.
970 2693 1018 2723 733
1036 2707 1066 2710 —
1084 2692 1216 2719 MOREAU
1229 2692 1309 2725 1193,

305 2745 323 2769 1.
340 2742 415 2772 308.)

346 2856 358 2869 α
382 2866 400 2871 ..
423 2844 510 2872 electo
534 2843 785 2872 Calhalaunensi.
808 2843 897 2872 Sicut
917 2865 937 2871 ..
956 2842 1056 2871 abbas
1076 2847 1106 2873 et
1129 2848 1311 2873 conventus

338 2975 357 2998 1.
378 2974 426 2997 Get
445 2976 473 2996 in
491 2975 611 2997 eundem
631 2976 747 2997 modum
764 2982 778 2997 a
794 2974 836 2997 ete
853 2974 944 3004 ajoute
961 2973 1028 2997 dans
1045 2974 1070 2997 la
1087 2981 1188 3004 marge.

1376 372 1570 402 monasterii
1584 372 1697 402 Sancti
1710 372 1849 407 Urbani,
1863 371 2142 402 Cathalaunensis
2157 371 2311 408 diocesis,
2322 380 2382 401 sua

1377 424 1471 454 nobis
1484 425 1643 463 petitione
1653 429 1891 460 monstrarunt,
1903 424 2143 454 monasterium
2155 424 2275 462 ipsum,
2289 433 2384 462 prop-

1376 482 1425 506 ter
1440 477 1607 516 quondam
1624 500 1644 507 ..
1664 477 1908 516 predecessoris
1926 477 2033 516 ipsius
2055 477 2184 507 abbatis
2203 477 2381 511 incuriam,

1378 534 1467 560 tanto
1488 530 1649 568 premitur
1668 539 1768 560 onere
1790 530 1988 565 debitorum,
2007 530 2102 569 quod,
2124 530 2190 560 nisi
2208 539 2266 568 per
2288 529 2383 560 Sedis

1377 583 1563 621 Apostolice
1586 583 1829 622 providentiam
1852 582 2004 613 celeriter
2027 587 2241 612 succurratur
2263 582 2381 617 eidem,

1377 636 1556 666 verendum
1580 640 1629 666 est
1655 645 1695 666 ne
1719 635 1811 665 illius
1835 635 2063 674 possessiones
2086 640 2117 665 et
2140 635 2226 665 bona
2250 635 2384 673 penitus

1377 689 1617 718 absorbeantur
1633 689 1791 726 voragine
1808 697 2001 723 usurarum3
2025 688 2065 717 ad
2087 697 2228 726 quarum
2245 687 2384 717 solutio-

1378 750 1453 771 nem
1472 742 1621 771 universi
1638 742 1708 781 ejus
1731 741 1879 771 redditus
1901 745 1932 771 et
1953 744 2132 779 proventus
2155 740 2209 769 vix
2231 740 2382 770 sufficere

1378 798 1586 823 asseruntur.
1611 795 1650 824 Et
1670 794 1749 832 quia
1774 794 1886 829 iidem,
1911 802 1985 823 cum
2007 801 2072 822 non
2094 797 2238 831 possent,
2257 793 2383 822 solvere

1379 846 1586 884 hujusmodi¹
1606 846 1820 881 distulerunt,
1837 856 1855 876 a
1880 845 2051 876 nonnullis
2071 846 2240 884 judicibus
2262 855 2280 875 a
2302 845 2385 876 Sede

1379 899 1566 937 Apostolica
1577 899 1749 937 delegatis,
1767 900 1808 929 ad
1822 899 2016 929 instantiam
2033 899 2234 929 creditorum
2250 907 2386 928 suorum

1380 952 1579 982 Senensium
1600 956 1631 982 et
1652 952 1992 988 Ultramontanorum,
2013 956 2090 982 sunt
2110 951 2291 986 interdicti,
2312 960 2387 981 sus-

1380 1004 1551 1043 pensionis
1583 1009 1614 1034 et
1641 1004 1994 1034 excommunicationis
2017 1004 2194 1034 sententiis
2219 1003 2385 1037 innodati;

1380 1062 1512 1096 propter
1527 1057 1615 1096 quod
1634 1057 1700 1096 ipsi
1720 1066 1739 1086 a
1759 1057 1982 1087 celebratione
2005 1057 2193 1086 divinorum
2216 1056 2389 1086 abstinue-

1381 1115 1458 1140 runt
1474 1111 1542 1140 fere
1561 1120 1618 1149 per
1634 1110 1809 1140 biennium
1825 1114 2026 1140 reverenter.
2044 1110 2152 1146 Quare
2170 1110 2232 1139 fuit
2246 1118 2283 1139 ex
2299 1113 2388 1148 parte

1381 1163 1544 1193 dictorum
1563 1163 1692 1192 abbatis
1710 1168 1740 1193 et
1757 1167 1938 1193 conventus
1956 1163 2052 1192 nobis
2072 1162 2245 1192 humiliter
2263 1161 2390 1201 suppli-

1382 1222 1491 1246 catum
1509 1221 1554 1252 ut,
1573 1226 1647 1246 cum
1666 1216 1790 1247 eisdem
1805 1216 2129 1256 creditoribusjuxta
2145 1225 2240 1255 posse
2256 1216 2391 1246 satisfa-

1382 1279 1455 1300 cere
1483 1271 1550 1300 sint
1575 1271 1692 1308 parati,
1718 1279 1817 1308 super
1846 1270 1907 1300 hoc
1938 1270 1985 1299 eis
2013 1269 2185 1308 providere
2212 1269 2392 1299 salubriter

1382 1332 1586 1353 curaremus.
1605 1324 1651 1353 De
1674 1327 1729 1352 tua
1749 1323 1861 1361 itaque
1881 1323 2177 1361 circumspectione
2199 1322 2329 1360 plenam
2355 1322 2390 1350 in

1382 1376 1523 1406 Domino
1541 1376 1694 1405 fiduciam
1709 1375 1910 1410 obtinentes,
1928 1375 2125 1404 mandamus
2142 1380 2318 1414 quatenus,
2337 1384 2391 1405 ac-

1382 1429 1502 1459 cedens
1520 1429 1559 1458 ad
1576 1429 1740 1467 prefatum
1757 1429 1996 1458 monasterium
2019 1428 2247 1466 personaliter,
2267 1432 2298 1458 et
2318 1437 2391 1458 eos-

1383 1482 1455 1512 dem
1482 1482 1634 1512 abbatem
1657 1486 1688 1511 et
1713 1486 1911 1511 conventum
1935 1481 2110 1511 absolvens
2136 1481 2176 1510 ab
2202 1480 2392 1519 hujusmodi

1383 1534 1762 1564 excommunicationum
1779 1534 1956 1564 sententiis
1968 1534 2061 1572 juxta
2079 1534 2217 1563 sormam
2235 1533 2392 1568 Ecclesie,

1385 1588 1454 1617 vice
1472 1592 1595 1622 nostra,
1614 1587 1781 1617 universis
1798 1587 1919 1617 debitis
1933 1586 1967 1615 in
1985 1595 2085 1616 unam
2102 1595 2265 1615 summam
2279 1585 2393 1616 redac-

1385 1641 1438 1675 tis,
1457 1646 1488 1671 et
1504 1641 1615 1670 abbati
1636 1645 1666 1670 et
1685 1640 1863 1670 conventui
1879 1639 2079 1678 supradictis
2096 1639 2339 1669 sustentatione
2355 1639 2394 1669 de

1384 1694 1480 1724 bonis
1508 1694 1654 1733 ejusdem
1681 1693 1877 1723 monasterii
1901 1701 2047 1730 congrua
2073 1696 2251 1727 reservata,
2279 1700 2394 1721 omnes

1385 1748 1533 1778 redditus
1550 1752 1581 1777 et
1598 1752 1775 1785 proventus
1796 1747 1902 1784 ipsius
1925 1746 2049 1775 tamdiu
2072 1746 2175 1775 facias
2196 1745 2230 1774 in
2257 1745 2395 1774 solutio-

1386 1810 1462 1832 nem
1483 1801 1669 1831 debitorum
1691 1800 1851 1835 converti,
1871 1800 1974 1829 donec
1996 1799 2260 1837 competentibus
2281 1798 2396 1828 termi-

1387 1854 1439 1884 nis
1464 1858 1566 1884 totum
1589 1853 1751 1888 debitum,
1777 1862 1851 1882 cum
1867 1853 1968 1891 justis
1989 1856 2020 1882 et
2041 1851 2220 1881 moderatis
2242 1851 2396 1889 expensis

1386 1916 1423 1937 ac
1439 1907 1550 1937 dehita
1564 1906 1792 1936 satisfactione
1810 1906 2039 1943 dampnorum.
2054 1914 2153 1934 usura
2172 1904 2309 1934 omnino
2325 1913 2397 1934 ces-

1387 1965 1490 1995 sante,
1512 1960 1611 1989 suerit
1635 1958 1850 1997 persolutum.
1875 1957 2142 1988 Contradictores
2160 1962 2219 1986 etc.
2240 1957 2313 1986 Dat.
2334 1957 2398 1985 La-

1387 2012 1505 2047 terani,
1524 2012 1587 2041 VII
1606 2011 1680 2041 idus
1694 2011 1793 2049 junii,
1815 2019 1902 2040 anno
1918 2009 2176 2048 quintodecimo.
2196 2021 2207 2035 n

1460 2191 1576 2219 (3052
1983 2191 2103 2221 Latran,
2120 2190 2153 2216 16
2166 2189 2230 2224 juin
2245 2189 2324 2216 1241.

1424 2254 1527 2281 Eidem
1546 2253 1694 2286 significat
1706 2261 1735 2278 se
1746 2252 1902 2278 decernere
1915 2251 2132 2278 thesaurarium
2148 2251 2396 2278 Catalaunenseni

1389 2311 1475 2337 super
1491 2302 1591 2328 libello
1604 2302 1633 2327 in
1649 2310 1704 2334 quo
1717 2301 1832 2334 petebat
1845 2300 1952 2327 cassari
1965 2300 2139 2326 electionem
2156 2302 2183 2326 et
2198 2299 2398 2326 confirmatio-

1390 2360 1456 2378 nem
1474 2351 1509 2377 de
1530 2351 1592 2384 ipso
1608 2351 1700 2376 electo
1718 2351 1820 2381 saetas,
1838 2357 1894 2374 non
1912 2357 1973 2375 esse
1991 2348 2183 2375 audiendum.
2202 2363 2234 2365 —
2249 2348 2336 2379 (Rea.
2353 2347 2398 2378 20,

1391 2402 1410 2426 f.
1432 2400 1463 2426 81
1486 2403 1525 2431 1-“;
1543 2408 1613 2425 ann.
1634 2399 1701 2429 XV,
1719 2407 1742 2424 c.
1760 2398 1808 2429 74;
1827 2412 1858 2415 ——
1877 2397 2010 2424 NIOREAU
2028 2396 2105 2424 1193.
2124 2397 2143 2423 f.
2161 2396 2229 2428 3183
2247 2411 2278 2414 —
2295 2397 2332 2422 cf.
2349 2403 2399 2421 su-

1388 2456 1451 2482 pra,
1468 2457 1495 2474 n.
1513 2448 1582 2474 5974
1599 2449 1626 2473 et
1642 2447 1735 2478 5983.)

1433 2562 1444 2575 «
1465 2550 1581 2578 Eidem.
1599 2547 1779 2577 Electionis
1797 2547 1966 2584 negotium
1984 2546 2021 2576 de
2041 2551 2069 2575 te
2086 2546 2120 2575 in
2138 2544 2400 2576 Cathalaunensi

1392 2601 1532 2632 ecclesia
1557 2601 1720 2631 celebrate
1739 2600 1779 2630 ad
1802 2609 1860 2629 nos
1884 2608 1940 2638 per
1962 2599 2216 2637 appellationem
2241 2597 2398 2632 delatum,

1392 2655 1498 2693 primo
1520 2653 1703 2684 venerabili
1722 2653 1817 2683 fratri
1836 2658 1947 2682 nostro
1967 2676 1986 2681 ..
2008 2652 2170 2682 Meldensi
2194 2651 2346 2690 episcopo
2370 2654 2401 2681 et

1393 2707 1623 2746 conjudicibus
1640 2707 1738 2741 suis2,
1755 2711 1785 2736 et
1804 2705 2011 2744 postmodum
2028 2704 2276 2735 venerabilibus
2292 2704 2402 2733 fratri-

1393 2760 1454 2790 bus
1473 2760 1595 2789 nostris
1615 2783 1633 2788 ..
1652 2759 1900 2797 archiepiscopo
1920 2758 2181 2796 Rothomagensi
2199 2762 2230 2787 et
2249 2780 2269 2787 ..
2287 2757 2403 2788 Came-

1393 2813 1524 2843 racensi
1552 2813 1704 2851 episcopo
1731 2812 1926 2842 auctoritate
1947 2816 2060 2841 nostra
2083 2811 2311 2845 commissum,
2330 2819 2403 2845 nos,

1429 2931 1449 2955 1.
1464 2932 1484 2955 Il
1501 2932 1558 2954 faut
1575 2931 1707 2954 entendre
1724 2938 1729 2954 :
1748 2939 1758 2953 (1
1777 2931 1934 2961 hujusmodi
1950 2930 2052 2953 debita.
2068 2940 2078 2949 υ

1427 2976 1450 2999 ἳ.
1468 2976 1508 2999 Cf.
1526 2983 1623 3005 supra,
1640 2980 1667 2998 11ο
1684 2976 1754 2999 4111).
