<?xml version="1.0" encoding="UTF-8"?>
<!DOCTYPE html PUBLIC "-//W3C//DTD XHTML 1.0 Transitional//EN"
    "http://www.w3.org/TR/xhtml1/DTD/xhtml1-transitional.dtd">
<html xmlns="http://www.w3.org/1999/xhtml" xml:lang="en" lang="en">
 <head>
  <title>
</title>
<meta http-equiv="Content-Type" content="text/html;charset=utf-8" />
  <meta name='ocr-system' content='tesseract 3.04.00' />
  <meta name='ocr-capabilities' content='ocr_page ocr_carea ocr_par ocr_line ocrx_word'/>
</head>
<body>
  <div class='ocr_page' id='page_1' title='image "./lesregistresdegr03cathuoft_0271.png"; bbox 0 0 2553 3526; ppageno 0'>
   <div class='ocr_carea' id='block_1_1' title="bbox 162 299 2261 345">
    <p class='ocr_par' dir='ltr' id='par_1_1' title="bbox 162 299 2261 345">
     <span class='ocr_line' id='line_1_1' title="bbox 162 299 2261 345; baseline -0.003 -5"><span class='ocrx_word' id='word_1_1' title='bbox 162 311 218 341; x_wconf 72' lang='lat'>521</span> <span class='ocrx_word' id='word_1_2' title='bbox 1001 299 1245 345; x_wconf 70' lang='lat' dir='ltr'>QulNzlnME</span> <span class='ocrx_word' id='word_1_3' title='bbox 1267 299 1426 337; x_wconf 80' lang='lat' dir='ltr'>ANNEE.</span> <span class='ocrx_word' id='word_1_4' title='bbox 2206 313 2261 342; x_wconf 69' lang='lat'>522</span> 
     </span>
    </p>
   </div>
   <div class='ocr_carea' id='block_1_2' title="bbox 160 372 1178 2902">
    <p class='ocr_par' dir='ltr' id='par_1_2' title="bbox 160 372 1178 2902">
     <span class='ocr_line' id='line_1_2' title="bbox 164 372 1174 416; baseline -0.005 -9"><span class='ocrx_word' id='word_1_5' title='bbox 164 387 217 412; x_wconf 88' lang='lat' dir='ltr'>ne,</span> <span class='ocrx_word' id='word_1_6' title='bbox 236 381 369 416; x_wconf 88' lang='lat' dir='ltr'>propter</span> <span class='ocrx_word' id='word_1_7' title='bbox 384 376 569 415; x_wconf 78' lang='lat' dir='ltr'><strong>litigiorum</strong></span> <span class='ocrx_word' id='word_1_8' title='bbox 586 376 756 414; x_wconf 88' lang='lat' dir='ltr'>strepitus,</span> <span class='ocrx_word' id='word_1_9' title='bbox 771 375 1052 406; x_wconf 81' lang='lat' dir='ltr'>Cathalaunensis</span> <span class='ocrx_word' id='word_1_10' title='bbox 1067 372 1174 403; x_wconf 88' lang='lat' dir='ltr'>eccle-</span> 
     </span>
     <span class='ocr_line' id='line_1_3' title="bbox 162 426 1173 468; baseline -0.005 -8"><span class='ocrx_word' id='word_1_11' title='bbox 162 431 216 461; x_wconf 81' lang='lat' dir='ltr'>sia</span> <span class='ocrx_word' id='word_1_12' title='bbox 230 439 364 468; x_wconf 85' lang='lat' dir='ltr'>gravem</span> <span class='ocrx_word' id='word_1_13' title='bbox 386 429 421 459; x_wconf 93' lang='lat' dir='ltr'>in</span> <span class='ocrx_word' id='word_1_14' title='bbox 443 429 674 468; x_wconf 76' lang='lat' dir='ltr'>spiritualibus</span> <span class='ocrx_word' id='word_1_15' title='bbox 696 428 747 458; x_wconf 86' lang='lat' dir='ltr'>vel</span> <span class='ocrx_word' id='word_1_16' title='bbox 768 428 1005 466; x_wconf 80' lang='lat' dir='ltr'>temporalibus</span> <span class='ocrx_word' id='word_1_17' title='bbox 1027 426 1173 457; x_wconf 86' lang='lat' dir='ltr'>sustine-</span> 
     </span>
     <span class='ocr_line' id='line_1_4' title="bbox 165 480 1173 519; baseline -0.006 -6"><span class='ocrx_word' id='word_1_18' title='bbox 165 488 214 513; x_wconf 72' lang='lat' dir='ltr'>ret</span> <span class='ocrx_word' id='word_1_19' title='bbox 227 482 369 513; x_wconf 87' lang='lat' dir='ltr'>ulterius</span> <span class='ocrx_word' id='word_1_20' title='bbox 385 481 558 513; x_wconf 85' lang='lat' dir='ltr'>lesionem,</span> <span class='ocrx_word' id='word_1_21' title='bbox 577 482 617 511; x_wconf 88' lang='lat' dir='ltr'>ad</span> <span class='ocrx_word' id='word_1_22' title='bbox 633 490 770 512; x_wconf 77' lang='lat' dir='ltr'>examen</span> <span class='ocrx_word' id='word_1_23' title='bbox 786 480 1002 519; x_wconf 87' lang='lat' dir='ltr'>apostolicum</span> <span class='ocrx_word' id='word_1_24' title='bbox 1019 487 1173 509; x_wconf 88' lang='lat' dir='ltr'>revocan-</span> 
     </span>
     <span class='ocr_line' id='line_1_5' title="bbox 164 532 1173 573; baseline -0.005 -8"><span class='ocrx_word' id='word_1_25' title='bbox 164 540 225 570; x_wconf 88' lang='lat' dir='ltr'>tes,</span> <span class='ocrx_word' id='word_1_26' title='bbox 256 535 406 573; x_wconf 86' lang='lat' dir='ltr'>partibus</span> <span class='ocrx_word' id='word_1_27' title='bbox 445 534 479 564; x_wconf 92' lang='lat' dir='ltr'>in</span> <span class='ocrx_word' id='word_1_28' title='bbox 514 539 627 564; x_wconf 90' lang='lat' dir='ltr'>nostra</span> <span class='ocrx_word' id='word_1_29' title='bbox 663 533 831 572; x_wconf 80' lang='lat' dir='ltr'>presentia</span> <span class='ocrx_word' id='word_1_30' title='bbox 868 532 1070 563; x_wconf 79' lang='lat' dir='ltr'>constitutis.</span> <span class='ocrx_word' id='word_1_31' title='bbox 1102 535 1173 569; x_wconf 90' lang='lat' dir='ltr'>post</span> 
     </span>
     <span class='ocr_line' id='line_1_6' title="bbox 163 584 1172 626; baseline -0.006 -8"><span class='ocrx_word' id='word_1_32' title='bbox 163 588 440 626; x_wconf 77' lang='lat' dir='ltr'>disceptationem</span> <span class='ocrx_word' id='word_1_33' title='bbox 462 588 638 621; x_wconf 81' lang='lat' dir='ltr'>diutinam,</span> <span class='ocrx_word' id='word_1_34' title='bbox 659 586 815 616; x_wconf 90' lang='lat' dir='ltr'>dilectum</span> <span class='ocrx_word' id='word_1_35' title='bbox 836 585 940 615; x_wconf 84' lang='lat' dir='ltr'>filium</span> <span class='ocrx_word' id='word_1_36' title='bbox 960 608 979 614; x_wconf 91' lang='lat'>..</span> <span class='ocrx_word' id='word_1_37' title='bbox 998 584 1172 614; x_wconf 82' lang='lat' dir='ltr'>thesaura-</span> 
     </span>
     <span class='ocr_line' id='line_1_7' title="bbox 165 638 1172 679; baseline -0.005 -8"><span class='ocrx_word' id='word_1_38' title='bbox 165 642 253 671; x_wconf 90' lang='lat' dir='ltr'>rium</span> <span class='ocrx_word' id='word_1_39' title='bbox 268 640 582 675; x_wconf 88' lang='lat' dir='ltr'>Cathalaunensem‚</span> <span class='ocrx_word' id='word_1_40' title='bbox 601 640 658 679; x_wconf 87' lang='lat' dir='ltr'>qui</span> <span class='ocrx_word' id='word_1_41' title='bbox 675 638 914 678; x_wconf 81' lang='lat' dir='ltr'>appellationes</span> <span class='ocrx_word' id='word_1_42' title='bbox 931 647 994 676; x_wconf 89' lang='lat' dir='ltr'>que</span> <span class='ocrx_word' id='word_1_43' title='bbox 1011 642 1124 667; x_wconf 90' lang='lat' dir='ltr'>contra</span> <span class='ocrx_word' id='word_1_44' title='bbox 1142 640 1172 666; x_wconf 88' lang='lat' dir='ltr'>te</span> 
     </span>
     <span class='ocr_line' id='line_1_8' title="bbox 162 690 1172 732; baseline -0.005 -9"><span class='ocrx_word' id='word_1_45' title='bbox 162 694 360 724; x_wconf 84' lang='lat' dir='ltr'>dicebantur</span> <span class='ocrx_word' id='word_1_46' title='bbox 376 693 583 732; x_wconf 75' lang='lat' dir='ltr'>interposite,</span> <span class='ocrx_word' id='word_1_47' title='bbox 601 692 756 731; x_wconf 79' lang='lat' dir='ltr'>prosequi</span> <span class='ocrx_word' id='word_1_48' title='bbox 776 691 955 725; x_wconf 78' lang='lat' dir='ltr'>nitebatur,</span> <span class='ocrx_word' id='word_1_49' title='bbox 976 690 1015 720; x_wconf 93' lang='lat' dir='ltr'>de</span> <span class='ocrx_word' id='word_1_50' title='bbox 1032 691 1172 719; x_wconf 83' lang='lat' dir='ltr'>fratrum</span> 
     </span>
     <span class='ocr_line' id='line_1_9' title="bbox 164 743 1173 783; baseline -0.005 -6"><span class='ocrx_word' id='word_1_51' title='bbox 164 751 352 777; x_wconf 86' lang='lat' dir='ltr'>nostrorum</span> <span class='ocrx_word' id='word_1_52' title='bbox 369 746 509 776; x_wconf 91' lang='lat' dir='ltr'>consilio</span> <span class='ocrx_word' id='word_1_53' title='bbox 526 745 733 776; x_wconf 85' lang='lat' dir='ltr'>decrevimus</span> <span class='ocrx_word' id='word_1_54' title='bbox 749 745 789 774; x_wconf 90' lang='lat' dir='ltr'>ad</span> <span class='ocrx_word' id='word_1_55' title='bbox 806 745 1069 783; x_wconf 83' lang='lat' dir='ltr'>prosecutionem</span> <span class='ocrx_word' id='word_1_56' title='bbox 1083 743 1173 781; x_wconf 88' lang='lat' dir='ltr'>ipsa-</span> 
     </span>
     <span class='ocr_line' id='line_1_10' title="bbox 164 796 1171 838; baseline -0.005 -8"><span class='ocrx_word' id='word_1_57' title='bbox 164 809 238 830; x_wconf 87' lang='lat' dir='ltr'>rum</span> <span class='ocrx_word' id='word_1_58' title='bbox 251 808 317 830; x_wconf 90' lang='lat' dir='ltr'>non</span> <span class='ocrx_word' id='word_1_59' title='bbox 334 808 406 830; x_wconf 88' lang='lat' dir='ltr'>esse</span> <span class='ocrx_word' id='word_1_60' title='bbox 423 799 635 838; x_wconf 85' lang='lat' dir='ltr'>aliquatenus</span> <span class='ocrx_word' id='word_1_61' title='bbox 652 798 902 828; x_wconf 89' lang='lat' dir='ltr'>admittendum.</span> <span class='ocrx_word' id='word_1_62' title='bbox 916 797 1073 829; x_wconf 82' lang='lat' dir='ltr'>Tandem,</span> <span class='ocrx_word' id='word_1_63' title='bbox 1085 796 1171 826; x_wconf 88' lang='lat' dir='ltr'>idem</span> 
     </span>
     <span class='ocr_line' id='line_1_11' title="bbox 163 849 1172 889; baseline -0.004 -7"><span class='ocrx_word' id='word_1_64' title='bbox 163 852 406 887; x_wconf 82' lang='lat' dir='ltr'>thesaurarius,</span> <span class='ocrx_word' id='word_1_65' title='bbox 438 852 551 882; x_wconf 89' lang='lat' dir='ltr'>volens</span> <span class='ocrx_word' id='word_1_66' title='bbox 578 851 612 880; x_wconf 90' lang='lat' dir='ltr'>in</span> <span class='ocrx_word' id='word_1_67' title='bbox 637 850 813 889; x_wconf 84' lang='lat' dir='ltr'>principali</span> <span class='ocrx_word' id='word_1_68' title='bbox 844 850 1030 888; x_wconf 83' lang='lat' dir='ltr'>procedere,</span> <span class='ocrx_word' id='word_1_69' title='bbox 1060 849 1172 879; x_wconf 88' lang='lat' dir='ltr'>libello</span> 
     </span>
     <span class='ocr_line' id='line_1_12' title="bbox 163 905 1172 944; baseline -0.003 -7"><span class='ocrx_word' id='word_1_70' title='bbox 163 916 235 942; x_wconf 89' lang='lat' dir='ltr'>suo,</span> <span class='ocrx_word' id='word_1_71' title='bbox 249 907 284 936; x_wconf 93' lang='lat' dir='ltr'>in</span> <span class='ocrx_word' id='word_1_72' title='bbox 299 914 364 944; x_wconf 83' lang='lat' dir='ltr'>quo</span> <span class='ocrx_word' id='word_1_73' title='bbox 379 905 510 944; x_wconf 90' lang='lat' dir='ltr'>petebat</span> <span class='ocrx_word' id='word_1_74' title='bbox 526 905 722 935; x_wconf 87' lang='lat' dir='ltr'>electionem</span> <span class='ocrx_word' id='word_1_75' title='bbox 738 908 769 935; x_wconf 87' lang='lat' dir='ltr'>et</span> <span class='ocrx_word' id='word_1_76' title='bbox 784 905 1069 934; x_wconf 82' lang='lat' dir='ltr'>confirmationem</span> <span class='ocrx_word' id='word_1_77' title='bbox 1086 905 1125 935; x_wconf 91' lang='lat' dir='ltr'>de</span> <span class='ocrx_word' id='word_1_78' title='bbox 1142 909 1172 934; x_wconf 86' lang='lat' dir='ltr'>te</span> 
     </span>
     <span class='ocr_line' id='line_1_13' title="bbox 164 958 1170 997; baseline -0.004 -6"><span class='ocrx_word' id='word_1_79' title='bbox 164 962 279 995; x_wconf 78' lang='lat' dir='ltr'>factas,</span> <span class='ocrx_word' id='word_1_80' title='bbox 295 963 406 997; x_wconf 87' lang='lat' dir='ltr'>utpote</span> <span class='ocrx_word' id='word_1_81' title='bbox 425 967 442 988; x_wconf 93' lang='lat' dir='ltr'>a</span> <span class='ocrx_word' id='word_1_82' title='bbox 459 958 684 997; x_wconf 77' lang='lat' dir='ltr'>paucioribus,</span> <span class='ocrx_word' id='word_1_83' title='bbox 706 962 737 988; x_wconf 91' lang='lat' dir='ltr'>et</span> <span class='ocrx_word' id='word_1_84' title='bbox 753 962 867 987; x_wconf 88' lang='lat' dir='ltr'>contra</span> <span class='ocrx_word' id='word_1_85' title='bbox 884 959 1023 987; x_wconf 82' lang='lat' dir='ltr'>formam</span> <span class='ocrx_word' id='word_1_86' title='bbox 1038 958 1170 988; x_wconf 89' lang='lat' dir='ltr'>concilii</span> 
     </span>
     <span class='ocr_line' id='line_1_14' title="bbox 163 1010 1169 1051; baseline 0 -8"><span class='ocrx_word' id='word_1_87' title='bbox 163 1022 201 1043; x_wconf 83' lang='lat' dir='ltr'>ac</span> <span class='ocrx_word' id='word_1_88' title='bbox 234 1016 307 1051; x_wconf 89' lang='lat' dir='ltr'>post</span> <span class='ocrx_word' id='word_1_89' title='bbox 334 1011 573 1050; x_wconf 83' lang='lat' dir='ltr'>appellationes</span> <span class='ocrx_word' id='word_1_90' title='bbox 606 1011 646 1041; x_wconf 91' lang='lat' dir='ltr'>ad</span> <span class='ocrx_word' id='word_1_91' title='bbox 677 1020 737 1040; x_wconf 90' lang='lat' dir='ltr'>nos</span> <span class='ocrx_word' id='word_1_92' title='bbox 767 1010 914 1048; x_wconf 86' lang='lat' dir='ltr'>legitime</span> <span class='ocrx_word' id='word_1_93' title='bbox 944 1011 1169 1049; x_wconf 77' lang='lat' dir='ltr'>interpositas.</span> 
     </span>
     <span class='ocr_line' id='line_1_15' title="bbox 161 1064 1173 1104; baseline -0.001 -8"><span class='ocrx_word' id='word_1_94' title='bbox 161 1068 384 1104; x_wconf 83' lang='lat' dir='ltr'>attemptatas,</span> <span class='ocrx_word' id='word_1_95' title='bbox 406 1064 531 1094; x_wconf 89' lang='lat' dir='ltr'>cassari</span> <span class='ocrx_word' id='word_1_96' title='bbox 557 1073 616 1094; x_wconf 88' lang='lat' dir='ltr'>seu</span> <span class='ocrx_word' id='word_1_97' title='bbox 637 1073 748 1094; x_wconf 87' lang='lat' dir='ltr'>cassas</span> <span class='ocrx_word' id='word_1_98' title='bbox 774 1068 804 1094; x_wconf 92' lang='lat' dir='ltr'>et</span> <span class='ocrx_word' id='word_1_99' title='bbox 826 1064 940 1093; x_wconf 89' lang='lat' dir='ltr'>irritas</span> <span class='ocrx_word' id='word_1_100' title='bbox 963 1065 1123 1100; x_wconf 90' lang='lat' dir='ltr'>nuntiari,</span> <span class='ocrx_word' id='word_1_101' title='bbox 1142 1070 1173 1096; x_wconf 92' lang='lat' dir='ltr'>et</span> 
     </span>
     <span class='ocr_line' id='line_1_16' title="bbox 162 1116 1172 1158; baseline -0.001 -9"><span class='ocrx_word' id='word_1_102' title='bbox 162 1118 325 1158; x_wconf 90' lang='lat' dir='ltr'>quicquid</span> <span class='ocrx_word' id='word_1_103' title='bbox 345 1126 381 1147; x_wconf 86' lang='lat' dir='ltr'>ex</span> <span class='ocrx_word' id='word_1_104' title='bbox 404 1117 453 1147; x_wconf 88' lang='lat' dir='ltr'>eis</span> <span class='ocrx_word' id='word_1_105' title='bbox 474 1121 624 1147; x_wconf 90' lang='lat' dir='ltr'>secutum</span> <span class='ocrx_word' id='word_1_106' title='bbox 648 1121 697 1146; x_wconf 90' lang='lat' dir='ltr'>est</span> <span class='ocrx_word' id='word_1_107' title='bbox 718 1116 769 1146; x_wconf 89' lang='lat' dir='ltr'>vel</span> <span class='ocrx_word' id='word_1_108' title='bbox 787 1116 827 1146; x_wconf 89' lang='lat' dir='ltr'>ob</span> <span class='ocrx_word' id='word_1_109' title='bbox 850 1117 951 1155; x_wconf 89' lang='lat' dir='ltr'>ipsas,</span> <span class='ocrx_word' id='word_1_110' title='bbox 972 1127 1031 1147; x_wconf 89' lang='lat' dir='ltr'>nec</span> <span class='ocrx_word' id='word_1_111' title='bbox 1054 1127 1117 1148; x_wconf 92' lang='lat' dir='ltr'>non</span> <span class='ocrx_word' id='word_1_112' title='bbox 1141 1123 1172 1148; x_wconf 91' lang='lat' dir='ltr'>et</span> 
     </span>
     <span class='ocr_line' id='line_1_17' title="bbox 165 1169 1171 1209; baseline 0 -8"><span class='ocrx_word' id='word_1_113' title='bbox 165 1170 314 1201; x_wconf 90' lang='lat' dir='ltr'>nuntiari</span> <span class='ocrx_word' id='word_1_114' title='bbox 334 1170 467 1208; x_wconf 89' lang='lat' dir='ltr'>penitus</span> <span class='ocrx_word' id='word_1_115' title='bbox 489 1178 553 1199; x_wconf 91' lang='lat' dir='ltr'>non</span> <span class='ocrx_word' id='word_1_116' title='bbox 574 1169 683 1200; x_wconf 90' lang='lat' dir='ltr'>valere</span> <span class='ocrx_word' id='word_1_117' title='bbox 703 1169 790 1208; x_wconf 85' lang='lat' dir='ltr'>quod</span> <span class='ocrx_word' id='word_1_118' title='bbox 809 1179 827 1199; x_wconf 91' lang='lat' dir='ltr'>a</span> <span class='ocrx_word' id='word_1_119' title='bbox 844 1174 873 1200; x_wconf 89' lang='lat' dir='ltr'>te</span> <span class='ocrx_word' id='word_1_120' title='bbox 892 1174 1048 1209; x_wconf 85' lang='lat' dir='ltr'>tanquam</span> <span class='ocrx_word' id='word_1_121' title='bbox 1068 1170 1171 1201; x_wconf 86' lang='lat' dir='ltr'>electo</span> 
     </span>
     <span class='ocr_line' id='line_1_18' title="bbox 163 1222 1172 1262; baseline -0.001 -8"><span class='ocrx_word' id='word_1_122' title='bbox 163 1225 299 1258; x_wconf 84' lang='lat' dir='ltr'>factum,</span> <span class='ocrx_word' id='word_1_123' title='bbox 317 1222 368 1252; x_wconf 89' lang='lat' dir='ltr'>vel</span> <span class='ocrx_word' id='word_1_124' title='bbox 384 1222 573 1252; x_wconf 86' lang='lat' dir='ltr'>ordinatum</span> <span class='ocrx_word' id='word_1_125' title='bbox 590 1222 660 1253; x_wconf 89' lang='lat' dir='ltr'>sive</span> <span class='ocrx_word' id='word_1_126' title='bbox 677 1226 837 1252; x_wconf 87' lang='lat' dir='ltr'>statutum</span> <span class='ocrx_word' id='word_1_127' title='bbox 850 1227 909 1257; x_wconf 88' lang='lat' dir='ltr'>est,</span> <span class='ocrx_word' id='word_1_128' title='bbox 927 1223 1022 1261; x_wconf 90' lang='lat' dir='ltr'>petiit</span> <span class='ocrx_word' id='word_1_129' title='bbox 1039 1233 1172 1262; x_wconf 90' lang='lat' dir='ltr'>respon-</span> 
     </span>
     <span class='ocr_line' id='line_1_19' title="bbox 161 1274 1173 1315; baseline 0.001 -9"><span class='ocrx_word' id='word_1_130' title='bbox 161 1276 246 1307; x_wconf 88' lang='lat' dir='ltr'>deri.</span> <span class='ocrx_word' id='word_1_131' title='bbox 264 1274 327 1306; x_wconf 86' lang='lat' dir='ltr'>Sed</span> <span class='ocrx_word' id='word_1_132' title='bbox 343 1275 384 1305; x_wconf 93' lang='lat' dir='ltr'>ad</span> <span class='ocrx_word' id='word_1_133' title='bbox 404 1275 465 1305; x_wconf 89' lang='lat' dir='ltr'>hec</span> <span class='ocrx_word' id='word_1_134' title='bbox 478 1275 542 1305; x_wconf 83' lang='lat' dir='ltr'>suit</span> <span class='ocrx_word' id='word_1_135' title='bbox 562 1284 600 1305; x_wconf 83' lang='lat' dir='ltr'>ex</span> <span class='ocrx_word' id='word_1_136' title='bbox 616 1280 707 1314; x_wconf 91' lang='lat' dir='ltr'>parte</span> <span class='ocrx_word' id='word_1_137' title='bbox 727 1280 783 1305; x_wconf 85' lang='lat' dir='ltr'>tua</span> <span class='ocrx_word' id='word_1_138' title='bbox 805 1275 840 1304; x_wconf 92' lang='lat' dir='ltr'>in</span> <span class='ocrx_word' id='word_1_139' title='bbox 857 1275 989 1305; x_wconf 89' lang='lat' dir='ltr'>modum</span> <span class='ocrx_word' id='word_1_140' title='bbox 1011 1277 1173 1315; x_wconf 81' lang='lat' dir='ltr'>exceptio-</span> 
     </span>
     <span class='ocr_line' id='line_1_20' title="bbox 163 1328 1172 1367; baseline 0.001 -8"><span class='ocrx_word' id='word_1_141' title='bbox 163 1330 216 1359; x_wconf 85' lang='lat' dir='ltr'>nis</span> <span class='ocrx_word' id='word_1_142' title='bbox 243 1328 447 1367; x_wconf 90' lang='lat' dir='ltr'>propositum</span> <span class='ocrx_word' id='word_1_143' title='bbox 472 1337 509 1358; x_wconf 87' lang='lat' dir='ltr'>ex</span> <span class='ocrx_word' id='word_1_144' title='bbox 536 1328 674 1358; x_wconf 88' lang='lat' dir='ltr'>adverso</span> <span class='ocrx_word' id='word_1_145' title='bbox 707 1328 805 1367; x_wconf 82' lang='lat' dir='ltr'>quod,</span> <span class='ocrx_word' id='word_1_146' title='bbox 831 1337 906 1357; x_wconf 89' lang='lat' dir='ltr'>cum</span> <span class='ocrx_word' id='word_1_147' title='bbox 938 1329 1172 1367; x_wconf 87' lang='lat' dir='ltr'>appellationis</span> 
     </span>
     <span class='ocr_line' id='line_1_21' title="bbox 162 1381 1172 1421; baseline 0.001 -8"><span class='ocrx_word' id='word_1_148' title='bbox 162 1382 344 1421; x_wconf 82' lang='lat' dir='ltr'>negotium,</span> <span class='ocrx_word' id='word_1_149' title='bbox 372 1390 471 1419; x_wconf 90' lang='lat' dir='ltr'>super</span> <span class='ocrx_word' id='word_1_150' title='bbox 490 1389 554 1419; x_wconf 88' lang='lat' dir='ltr'>quo</span> <span class='ocrx_word' id='word_1_151' title='bbox 579 1390 598 1410; x_wconf 91' lang='lat' dir='ltr'>a</span> <span class='ocrx_word' id='word_1_152' title='bbox 622 1381 717 1410; x_wconf 85' lang='lat' dir='ltr'>nobis</span> <span class='ocrx_word' id='word_1_153' title='bbox 743 1381 864 1411; x_wconf 85' lang='lat' dir='ltr'>citatus</span> <span class='ocrx_word' id='word_1_154' title='bbox 887 1382 1010 1417; x_wconf 83' lang='lat' dir='ltr'>fueras,</span> <span class='ocrx_word' id='word_1_155' title='bbox 1035 1392 1092 1421; x_wconf 87' lang='lat' dir='ltr'>per</span> <span class='ocrx_word' id='word_1_156' title='bbox 1113 1393 1172 1414; x_wconf 89' lang='lat' dir='ltr'>nos</span> 
     </span>
     <span class='ocr_line' id='line_1_22' title="bbox 161 1433 1173 1474; baseline 0 -7"><span class='ocrx_word' id='word_1_157' title='bbox 161 1439 261 1470; x_wconf 87' lang='lat' dir='ltr'>esset,</span> <span class='ocrx_word' id='word_1_158' title='bbox 280 1434 412 1474; x_wconf 86' lang='lat' dir='ltr'>justitia</span> <span class='ocrx_word' id='word_1_159' title='bbox 433 1434 596 1471; x_wconf 82' lang='lat' dir='ltr'>exigente,</span> <span class='ocrx_word' id='word_1_160' title='bbox 615 1433 774 1470; x_wconf 85' lang='lat' dir='ltr'>decisum,</span> <span class='ocrx_word' id='word_1_161' title='bbox 796 1438 827 1464; x_wconf 91' lang='lat' dir='ltr'>et</span> <span class='ocrx_word' id='word_1_162' title='bbox 842 1434 896 1473; x_wconf 85' lang='lat' dir='ltr'>jus</span> <span class='ocrx_word' id='word_1_163' title='bbox 919 1435 979 1464; x_wconf 88' lang='lat' dir='ltr'>tibi</span> <span class='ocrx_word' id='word_1_164' title='bbox 997 1437 1173 1467; x_wconf 79' lang='lat' dir='ltr'>revocandi</span> 
     </span>
     <span class='ocr_line' id='line_1_23' title="bbox 161 1487 1173 1526; baseline 0.001 -7"><span class='ocrx_word' id='word_1_165' title='bbox 161 1490 295 1519; x_wconf 91' lang='lat' dir='ltr'>domum</span> <span class='ocrx_word' id='word_1_166' title='bbox 318 1491 528 1526; x_wconf 86' lang='lat' dir='ltr'>competeret,</span> <span class='ocrx_word' id='word_1_167' title='bbox 545 1495 609 1516; x_wconf 91' lang='lat' dir='ltr'>non</span> <span class='ocrx_word' id='word_1_168' title='bbox 631 1496 704 1517; x_wconf 86' lang='lat' dir='ltr'>eras</span> <span class='ocrx_word' id='word_1_169' title='bbox 722 1487 761 1517; x_wconf 90' lang='lat' dir='ltr'>de</span> <span class='ocrx_word' id='word_1_170' title='bbox 777 1487 851 1526; x_wconf 85' lang='lat' dir='ltr'>jure</span> <span class='ocrx_word' id='word_1_171' title='bbox 875 1489 1042 1526; x_wconf 82' lang='lat' dir='ltr'>cogendus</span> <span class='ocrx_word' id='word_1_172' title='bbox 1061 1489 1173 1520; x_wconf 89' lang='lat' dir='ltr'>libello</span> 
     </span>
     <span class='ocr_line' id='line_1_24' title="bbox 161 1539 1173 1581; baseline 0 -9"><span class='ocrx_word' id='word_1_173' title='bbox 161 1541 355 1581; x_wconf 86' lang='lat' dir='ltr'>hujusmodi</span> <span class='ocrx_word' id='word_1_174' title='bbox 377 1539 586 1578; x_wconf 89' lang='lat' dir='ltr'>respondere.</span> <span class='ocrx_word' id='word_1_175' title='bbox 606 1540 729 1570; x_wconf 88' lang='lat' dir='ltr'>Verum</span> <span class='ocrx_word' id='word_1_176' title='bbox 752 1545 886 1570; x_wconf 85' lang='lat' dir='ltr'>econtra</span> <span class='ocrx_word' id='word_1_177' title='bbox 906 1541 1013 1571; x_wconf 86' lang='lat' dir='ltr'>dictus</span> <span class='ocrx_word' id='word_1_178' title='bbox 1038 1542 1173 1572; x_wconf 88' lang='lat' dir='ltr'>thesau-</span> 
     </span>
     <span class='ocr_line' id='line_1_25' title="bbox 162 1593 1174 1632; baseline 0 -7"><span class='ocrx_word' id='word_1_179' title='bbox 162 1595 272 1625; x_wconf 89' lang='lat' dir='ltr'>rarius</span> <span class='ocrx_word' id='word_1_180' title='bbox 288 1593 461 1632; x_wconf 85' lang='lat' dir='ltr'>replicavit</span> <span class='ocrx_word' id='word_1_181' title='bbox 478 1593 576 1632; x_wconf 89' lang='lat' dir='ltr'>quod,</span> <span class='ocrx_word' id='word_1_182' title='bbox 594 1602 668 1623; x_wconf 91' lang='lat' dir='ltr'>cum</span> <span class='ocrx_word' id='word_1_183' title='bbox 687 1593 773 1623; x_wconf 85' lang='lat' dir='ltr'>dicat</span> <span class='ocrx_word' id='word_1_184' title='bbox 791 1593 986 1624; x_wconf 87' lang='lat' dir='ltr'>electionem</span> <span class='ocrx_word' id='word_1_185' title='bbox 1006 1599 1036 1625; x_wconf 89' lang='lat' dir='ltr'>et</span> <span class='ocrx_word' id='word_1_186' title='bbox 1053 1596 1174 1625; x_wconf 87' lang='lat' dir='ltr'>confir-</span> 
     </span>
     <span class='ocr_line' id='line_1_26' title="bbox 161 1646 1171 1685; baseline 0 -7"><span class='ocrx_word' id='word_1_187' title='bbox 161 1648 343 1678; x_wconf 84' lang='lat' dir='ltr'>mationem</span> <span class='ocrx_word' id='word_1_188' title='bbox 373 1646 553 1685; x_wconf 85' lang='lat' dir='ltr'>premissas</span> <span class='ocrx_word' id='word_1_189' title='bbox 582 1646 654 1685; x_wconf 90' lang='lat' dir='ltr'>ipso</span> <span class='ocrx_word' id='word_1_190' title='bbox 678 1646 753 1685; x_wconf 84' lang='lat' dir='ltr'>jure</span> <span class='ocrx_word' id='word_1_191' title='bbox 784 1647 917 1685; x_wconf 89' lang='lat' dir='ltr'>penitus</span> <span class='ocrx_word' id='word_1_192' title='bbox 946 1656 1018 1678; x_wconf 87' lang='lat' dir='ltr'>esse</span> <span class='ocrx_word' id='word_1_193' title='bbox 1051 1648 1171 1683; x_wconf 87' lang='lat' dir='ltr'>nullas,</span> 
     </span>
     <span class='ocr_line' id='line_1_27' title="bbox 161 1699 1172 1740; baseline 0 -9"><span class='ocrx_word' id='word_1_194' title='bbox 161 1705 258 1740; x_wconf 87' lang='lat' dir='ltr'>prout</span> <span class='ocrx_word' id='word_1_195' title='bbox 270 1700 425 1739; x_wconf 86' lang='lat' dir='ltr'>superius</span> <span class='ocrx_word' id='word_1_196' title='bbox 442 1703 491 1729; x_wconf 88' lang='lat' dir='ltr'>est</span> <span class='ocrx_word' id='word_1_197' title='bbox 507 1703 690 1734; x_wconf 80' lang='lat' dir='ltr'>ostensum,</span> <span class='ocrx_word' id='word_1_198' title='bbox 702 1699 861 1729; x_wconf 82' lang='lat' dir='ltr'>debemus</span> <span class='ocrx_word' id='word_1_199' title='bbox 879 1699 917 1730; x_wconf 90' lang='lat' dir='ltr'>de</span> <span class='ocrx_word' id='word_1_200' title='bbox 933 1700 995 1730; x_wconf 90' lang='lat' dir='ltr'>hoc</span> <span class='ocrx_word' id='word_1_201' title='bbox 1012 1709 1049 1730; x_wconf 84' lang='lat' dir='ltr'>ex</span> <span class='ocrx_word' id='word_1_202' title='bbox 1066 1702 1172 1731; x_wconf 83' lang='lat' dir='ltr'>officio</span> 
     </span>
     <span class='ocr_line' id='line_1_28' title="bbox 162 1753 1170 1792; baseline 0 -7"><span class='ocrx_word' id='word_1_203' title='bbox 162 1759 275 1785; x_wconf 88' lang='lat' dir='ltr'>nostro</span> <span class='ocrx_word' id='word_1_204' title='bbox 291 1762 500 1792; x_wconf 77' lang='lat' dir='ltr'>cognoscere,</span> <span class='ocrx_word' id='word_1_205' title='bbox 519 1761 559 1783; x_wconf 89' lang='lat' dir='ltr'>ne</span> <span class='ocrx_word' id='word_1_206' title='bbox 581 1753 819 1791; x_wconf 85' lang='lat' dir='ltr'>peremptorias</span> <span class='ocrx_word' id='word_1_207' title='bbox 842 1754 1051 1792; x_wconf 86' lang='lat' dir='ltr'>exceptiones</span> <span class='ocrx_word' id='word_1_208' title='bbox 1073 1755 1112 1784; x_wconf 89' lang='lat' dir='ltr'>ab</span> <span class='ocrx_word' id='word_1_209' title='bbox 1134 1764 1170 1785; x_wconf 90' lang='lat' dir='ltr'>eo</span> 
     </span>
     <span class='ocr_line' id='line_1_29' title="bbox 163 1805 1172 1848; baseline -0.002 -9"><span class='ocrx_word' id='word_1_210' title='bbox 163 1807 346 1848; x_wconf 86' lang='lat' dir='ltr'>propositas</span> <span class='ocrx_word' id='word_1_211' title='bbox 370 1806 559 1836; x_wconf 86' lang='lat' dir='ltr'>videremur</span> <span class='ocrx_word' id='word_1_212' title='bbox 585 1805 645 1835; x_wconf 90' lang='lat' dir='ltr'>sub</span> <span class='ocrx_word' id='word_1_213' title='bbox 669 1805 803 1836; x_wconf 88' lang='lat' dir='ltr'>silentio</span> <span class='ocrx_word' id='word_1_214' title='bbox 819 1807 990 1844; x_wconf 90' lang='lat' dir='ltr'>preterire,</span> <span class='ocrx_word' id='word_1_215' title='bbox 1009 1808 1172 1837; x_wconf 88' lang='lat' dir='ltr'>constitu-</span> 
     </span>
     <span class='ocr_line' id='line_1_30' title="bbox 162 1858 1173 1898; baseline 0 -8"><span class='ocrx_word' id='word_1_216' title='bbox 162 1862 285 1891; x_wconf 90' lang='lat' dir='ltr'>tionem</span> <span class='ocrx_word' id='word_1_217' title='bbox 309 1859 417 1890; x_wconf 76' lang='lat' dir='ltr'>felicis</span> <span class='ocrx_word' id='word_1_218' title='bbox 438 1858 678 1889; x_wconf 88' lang='lat' dir='ltr'>recordationis</span> <span class='ocrx_word' id='word_1_219' title='bbox 701 1858 916 1897; x_wconf 87' lang='lat' dir='ltr'>Inn[ocentii]</span> <span class='ocrx_word' id='word_1_220' title='bbox 938 1869 1029 1898; x_wconf 87' lang='lat' dir='ltr'>pape,</span> <span class='ocrx_word' id='word_1_221' title='bbox 1057 1861 1173 1898; x_wconf 86' lang='lat' dir='ltr'>prede-</span> 
     </span>
     <span class='ocr_line' id='line_1_31' title="bbox 160 1911 1172 1949; baseline -0.001 -5"><span class='ocrx_word' id='word_1_222' title='bbox 160 1913 304 1944; x_wconf 84' lang='lat' dir='ltr'>cessoris</span> <span class='ocrx_word' id='word_1_223' title='bbox 317 1912 433 1942; x_wconf 84' lang='lat' dir='ltr'>nostri.</span> <span class='ocrx_word' id='word_1_224' title='bbox 445 1912 479 1941; x_wconf 92' lang='lat' dir='ltr'>in</span> <span class='ocrx_word' id='word_1_225' title='bbox 491 1911 552 1941; x_wconf 84' lang='lat' dir='ltr'>hoc</span> <span class='ocrx_word' id='word_1_226' title='bbox 565 1911 629 1941; x_wconf 87' lang='lat' dir='ltr'>sibi</span> <span class='ocrx_word' id='word_1_227' title='bbox 647 1920 798 1941; x_wconf 86' lang='lat' dir='ltr'>asserens</span> <span class='ocrx_word' id='word_1_228' title='bbox 813 1912 1000 1949; x_wconf 78' lang='lat' dir='ltr'>suffragari.</span> <span class='ocrx_word' id='word_1_229' title='bbox 1018 1913 1172 1943; x_wconf 88' lang='lat' dir='ltr'>Ceterum</span> 
     </span>
     <span class='ocr_line' id='line_1_32' title="bbox 163 1961 1174 2006; baseline -0.002 -9"><span class='ocrx_word' id='word_1_230' title='bbox 163 1976 221 2006; x_wconf 88' lang='lat' dir='ltr'>pro</span> <span class='ocrx_word' id='word_1_231' title='bbox 243 1971 272 1996; x_wconf 90' lang='lat' dir='ltr'>te</span> <span class='ocrx_word' id='word_1_232' title='bbox 295 1966 359 1996; x_wconf 86' lang='lat' dir='ltr'>fuit</span> <span class='ocrx_word' id='word_1_233' title='bbox 376 1965 415 1995; x_wconf 91' lang='lat' dir='ltr'>ad</span> <span class='ocrx_word' id='word_1_234' title='bbox 434 1965 597 2003; x_wconf 79' lang='lat' dir='ltr'>premissa</span> <span class='ocrx_word' id='word_1_235' title='bbox 617 1961 813 2002; x_wconf 83' lang='lat' dir='ltr'>responsum</span> <span class='ocrx_word' id='word_1_236' title='bbox 834 1965 931 2002; x_wconf 80' lang='lat' dir='ltr'>quod,</span> <span class='ocrx_word' id='word_1_237' title='bbox 950 1974 1023 1994; x_wconf 86' lang='lat' dir='ltr'>cum</span> <span class='ocrx_word' id='word_1_238' title='bbox 1041 1965 1079 1995; x_wconf 88' lang='lat' dir='ltr'>de</span> <span class='ocrx_word' id='word_1_239' title='bbox 1099 1976 1174 2004; x_wconf 89' lang='lat' dir='ltr'>pro-</span> 
     </span>
     <span class='ocr_line' id='line_1_33' title="bbox 163 2017 1174 2058; baseline -0.001 -9"><span class='ocrx_word' id='word_1_240' title='bbox 163 2019 280 2058; x_wconf 90' lang='lat' dir='ltr'>positis</span> <span class='ocrx_word' id='word_1_241' title='bbox 301 2017 552 2056; x_wconf 83' lang='lat' dir='ltr'>exceptionibus</span> <span class='ocrx_word' id='word_1_242' title='bbox 573 2017 607 2046; x_wconf 89' lang='lat' dir='ltr'>in</span> <span class='ocrx_word' id='word_1_243' title='bbox 631 2017 869 2047; x_wconf 84' lang='lat' dir='ltr'>constitutione</span> <span class='ocrx_word' id='word_1_244' title='bbox 892 2017 1093 2055; x_wconf 76' lang='lat' dir='ltr'>preallegata</span> <span class='ocrx_word' id='word_1_245' title='bbox 1120 2028 1174 2048; x_wconf 77' lang='lat' dir='ltr'>ex-</span> 
     </span>
     <span class='ocr_line' id='line_1_34' title="bbox 164 2070 1173 2111; baseline -0.001 -9"><span class='ocrx_word' id='word_1_246' title='bbox 164 2072 298 2111; x_wconf 85' lang='lat' dir='ltr'>pressis,</span> <span class='ocrx_word' id='word_1_247' title='bbox 317 2071 514 2101; x_wconf 83' lang='lat' dir='ltr'>auctoritate</span> <span class='ocrx_word' id='word_1_248' title='bbox 531 2070 615 2100; x_wconf 90' lang='lat' dir='ltr'>bone</span> <span class='ocrx_word' id='word_1_249' title='bbox 632 2071 790 2100; x_wconf 84' lang='lat' dir='ltr'>memorie</span> <span class='ocrx_word' id='word_1_250' title='bbox 810 2070 934 2109; x_wconf 77' lang='lat' dir='ltr'>P[etri]‚</span> <span class='ocrx_word' id='word_1_251' title='bbox 956 2071 1042 2100; x_wconf 87' lang='lat' dir='ltr'>tituli</span> <span class='ocrx_word' id='word_1_252' title='bbox 1061 2072 1173 2101; x_wconf 82' lang='lat' dir='ltr'>Sancti</span> 
     </span>
     <span class='ocr_line' id='line_1_35' title="bbox 162 2122 1171 2163; baseline -0.002 -8"><span class='ocrx_word' id='word_1_253' title='bbox 162 2124 309 2155; x_wconf 82' lang='lat' dir='ltr'>Marcelli</span> <span class='ocrx_word' id='word_1_254' title='bbox 325 2123 502 2163; x_wconf 86' lang='lat' dir='ltr'>presbiteri</span> <span class='ocrx_word' id='word_1_255' title='bbox 523 2123 716 2156; x_wconf 81' lang='lat' dir='ltr'>cardinalis,</span> <span class='ocrx_word' id='word_1_256' title='bbox 735 2122 922 2161; x_wconf 79' lang='lat' dir='ltr'>Apostolice</span> <span class='ocrx_word' id='word_1_257' title='bbox 945 2124 1039 2153; x_wconf 81' lang='lat' dir='ltr'>Sedis</span> <span class='ocrx_word' id='word_1_258' title='bbox 1062 2123 1171 2161; x_wconf 71' lang='lat' dir='ltr'>legati,</span> 
     </span>
     <span class='ocr_line' id='line_1_36' title="bbox 164 2176 1174 2216; baseline -0.002 -8"><span class='ocrx_word' id='word_1_259' title='bbox 164 2177 488 2216; x_wconf 81' lang='lat' dir='ltr'>fueritinquisitum,</span> <span class='ocrx_word' id='word_1_260' title='bbox 503 2185 567 2206; x_wconf 92' lang='lat' dir='ltr'>non</span> <span class='ocrx_word' id='word_1_261' title='bbox 586 2180 679 2206; x_wconf 84' lang='lat' dir='ltr'>erant</span> <span class='ocrx_word' id='word_1_262' title='bbox 691 2176 900 2214; x_wconf 87' lang='lat' dir='ltr'>exceptiones</span> <span class='ocrx_word' id='word_1_263' title='bbox 915 2176 1104 2215; x_wconf 81' lang='lat' dir='ltr'>hujusmodi</span> <span class='ocrx_word' id='word_1_264' title='bbox 1122 2177 1174 2207; x_wconf 88' lang='lat' dir='ltr'>ad-</span> 
     </span>
     <span class='ocr_line' id='line_1_37' title="bbox 165 2228 1175 2268; baseline -0.001 -8"><span class='ocrx_word' id='word_1_265' title='bbox 165 2230 325 2261; x_wconf 85' lang='lat' dir='ltr'>mittende</span> <span class='ocrx_word' id='word_1_266' title='bbox 337 2234 361 2264; x_wconf 70' lang='lat'>¹:</span> <span class='ocrx_word' id='word_1_267' title='bbox 378 2229 464 2259; x_wconf 89' lang='lat' dir='ltr'>unde</span> <span class='ocrx_word' id='word_1_268' title='bbox 479 2229 512 2258; x_wconf 92' lang='lat' dir='ltr'>in</span> <span class='ocrx_word' id='word_1_269' title='bbox 530 2228 591 2258; x_wconf 87' lang='lat' dir='ltr'>hoc</span> <span class='ocrx_word' id='word_1_270' title='bbox 607 2237 697 2263; x_wconf 86' lang='lat' dir='ltr'>casu,</span> <span class='ocrx_word' id='word_1_271' title='bbox 714 2237 787 2257; x_wconf 88' lang='lat' dir='ltr'>cum</span> <span class='ocrx_word' id='word_1_272' title='bbox 805 2229 843 2258; x_wconf 90' lang='lat' dir='ltr'>de</span> <span class='ocrx_word' id='word_1_273' title='bbox 861 2228 926 2258; x_wconf 81' lang='lat' dir='ltr'>hiis</span> <span class='ocrx_word' id='word_1_274' title='bbox 944 2238 1006 2267; x_wconf 78' lang='lat' dir='ltr'>que</span> <span class='ocrx_word' id='word_1_275' title='bbox 1024 2231 1175 2268; x_wconf 87' lang='lat' dir='ltr'>proponit</span> 
     </span>
     <span class='ocr_line' id='line_1_38' title="bbox 166 2274 1175 2320; baseline -0.001 -7"><span class='ocrx_word' id='word_1_276' title='bbox 166 2274 405 2318; x_wconf 66' lang='lat' dir='ltr'>thesaurarius,</span> <span class='ocrx_word' id='word_1_277' title='bbox 433 2290 604 2320; x_wconf 74' lang='lat' dir='ltr'>nunquam</span> <span class='ocrx_word' id='word_1_278' title='bbox 629 2281 736 2311; x_wconf 87' lang='lat' dir='ltr'>adhuc</span> <span class='ocrx_word' id='word_1_279' title='bbox 760 2286 868 2311; x_wconf 89' lang='lat' dir='ltr'>actum</span> <span class='ocrx_word' id='word_1_280' title='bbox 898 2282 1008 2313; x_wconf 84' lang='lat' dir='ltr'>fuerit.</span> <span class='ocrx_word' id='word_1_281' title='bbox 1035 2282 1175 2320; x_wconf 78' lang='lat' dir='ltr'>allegata</span> 
     </span>
     <span class='ocr_line' id='line_1_39' title="bbox 163 2334 1175 2373; baseline -0.001 -7"><span class='ocrx_word' id='word_1_282' title='bbox 163 2336 360 2366; x_wconf 83' lang='lat' dir='ltr'>constitutio</span> <span class='ocrx_word' id='word_1_283' title='bbox 376 2344 440 2365; x_wconf 92' lang='lat' dir='ltr'>non</span> <span class='ocrx_word' id='word_1_284' title='bbox 459 2335 610 2364; x_wconf 86' lang='lat' dir='ltr'>vendicat</span> <span class='ocrx_word' id='word_1_285' title='bbox 629 2334 693 2364; x_wconf 89' lang='lat' dir='ltr'>sibi</span> <span class='ocrx_word' id='word_1_286' title='bbox 711 2334 830 2364; x_wconf 88' lang='lat' dir='ltr'>locum.</span> <span class='ocrx_word' id='word_1_287' title='bbox 847 2336 914 2364; x_wconf 85' lang='lat' dir='ltr'>Nos</span> <span class='ocrx_word' id='word_1_288' title='bbox 931 2335 1045 2373; x_wconf 79' lang='lat' dir='ltr'>igitur,</span> <span class='ocrx_word' id='word_1_289' title='bbox 1064 2336 1130 2365; x_wconf 87' lang='lat' dir='ltr'>hiis</span> <span class='ocrx_word' id='word_1_290' title='bbox 1145 2341 1175 2366; x_wconf 90' lang='lat' dir='ltr'>et</span> 
     </span>
     <span class='ocr_line' id='line_1_40' title="bbox 164 2387 1175 2428; baseline 0 -9"><span class='ocrx_word' id='word_1_291' title='bbox 164 2389 242 2419; x_wconf 86' lang='lat' dir='ltr'>aliis</span> <span class='ocrx_word' id='word_1_292' title='bbox 257 2397 321 2428; x_wconf 87' lang='lat' dir='ltr'>que</span> <span class='ocrx_word' id='word_1_293' title='bbox 338 2389 473 2418; x_wconf 86' lang='lat' dir='ltr'>suerunt</span> <span class='ocrx_word' id='word_1_294' title='bbox 490 2387 657 2426; x_wconf 86' lang='lat' dir='ltr'>proposita</span> <span class='ocrx_word' id='word_1_295' title='bbox 675 2396 784 2417; x_wconf 84' lang='lat' dir='ltr'>coram</span> <span class='ocrx_word' id='word_1_296' title='bbox 804 2388 908 2417; x_wconf 91' lang='lat' dir='ltr'>nobis.</span> <span class='ocrx_word' id='word_1_297' title='bbox 928 2388 1059 2426; x_wconf 87' lang='lat' dir='ltr'>plenius</span> <span class='ocrx_word' id='word_1_298' title='bbox 1076 2389 1175 2419; x_wconf 92' lang='lat' dir='ltr'>intel-</span> 
     </span>
     <span class='ocr_line' id='line_1_41' title="bbox 164 2439 1175 2479; baseline -0.001 -7"><span class='ocrx_word' id='word_1_299' title='bbox 164 2442 270 2477; x_wconf 85' lang='lat' dir='ltr'>lectis,</span> <span class='ocrx_word' id='word_1_300' title='bbox 289 2447 320 2472; x_wconf 93' lang='lat' dir='ltr'>et</span> <span class='ocrx_word' id='word_1_301' title='bbox 336 2450 435 2479; x_wconf 86' lang='lat' dir='ltr'>super</span> <span class='ocrx_word' id='word_1_302' title='bbox 448 2440 514 2470; x_wconf 85' lang='lat' dir='ltr'>hiis</span> <span class='ocrx_word' id='word_1_303' title='bbox 527 2439 775 2470; x_wconf 86' lang='lat' dir='ltr'>cumfratribus</span> <span class='ocrx_word' id='word_1_304' title='bbox 794 2440 916 2469; x_wconf 85' lang='lat' dir='ltr'>nostris</span> <span class='ocrx_word' id='word_1_305' title='bbox 936 2440 1175 2471; x_wconf 81' lang='lat' dir='ltr'>deliberatione</span> 
     </span>
     <span class='ocr_line' id='line_1_42' title="bbox 166 2492 1176 2532; baseline -0.002 -8"><span class='ocrx_word' id='word_1_306' title='bbox 166 2495 280 2524; x_wconf 86' lang='lat' dir='ltr'>habita</span> <span class='ocrx_word' id='word_1_307' title='bbox 295 2494 460 2532; x_wconf 80' lang='lat' dir='ltr'>diligenti,</span> <span class='ocrx_word' id='word_1_308' title='bbox 478 2493 516 2523; x_wconf 91' lang='lat' dir='ltr'>de</span> <span class='ocrx_word' id='word_1_309' title='bbox 537 2493 685 2531; x_wconf 83' lang='lat' dir='ltr'>ipsorum</span> <span class='ocrx_word' id='word_1_310' title='bbox 706 2492 846 2522; x_wconf 90' lang='lat' dir='ltr'>consilio</span> <span class='ocrx_word' id='word_1_311' title='bbox 867 2492 1077 2522; x_wconf 84' lang='lat' dir='ltr'>decernimus</span> <span class='ocrx_word' id='word_1_312' title='bbox 1094 2502 1176 2523; x_wconf 86' lang='lat' dir='ltr'>eun-</span> 
     </span>
     <span class='ocr_line' id='line_1_43' title="bbox 164 2545 1176 2583; baseline -0.002 -7"><span class='ocrx_word' id='word_1_313' title='bbox 164 2547 240 2577; x_wconf 89' lang='lat' dir='ltr'>dem</span> <span class='ocrx_word' id='word_1_314' title='bbox 260 2546 506 2576; x_wconf 81' lang='lat' dir='ltr'>thesaurarium</span> <span class='ocrx_word' id='word_1_315' title='bbox 529 2550 641 2575; x_wconf 85' lang='lat' dir='ltr'>contra</span> <span class='ocrx_word' id='word_1_316' title='bbox 665 2549 693 2575; x_wconf 89' lang='lat' dir='ltr'>te</span> <span class='ocrx_word' id='word_1_317' title='bbox 716 2554 779 2574; x_wconf 91' lang='lat' dir='ltr'>non</span> <span class='ocrx_word' id='word_1_318' title='bbox 802 2554 874 2574; x_wconf 87' lang='lat' dir='ltr'>esse</span> <span class='ocrx_word' id='word_1_319' title='bbox 892 2554 990 2583; x_wconf 87' lang='lat' dir='ltr'>super</span> <span class='ocrx_word' id='word_1_320' title='bbox 1007 2545 1119 2575; x_wconf 89' lang='lat' dir='ltr'>libello</span> <span class='ocrx_word' id='word_1_321' title='bbox 1137 2546 1176 2575; x_wconf 80' lang='lat' dir='ltr'>ab</span> 
     </span>
     <span class='ocr_line' id='line_1_44' title="bbox 165 2597 1175 2638; baseline -0.002 -9"><span class='ocrx_word' id='word_1_322' title='bbox 165 2608 205 2629; x_wconf 92' lang='lat' dir='ltr'>eo</span> <span class='ocrx_word' id='word_1_323' title='bbox 225 2599 393 2638; x_wconf 89' lang='lat' dir='ltr'>proposito</span> <span class='ocrx_word' id='word_1_324' title='bbox 415 2598 628 2627; x_wconf 87' lang='lat' dir='ltr'>audiendum.</span> <span class='ocrx_word' id='word_1_325' title='bbox 652 2598 686 2627; x_wconf 81' lang='lat' dir='ltr'>Si</span> <span class='ocrx_word' id='word_1_326' title='bbox 709 2597 789 2636; x_wconf 82' lang='lat' dir='ltr'>quid</span> <span class='ocrx_word' id='word_1_327' title='bbox 810 2606 886 2627; x_wconf 84' lang='lat' dir='ltr'>vero</span> <span class='ocrx_word' id='word_1_328' title='bbox 912 2602 1027 2627; x_wconf 84' lang='lat' dir='ltr'>contra</span> <span class='ocrx_word' id='word_1_329' title='bbox 1050 2603 1089 2634; x_wconf 87' lang='lat' dir='ltr'>te,</span> <span class='ocrx_word' id='word_1_330' title='bbox 1112 2607 1175 2627; x_wconf 91' lang='lat' dir='ltr'>non</span> 
     </span>
     <span class='ocr_line' id='line_1_45' title="bbox 167 2651 1178 2689; baseline -0.001 -7"><span class='ocrx_word' id='word_1_331' title='bbox 167 2657 276 2682; x_wconf 83' lang='lat' dir='ltr'>tamen</span> <span class='ocrx_word' id='word_1_332' title='bbox 291 2652 325 2681; x_wconf 93' lang='lat' dir='ltr'>in</span> <span class='ocrx_word' id='word_1_333' title='bbox 344 2652 476 2681; x_wconf 89' lang='lat' dir='ltr'>modum</span> <span class='ocrx_word' id='word_1_334' title='bbox 494 2651 707 2689; x_wconf 77' lang='lat' dir='ltr'>exceptionis,</span> <span class='ocrx_word' id='word_1_335' title='bbox 722 2651 762 2680; x_wconf 89' lang='lat' dir='ltr'>ad</span> <span class='ocrx_word' id='word_1_336' title='bbox 778 2651 1026 2689; x_wconf 87' lang='lat' dir='ltr'>impediendum</span> <span class='ocrx_word' id='word_1_337' title='bbox 1043 2652 1178 2681; x_wconf 85' lang='lat' dir='ltr'>electio-</span> 
     </span>
     <span class='ocr_line' id='line_1_46' title="bbox 167 2704 1177 2743; baseline -0.002 -7"><span class='ocrx_word' id='word_1_338' title='bbox 167 2706 221 2736; x_wconf 85' lang='lat' dir='ltr'>nis</span> <span class='ocrx_word' id='word_1_339' title='bbox 238 2710 269 2736; x_wconf 89' lang='lat' dir='ltr'>et</span> <span class='ocrx_word' id='word_1_340' title='bbox 288 2705 551 2735; x_wconf 87' lang='lat' dir='ltr'>confirmationis</span> <span class='ocrx_word' id='word_1_341' title='bbox 568 2705 732 2738; x_wconf 81' lang='lat' dir='ltr'>effectum,</span> <span class='ocrx_word' id='word_1_342' title='bbox 752 2704 808 2734; x_wconf 88' lang='lat' dir='ltr'>sed</span> <span class='ocrx_word' id='word_1_343' title='bbox 825 2704 908 2734; x_wconf 89' lang='lat' dir='ltr'>alias</span> <span class='ocrx_word' id='word_1_344' title='bbox 925 2705 1019 2743; x_wconf 78' lang='lat' dir='ltr'>juxta</span> <span class='ocrx_word' id='word_1_345' title='bbox 1041 2705 1177 2735; x_wconf 90' lang='lat' dir='ltr'>canoni-</span> 
     </span>
     <span class='ocr_line' id='line_1_47' title="bbox 166 2757 1178 2796; baseline -0.001 -8"><span class='ocrx_word' id='word_1_346' title='bbox 166 2767 223 2788; x_wconf 87' lang='lat' dir='ltr'>cas</span> <span class='ocrx_word' id='word_1_347' title='bbox 239 2758 429 2788; x_wconf 88' lang='lat' dir='ltr'>sanctiones</span> <span class='ocrx_word' id='word_1_348' title='bbox 446 2757 576 2787; x_wconf 84' lang='lat' dir='ltr'>duxerit</span> <span class='ocrx_word' id='word_1_349' title='bbox 592 2757 851 2795; x_wconf 85' lang='lat' dir='ltr'>proponendum,</span> <span class='ocrx_word' id='word_1_350' title='bbox 872 2762 1045 2796; x_wconf 81' lang='lat' dir='ltr'>postquam</span> <span class='ocrx_word' id='word_1_351' title='bbox 1064 2758 1178 2796; x_wconf 88' lang='lat' dir='ltr'>pacifi-</span> 
     </span>
     <span class='ocr_line' id='line_1_48' title="bbox 169 2809 1176 2849; baseline -0.001 -8"><span class='ocrx_word' id='word_1_352' title='bbox 169 2820 241 2842; x_wconf 89' lang='lat' dir='ltr'>cam</span> <span class='ocrx_word' id='word_1_353' title='bbox 257 2811 466 2849; x_wconf 83' lang='lat' dir='ltr'>episcopatus</span> <span class='ocrx_word' id='word_1_354' title='bbox 482 2810 588 2848; x_wconf 84' lang='lat' dir='ltr'>ipsius</span> <span class='ocrx_word' id='word_1_355' title='bbox 605 2809 851 2848; x_wconf 89' lang='lat' dir='ltr'>possessionem</span> <span class='ocrx_word' id='word_1_356' title='bbox 867 2810 971 2840; x_wconf 85' lang='lat' dir='ltr'>fueris</span> <span class='ocrx_word' id='word_1_357' title='bbox 993 2815 1176 2845; x_wconf 85' lang='lat' dir='ltr'>assecutus,</span> 
     </span>
     <span class='ocr_line' id='line_1_49' title="bbox 168 2862 1178 2902; baseline 0 -9"><span class='ocrx_word' id='word_1_358' title='bbox 168 2864 203 2893; x_wconf 89' lang='lat' dir='ltr'>id</span> <span class='ocrx_word' id='word_1_359' title='bbox 234 2863 379 2894; x_wconf 81' lang='lat' dir='ltr'>faciendi</span> <span class='ocrx_word' id='word_1_360' title='bbox 407 2872 517 2893; x_wconf 83' lang='lat' dir='ltr'>coram</span> <span class='ocrx_word' id='word_1_361' title='bbox 547 2863 746 2901; x_wconf 87' lang='lat' dir='ltr'>competenti</span> <span class='ocrx_word' id='word_1_362' title='bbox 775 2862 898 2902; x_wconf 90' lang='lat' dir='ltr'>judice,</span> <span class='ocrx_word' id='word_1_363' title='bbox 931 2868 1027 2901; x_wconf 89' lang='lat' dir='ltr'>prout</span> <span class='ocrx_word' id='word_1_364' title='bbox 1050 2864 1178 2902; x_wconf 85' lang='lat' dir='ltr'>justum</span> 
     </span>
    </p>
   </div>
   <div class='ocr_carea' id='block_1_3' title="bbox 204 2977 495 3003">
    <p class='ocr_par' dir='ltr' id='par_1_3' title="bbox 204 2977 495 3003">
     <span class='ocr_line' id='line_1_50' title="bbox 204 2977 495 3003; baseline -0.007 -1"><span class='ocrx_word' id='word_1_365' title='bbox 204 2977 225 3002; x_wconf 82' lang='lat'>1.</span> <span class='ocrx_word' id='word_1_366' title='bbox 245 2980 294 3003; x_wconf 86' lang='lat' dir='ltr'>Ms.</span> <span class='ocrx_word' id='word_1_367' title='bbox 311 2987 317 3001; x_wconf 91' lang='lat'><em>:</em></span> <span class='ocrx_word' id='word_1_368' title='bbox 333 2977 495 3001; x_wconf 75' lang='lat' dir='ltr'>omittenda.</span> 
     </span>
    </p>
   </div>
   <div class='ocr_carea' id='block_1_4' title="bbox 1255 372 2259 466">
    <p class='ocr_par' dir='ltr' id='par_1_4' title="bbox 1255 372 2259 466">
     <span class='ocr_line' id='line_1_51' title="bbox 1255 372 2259 413; baseline 0.006 -12"><span class='ocrx_word' id='word_1_369' title='bbox 1255 372 1369 408; x_wconf 88' lang='lat' dir='ltr'>fuerit,</span> <span class='ocrx_word' id='word_1_370' title='bbox 1401 373 1570 404; x_wconf 89' lang='lat' dir='ltr'>licentiam</span> <span class='ocrx_word' id='word_1_371' title='bbox 1597 384 1662 405; x_wconf 90' lang='lat' dir='ltr'>non</span> <span class='ocrx_word' id='word_1_372' title='bbox 1689 385 1860 413; x_wconf 77' lang='lat' dir='ltr'>negamus.</span> <span class='ocrx_word' id='word_1_373' title='bbox 1887 377 1960 406; x_wconf 87' lang='lat' dir='ltr'>Dat.</span> <span class='ocrx_word' id='word_1_374' title='bbox 1988 378 2156 412; x_wconf 82' lang='lat' dir='ltr'>Laterani,</span> <span class='ocrx_word' id='word_1_375' title='bbox 2180 378 2259 408; x_wconf 69' lang='lat' dir='ltr'>XVI</span> 
     </span>
     <span class='ocr_line' id='line_1_52' title="bbox 1255 424 1931 466; baseline 0.006 -12"><span class='ocrx_word' id='word_1_376' title='bbox 1255 424 1414 456; x_wconf 85' lang='lat' dir='ltr'>kalendas</span> <span class='ocrx_word' id='word_1_377' title='bbox 1428 426 1516 465; x_wconf 84' lang='lat' dir='ltr'>julii,</span> <span class='ocrx_word' id='word_1_378' title='bbox 1535 436 1622 457; x_wconf 88' lang='lat' dir='ltr'>anno</span> <span class='ocrx_word' id='word_1_379' title='bbox 1641 428 1899 466; x_wconf 86' lang='lat' dir='ltr'>quintodecimo.</span> <span class='ocrx_word' id='word_1_380' title='bbox 1920 441 1931 454; x_wconf 74' lang='lat' dir='ltr'>n</span> 
     </span>
    </p>
   </div>
   <div class='ocr_carea' id='block_1_5' title="bbox 1325 597 2188 632">
    <p class='ocr_par' dir='ltr' id='par_1_5' title="bbox 1325 597 2188 632">
     <span class='ocr_line' id='line_1_53' title="bbox 1325 597 2188 632; baseline 0.003 -8"><span class='ocrx_word' id='word_1_381' title='bbox 1325 597 1445 624; x_wconf 73' lang='lat'>8053</span> <span class='ocrx_word' id='word_1_382' title='bbox 1851 600 1971 632; x_wconf 83' lang='lat' dir='ltr'>Latran,</span> <span class='ocrx_word' id='word_1_383' title='bbox 1986 600 2019 627; x_wconf 71' lang='lat'>26</span> <span class='ocrx_word' id='word_1_384' title='bbox 2035 601 2092 627; x_wconf 86' lang='lat' dir='ltr'>mai</span> <span class='ocrx_word' id='word_1_385' title='bbox 2110 601 2188 627; x_wconf 69' lang='lat'>1241.</span> 
     </span>
    </p>
   </div>
   <div class='ocr_carea' id='block_1_6' title="bbox 1253 659 2262 1035">
    <p class='ocr_par' dir='ltr' id='par_1_6' title="bbox 1253 659 2262 1035">
     <span class='ocr_line' id='line_1_54' title="bbox 1288 659 2260 694; baseline 0.003 -8"><span class='ocrx_word' id='word_1_386' title='bbox 1288 659 1434 686; x_wconf 86' lang='lat' dir='ltr'>Abbatem</span> <span class='ocrx_word' id='word_1_387' title='bbox 1453 663 1692 694; x_wconf 79' lang='lat' dir='ltr'>conventumque</span> <span class='ocrx_word' id='word_1_388' title='bbox 1710 661 1813 688; x_wconf 81' lang='lat' dir='ltr'>Sancti</span> <span class='ocrx_word' id='word_1_389' title='bbox 1828 662 1986 689; x_wconf 82' lang='lat' dir='ltr'>Michaelis</span> <span class='ocrx_word' id='word_1_390' title='bbox 2000 663 2036 689; x_wconf 89' lang='lat' dir='ltr'>de</span> <span class='ocrx_word' id='word_1_391' title='bbox 2050 663 2166 693; x_wconf 73' lang='lat' dir='ltr'>Eremu,</span> <span class='ocrx_word' id='word_1_392' title='bbox 2181 664 2260 689; x_wconf 86' lang='lat' dir='ltr'>ordi-</span> 
     </span>
     <span class='ocr_line' id='line_1_55' title="bbox 1254 707 2261 742; baseline 0.005 -9"><span class='ocrx_word' id='word_1_393' title='bbox 1254 707 1300 734; x_wconf 82' lang='lat' dir='ltr'>nis</span> <span class='ocrx_word' id='word_1_394' title='bbox 1316 708 1411 734; x_wconf 86' lang='lat' dir='ltr'>sancti</span> <span class='ocrx_word' id='word_1_395' title='bbox 1426 708 1598 739; x_wconf 85' lang='lat' dir='ltr'>Benedicti,</span> <span class='ocrx_word' id='word_1_396' title='bbox 1624 708 1809 736; x_wconf 79' lang='lat' dir='ltr'>pietavensis</span> <span class='ocrx_word' id='word_1_397' title='bbox 1832 710 1984 742; x_wconf 84' lang='lat' dir='ltr'>dioecesis,</span> <span class='ocrx_word' id='word_1_398' title='bbox 2006 711 2059 737; x_wconf 89' lang='lat' dir='ltr'>sub</span> <span class='ocrx_word' id='word_1_399' title='bbox 2079 711 2156 738; x_wconf 84' lang='lat' dir='ltr'>beati</span> <span class='ocrx_word' id='word_1_400' title='bbox 2180 712 2261 738; x_wconf 85' lang='lat' dir='ltr'>Petri</span> 
     </span>
     <span class='ocr_line' id='line_1_56' title="bbox 1253 757 2261 792; baseline 0.004 -10"><span class='ocrx_word' id='word_1_401' title='bbox 1253 759 1281 782; x_wconf 90' lang='lat' dir='ltr'>et</span> <span class='ocrx_word' id='word_1_402' title='bbox 1303 764 1356 782; x_wconf 81' lang='lat' dir='ltr'>sua</span> <span class='ocrx_word' id='word_1_403' title='bbox 1378 757 1559 790; x_wconf 88' lang='lat' dir='ltr'>protectione</span> <span class='ocrx_word' id='word_1_404' title='bbox 1583 758 1718 792; x_wconf 84' lang='lat' dir='ltr'>suscipit,</span> <span class='ocrx_word' id='word_1_405' title='bbox 1744 758 1844 792; x_wconf 86' lang='lat' dir='ltr'>eisque</span> <span class='ocrx_word' id='word_1_406' title='bbox 1867 759 2014 792; x_wconf 76' lang='lat' dir='ltr'>significat</span> <span class='ocrx_word' id='word_1_407' title='bbox 2039 768 2068 786; x_wconf 84' lang='lat' dir='ltr'>se</span> <span class='ocrx_word' id='word_1_408' title='bbox 2089 761 2261 786; x_wconf 83' lang='lat' dir='ltr'>confirmare</span> 
     </span>
     <span class='ocr_line' id='line_1_57' title="bbox 1254 805 2261 841; baseline 0.002 -10"><span class='ocrx_word' id='word_1_409' title='bbox 1254 805 1470 832; x_wconf 81' lang='lat' dir='ltr'>concessionem</span> <span class='ocrx_word' id='word_1_410' title='bbox 1489 815 1575 839; x_wconf 83' lang='lat' dir='ltr'>quam</span> <span class='ocrx_word' id='word_1_411' title='bbox 1594 807 1635 833; x_wconf 78' lang='lat' dir='ltr'>eis</span> <span class='ocrx_word' id='word_1_412' title='bbox 1652 807 1759 834; x_wconf 81' lang='lat' dir='ltr'>nobilis</span> <span class='ocrx_word' id='word_1_413' title='bbox 1776 808 1822 834; x_wconf 85' lang='lat' dir='ltr'>vir</span> <span class='ocrx_word' id='word_1_414' title='bbox 1844 808 1987 835; x_wconf 76' lang='lat' dir='ltr'>Robertus</span> <span class='ocrx_word' id='word_1_415' title='bbox 2003 809 2038 835; x_wconf 85' lang='lat' dir='ltr'>dc</span> <span class='ocrx_word' id='word_1_416' title='bbox 2055 808 2196 841; x_wconf 81' lang='lat' dir='ltr'>Sablolio,</span> <span class='ocrx_word' id='word_1_417' title='bbox 2213 809 2261 835; x_wconf 79' lang='lat' dir='ltr'>do-</span> 
     </span>
     <span class='ocr_line' id='line_1_58' title="bbox 1254 853 2261 887; baseline 0.004 -8"><span class='ocrx_word' id='word_1_418' title='bbox 1254 853 1353 880; x_wconf 86' lang='lat' dir='ltr'>minus</span> <span class='ocrx_word' id='word_1_419' title='bbox 1369 854 1405 880; x_wconf 85' lang='lat' dir='ltr'>de</span> <span class='ocrx_word' id='word_1_420' title='bbox 1419 854 1569 886; x_wconf 74' lang='lat' dir='ltr'>Murnaeo,</span> <span class='ocrx_word' id='word_1_421' title='bbox 1588 856 1706 887; x_wconf 84' lang='lat' dir='ltr'>fecerat,</span> <span class='ocrx_word' id='word_1_422' title='bbox 1723 855 1758 882; x_wconf 90' lang='lat' dir='ltr'>de</span> <span class='ocrx_word' id='word_1_423' title='bbox 1774 856 1865 882; x_wconf 82' lang='lat' dir='ltr'>fundo</span> <span class='ocrx_word' id='word_1_424' title='bbox 1882 856 1910 882; x_wconf 91' lang='lat' dir='ltr'>in</span> <span class='ocrx_word' id='word_1_425' title='bbox 1927 857 2073 883; x_wconf 85' lang='lat' dir='ltr'>territorio</span> <span class='ocrx_word' id='word_1_426' title='bbox 2084 857 2119 883; x_wconf 86' lang='lat' dir='ltr'>de</span> <span class='ocrx_word' id='word_1_427' title='bbox 2134 858 2261 884; x_wconf 76' lang='lat' dir='ltr'>Fossatis</span> 
     </span>
     <span class='ocr_line' id='line_1_59' title="bbox 1254 900 2261 937; baseline 0.004 -9"><span class='ocrx_word' id='word_1_428' title='bbox 1254 900 1381 936; x_wconf 81' lang='lat' dir='ltr'>[posito],</span> <span class='ocrx_word' id='word_1_429' title='bbox 1405 911 1471 929; x_wconf 89' lang='lat' dir='ltr'>cum</span> <span class='ocrx_word' id='word_1_430' title='bbox 1494 903 1660 930; x_wconf 83' lang='lat' dir='ltr'>redditibus</span> <span class='ocrx_word' id='word_1_431' title='bbox 1683 903 1763 930; x_wconf 89' lang='lat' dir='ltr'>bladi</span> <span class='ocrx_word' id='word_1_432' title='bbox 1788 908 1816 930; x_wconf 89' lang='lat' dir='ltr'>et</span> <span class='ocrx_word' id='word_1_433' title='bbox 1836 905 1900 931; x_wconf 67' lang='lat' dir='ltr'>vini</span> <span class='ocrx_word' id='word_1_434' title='bbox 1923 905 1957 931; x_wconf 85' lang='lat' dir='ltr'>de</span> <span class='ocrx_word' id='word_1_435' title='bbox 1980 905 2156 937; x_wconf 81' lang='lat' dir='ltr'>Mornazeis,</span> <span class='ocrx_word' id='word_1_436' title='bbox 2178 908 2205 932; x_wconf 90' lang='lat' dir='ltr'>et</span> <span class='ocrx_word' id='word_1_437' title='bbox 2226 906 2261 932; x_wconf 89' lang='lat' dir='ltr'>de</span> 
     </span>
     <span class='ocr_line' id='line_1_60' title="bbox 1253 951 2261 987; baseline 0.004 -10"><span class='ocrx_word' id='word_1_438' title='bbox 1253 951 1379 985; x_wconf 88' lang='lat' dir='ltr'>quodam</span> <span class='ocrx_word' id='word_1_439' title='bbox 1398 952 1459 978; x_wconf 82' lang='lat' dir='ltr'>loco</span> <span class='ocrx_word' id='word_1_440' title='bbox 1480 952 1509 978; x_wconf 90' lang='lat' dir='ltr'>in</span> <span class='ocrx_word' id='word_1_441' title='bbox 1532 953 1639 978; x_wconf 81' lang='lat' dir='ltr'>foresta</span> <span class='ocrx_word' id='word_1_442' title='bbox 1656 961 1719 985; x_wconf 84' lang='lat' dir='ltr'>sua,</span> <span class='ocrx_word' id='word_1_443' title='bbox 1740 953 1770 979; x_wconf 92' lang='lat' dir='ltr'>id</span> <span class='ocrx_word' id='word_1_444' title='bbox 1791 956 1834 979; x_wconf 79' lang='lat' dir='ltr'>est</span> <span class='ocrx_word' id='word_1_445' title='bbox 1853 953 1945 987; x_wconf 84' lang='lat' dir='ltr'>ipsius</span> <span class='ocrx_word' id='word_1_446' title='bbox 1964 953 2093 985; x_wconf 85' lang='lat' dir='ltr'>Roberti,</span> <span class='ocrx_word' id='word_1_447' title='bbox 2115 955 2150 981; x_wconf 84' lang='lat' dir='ltr'>de</span> <span class='ocrx_word' id='word_1_448' title='bbox 2170 955 2261 985; x_wconf 77' lang='lat' dir='ltr'>Saliz,</span> 
     </span>
     <span class='ocr_line' id='line_1_61' title="bbox 1253 1000 2262 1035; baseline 0.005 -10"><span class='ocrx_word' id='word_1_449' title='bbox 1253 1008 1319 1026; x_wconf 88' lang='lat' dir='ltr'>cum</span> <span class='ocrx_word' id='word_1_450' title='bbox 1340 1000 1456 1033; x_wconf 84' lang='lat' dir='ltr'>pascuis</span> <span class='ocrx_word' id='word_1_451' title='bbox 1472 1003 1500 1026; x_wconf 90' lang='lat' dir='ltr'>et</span> <span class='ocrx_word' id='word_1_452' title='bbox 1513 1000 1582 1026; x_wconf 86' lang='lat' dir='ltr'>aliis</span> <span class='ocrx_word' id='word_1_453' title='bbox 1600 1001 1790 1034; x_wconf 82' lang='lat' dir='ltr'>pertinentiis</span> <span class='ocrx_word' id='word_1_454' title='bbox 1806 1002 1936 1035; x_wconf 85' lang='lat' dir='ltr'>ejusdem</span> <span class='ocrx_word' id='word_1_455' title='bbox 1954 1002 2020 1034; x_wconf 88' lang='lat' dir='ltr'>loci,</span> <span class='ocrx_word' id='word_1_456' title='bbox 2038 1005 2066 1029; x_wconf 88' lang='lat' dir='ltr'>et</span> <span class='ocrx_word' id='word_1_457' title='bbox 2084 1011 2149 1029; x_wconf 80' lang='lat' dir='ltr'>cuni</span> <span class='ocrx_word' id='word_1_458' title='bbox 2172 1003 2262 1030; x_wconf 89' lang='lat' dir='ltr'>liber-</span> 
     </span>
    </p>
   </div>
   <div class='ocr_carea' id='block_1_7' title="bbox 1253 1047 2261 1127">
    <p class='ocr_par' dir='ltr' id='par_1_7' title="bbox 1253 1047 2261 1127">
     <span class='ocr_line' id='line_1_62' title="bbox 1253 1047 2261 1083; baseline 0.005 -10"><span class='ocrx_word' id='word_1_459' title='bbox 1253 1047 1364 1074; x_wconf 83' lang='lat' dir='ltr'>tatibus</span> <span class='ocrx_word' id='word_1_460' title='bbox 1374 1050 1402 1074; x_wconf 90' lang='lat' dir='ltr'>et</span> <span class='ocrx_word' id='word_1_461' title='bbox 1411 1048 1654 1075; x_wconf 81' lang='lat' dir='ltr'>immunitatibus</span> <span class='ocrx_word' id='word_1_462' title='bbox 1664 1049 1860 1076; x_wconf 83' lang='lat' dir='ltr'>saecularium</span> <span class='ocrx_word' id='word_1_463' title='bbox 1871 1051 2070 1077; x_wconf 81' lang='lat' dir='ltr'>exactionum.</span> <span class='ocrx_word' id='word_1_464' title='bbox 2080 1066 2111 1068; x_wconf 97' lang='lat'><strong>—</strong></span> <span class='ocrx_word' id='word_1_465' title='bbox 2121 1052 2207 1081; x_wconf 68' lang='lat' dir='ltr'>(nm.</span> <span class='ocrx_word' id='word_1_466' title='bbox 2216 1051 2261 1083; x_wconf 82' lang='lat'>20,</span> 
     </span>
     <span class='ocr_line' id='line_1_63' title="bbox 1254 1094 1671 1127; baseline 0.002 -7"><span class='ocrx_word' id='word_1_467' title='bbox 1254 1095 1274 1121; x_wconf 80' lang='lat' dir='ltr'>f.</span> <span class='ocrx_word' id='word_1_468' title='bbox 1289 1094 1319 1121; x_wconf 88' lang='lat'>81</span> <span class='ocrx_word' id='word_1_469' title='bbox 1338 1097 1386 1126; x_wconf 80' lang='lat' dir='ltr'>v⁰;</span> <span class='ocrx_word' id='word_1_470' title='bbox 1403 1103 1473 1121; x_wconf 84' lang='lat' dir='ltr'>ann.</span> <span class='ocrx_word' id='word_1_471' title='bbox 1489 1095 1556 1127; x_wconf 83' lang='lat' dir='ltr'>XV,</span> <span class='ocrx_word' id='word_1_472' title='bbox 1572 1104 1596 1121; x_wconf 83' lang='lat' dir='ltr'>c.</span> <span class='ocrx_word' id='word_1_473' title='bbox 1613 1096 1671 1126; x_wconf 72' lang='lat'>75)</span> 
     </span>
    </p>
   </div>
   <div class='ocr_carea' id='block_1_8' title="bbox 1256 1196 2268 1391">
    <p class='ocr_par' dir='ltr' id='par_1_8' title="bbox 1256 1196 2268 1391">
     <span class='ocr_line' id='line_1_64' title="bbox 1298 1196 2262 1236; baseline 0.004 -13"><span class='ocrx_word' id='word_1_474' title='bbox 1298 1207 1310 1222; x_wconf 73' lang='grc' dir='ltr'>οι</span> <span class='ocrx_word' id='word_1_475' title='bbox 1332 1218 1351 1224; x_wconf 92' lang='grc'>,.</span> <span class='ocrx_word' id='word_1_476' title='bbox 1365 1196 1465 1223; x_wconf 76' lang='lat' dir='ltr'>abbati</span> <span class='ocrx_word' id='word_1_477' title='bbox 1479 1197 1678 1224; x_wconf 77' lang='lat' dir='ltr'>etconvenlui</span> <span class='ocrx_word' id='word_1_478' title='bbox 1693 1196 1799 1225; x_wconf 75' lang='lat' dir='ltr'>Sancti</span> <span class='ocrx_word' id='word_1_479' title='bbox 1816 1197 1996 1236; x_wconf 66' lang='lat' dir='ltr'>illicitael[is]</span> <span class='ocrx_word' id='word_1_480' title='bbox 2012 1198 2046 1226; x_wconf 73' lang='lat' dir='ltr'>cle</span> <span class='ocrx_word' id='word_1_481' title='bbox 2060 1198 2193 1233; x_wconf 80' lang='lat' dir='ltr'>Heremo,</span> <span class='ocrx_word' id='word_1_482' title='bbox 2211 1207 2262 1227; x_wconf 82' lang='lat'><em>07·-</em></span> 
     </span>
     <span class='ocr_line' id='line_1_65' title="bbox 1256 1248 2262 1282; baseline 0.005 -7"><span class='ocrx_word' id='word_1_483' title='bbox 1256 1248 1340 1276; x_wconf 74' lang='lat' dir='ltr'>dinis</span> <span class='ocrx_word' id='word_1_484' title='bbox 1365 1248 1465 1276; x_wconf 76' lang='lat' dir='ltr'>sancti</span> <span class='ocrx_word' id='word_1_485' title='bbox 1489 1248 1651 1282; x_wconf 73' lang='lat' dir='ltr'>Benedicti,</span> <span class='ocrx_word' id='word_1_486' title='bbox 1677 1249 1865 1278; x_wconf 72' lang='lat' dir='ltr'>pictavensis</span> <span class='ocrx_word' id='word_1_487' title='bbox 1885 1250 2020 1278; x_wconf 79' lang='lat' dir='ltr'>diocesis.</span> <span class='ocrx_word' id='word_1_488' title='bbox 2046 1251 2262 1280; x_wconf 84' lang='lat' dir='ltr'>Sacrosancta</span> 
     </span>
     <span class='ocr_line' id='line_1_66' title="bbox 1256 1299 2268 1344; baseline 0.002 -14"><span class='ocrx_word' id='word_1_489' title='bbox 1256 1301 1406 1330; x_wconf 86' lang='lat' dir='ltr'>Romana</span> <span class='ocrx_word' id='word_1_490' title='bbox 1422 1299 1569 1329; x_wconf 81' lang='lat' dir='ltr'>Ecclesia</span> <span class='ocrx_word' id='word_1_491' title='bbox 1580 1317 1629 1329; x_wconf 84' lang='lat'>—.</span> <span class='ocrx_word' id='word_1_492' title='bbox 1645 1301 1718 1330; x_wconf 86' lang='lat' dir='ltr'>Dat.</span> <span class='ocrx_word' id='word_1_493' title='bbox 1733 1301 1899 1336; x_wconf 81' lang='lat' dir='ltr'>Laterani,</span> <span class='ocrx_word' id='word_1_494' title='bbox 1916 1303 1978 1332; x_wconf 72' lang='lat' dir='ltr'>vll</span> <span class='ocrx_word' id='word_1_495' title='bbox 1990 1302 2149 1332; x_wconf 81' lang='lat' dir='ltr'>kalendas</span> <span class='ocrx_word' id='word_1_496' title='bbox 2160 1303 2268 1344; x_wconf 66' lang='lat' dir='ltr'>junii,⁸</span> 
     </span>
     <span class='ocr_line' id='line_1_67' title="bbox 1256 1352 1650 1391; baseline 0.003 -10"><span class='ocrx_word' id='word_1_497' title='bbox 1256 1362 1343 1382; x_wconf 89' lang='lat' dir='ltr'>anno</span> <span class='ocrx_word' id='word_1_498' title='bbox 1359 1352 1617 1391; x_wconf 86' lang='lat' dir='ltr'>quintodecimo.</span> <span class='ocrx_word' id='word_1_499' title='bbox 1638 1366 1650 1379; x_wconf 65' lang='lat' dir='ltr'><em>n</em></span> 
     </span>
    </p>
   </div>
   <div class='ocr_carea' id='block_1_9' title="bbox 1327 1524 2190 1560">
    <p class='ocr_par' dir='ltr' id='par_1_9' title="bbox 1327 1524 2190 1560">
     <span class='ocr_line' id='line_1_68' title="bbox 1327 1524 2190 1560; baseline 0.002 -9"><span class='ocrx_word' id='word_1_500' title='bbox 1327 1524 1444 1552; x_wconf 71' lang='lat'><strong>60:54</strong></span> <span class='ocrx_word' id='word_1_501' title='bbox 1858 1525 1979 1558; x_wconf 89' lang='lat' dir='ltr'>Latran,</span> <span class='ocrx_word' id='word_1_502' title='bbox 1995 1526 2011 1553; x_wconf 86' lang='lat'>8</span> <span class='ocrx_word' id='word_1_503' title='bbox 2029 1527 2094 1560; x_wconf 91' lang='lat' dir='ltr'>juin</span> <span class='ocrx_word' id='word_1_504' title='bbox 2112 1527 2190 1554; x_wconf 71' lang='lat'>1241.</span> 
     </span>
    </p>
   </div>
   <div class='ocr_carea' id='block_1_10' title="bbox 1255 1587 2263 1862">
    <p class='ocr_par' dir='ltr' id='par_1_10' title="bbox 1255 1587 2263 1862">
     <span class='ocr_line' id='line_1_69' title="bbox 1290 1587 2263 1620; baseline 0.001 -6"><span class='ocrx_word' id='word_1_505' title='bbox 1290 1587 1400 1614; x_wconf 85' lang='lat' dir='ltr'>Abbati</span> <span class='ocrx_word' id='word_1_506' title='bbox 1417 1590 1445 1613; x_wconf 90' lang='lat' dir='ltr'>et</span> <span class='ocrx_word' id='word_1_507' title='bbox 1461 1587 1620 1613; x_wconf 74' lang='lat' dir='ltr'>conventui</span> <span class='ocrx_word' id='word_1_508' title='bbox 1638 1587 1945 1620; x_wconf 77' lang='lat' dir='ltr'>Flavigniacensibus,</span> <span class='ocrx_word' id='word_1_509' title='bbox 1966 1588 2078 1615; x_wconf 76' lang='lat' dir='ltr'>ordinis</span> <span class='ocrx_word' id='word_1_510' title='bbox 2096 1589 2191 1615; x_wconf 84' lang='lat' dir='ltr'>sancti</span> <span class='ocrx_word' id='word_1_511' title='bbox 2206 1589 2263 1616; x_wconf 84' lang='lat' dir='ltr'>Be-</span> 
     </span>
     <span class='ocr_line' id='line_1_70' title="bbox 1256 1635 2261 1671; baseline 0.002 -10"><span class='ocrx_word' id='word_1_512' title='bbox 1256 1635 1379 1667; x_wconf 76' lang='lat' dir='ltr'>nedicti,</span> <span class='ocrx_word' id='word_1_513' title='bbox 1395 1636 1561 1662; x_wconf 83' lang='lat' dir='ltr'>Aeduensis</span> <span class='ocrx_word' id='word_1_514' title='bbox 1577 1635 1730 1667; x_wconf 83' lang='lat' dir='ltr'>dioecesis,</span> <span class='ocrx_word' id='word_1_515' title='bbox 1750 1636 1884 1662; x_wconf 85' lang='lat' dir='ltr'>concedit</span> <span class='ocrx_word' id='word_1_516' title='bbox 1898 1639 1930 1663; x_wconf 89' lang='lat' dir='ltr'>ut</span> <span class='ocrx_word' id='word_1_517' title='bbox 1947 1636 2117 1663; x_wconf 84' lang='lat' dir='ltr'>hominibus</span> <span class='ocrx_word' id='word_1_518' title='bbox 2132 1637 2261 1671; x_wconf 75' lang='lat' dir='ltr'>ipsorum</span> 
     </span>
     <span class='ocr_line' id='line_1_71' title="bbox 1255 1684 2261 1719; baseline 0.002 -8"><span class='ocrx_word' id='word_1_519' title='bbox 1255 1685 1291 1711; x_wconf 87' lang='lat' dir='ltr'>de</span> <span class='ocrx_word' id='word_1_520' title='bbox 1312 1685 1515 1718; x_wconf 71' lang='lat' dir='ltr'>Flavigniaco,</span> <span class='ocrx_word' id='word_1_521' title='bbox 1537 1684 1649 1719; x_wconf 86' lang='lat' dir='ltr'>paratis</span> <span class='ocrx_word' id='word_1_522' title='bbox 1668 1693 1718 1719; x_wconf 87' lang='lat' dir='ltr'>pro</span> <span class='ocrx_word' id='word_1_523' title='bbox 1738 1685 1884 1711; x_wconf 82' lang='lat' dir='ltr'>solutione</span> <span class='ocrx_word' id='word_1_524' title='bbox 1905 1685 2070 1712; x_wconf 85' lang='lat' dir='ltr'>debitorum</span> <span class='ocrx_word' id='word_1_525' title='bbox 2091 1687 2261 1713; x_wconf 79' lang='lat' dir='ltr'>monasterii</span> 
     </span>
     <span class='ocr_line' id='line_1_72' title="bbox 1256 1733 2263 1768; baseline -0.001 -8"><span class='ocrx_word' id='word_1_526' title='bbox 1256 1733 1452 1764; x_wconf 81' lang='lat' dir='ltr'>contribuere,</span> <span class='ocrx_word' id='word_1_527' title='bbox 1470 1733 1618 1766; x_wconf 86' lang='lat' dir='ltr'>quandam</span> <span class='ocrx_word' id='word_1_528' title='bbox 1632 1733 1819 1764; x_wconf 74' lang='lat' dir='ltr'>servitutem,</span> <span class='ocrx_word' id='word_1_529' title='bbox 1837 1742 1910 1767; x_wconf 85' lang='lat' dir='ltr'>quae</span> <span class='ocrx_word' id='word_1_530' title='bbox 1930 1741 2029 1758; x_wconf 71' lang='lat' dir='ltr'>manus</span> <span class='ocrx_word' id='word_1_531' title='bbox 2042 1737 2150 1759; x_wconf 80' lang='lat' dir='ltr'>mortua</span> <span class='ocrx_word' id='word_1_532' title='bbox 2162 1736 2263 1768; x_wconf 79' lang='lat' dir='ltr'>vulga·</span> 
     </span>
     <span class='ocr_line' id='line_1_73' title="bbox 1255 1781 2262 1815; baseline 0.001 -7"><span class='ocrx_word' id='word_1_533' title='bbox 1255 1782 1327 1808; x_wconf 89' lang='lat' dir='ltr'>riter</span> <span class='ocrx_word' id='word_1_534' title='bbox 1342 1781 1579 1815; x_wconf 85' lang='lat' dir='ltr'>nuncupabatur,</span> <span class='ocrx_word' id='word_1_535' title='bbox 1597 1781 1762 1808; x_wconf 86' lang='lat' dir='ltr'>remittant.</span> <span class='ocrx_word' id='word_1_536' title='bbox 1777 1796 1808 1799; x_wconf 80' lang='lat'>—</span> <span class='ocrx_word' id='word_1_537' title='bbox 1820 1782 1907 1812; x_wconf 67' lang='lat' dir='ltr'><strong>(Hm.</strong></span> <span class='ocrx_word' id='word_1_538' title='bbox 1920 1781 1965 1814; x_wconf 72' lang='lat'>20,</span> <span class='ocrx_word' id='word_1_539' title='bbox 1978 1783 1997 1808; x_wconf 82' lang='lat' dir='ltr'>f.</span> <span class='ocrx_word' id='word_1_540' title='bbox 2009 1782 2039 1808; x_wconf 85' lang='lat'>81</span> <span class='ocrx_word' id='word_1_541' title='bbox 2054 1786 2177 1814; x_wconf 80' lang='lat' dir='ltr'>v&#39;&#39;;an1].</span> <span class='ocrx_word' id='word_1_542' title='bbox 2193 1783 2262 1815; x_wconf 82' lang='lat' dir='ltr'>XV,</span> 
     </span>
     <span class='ocr_line' id='line_1_74' title="bbox 1255 1829 1690 1862; baseline -0.002 -5"><span class='ocrx_word' id='word_1_543' title='bbox 1255 1839 1280 1857; x_wconf 94' lang='lat' dir='ltr'>c.</span> <span class='ocrx_word' id='word_1_544' title='bbox 1297 1830 1345 1862; x_wconf 73' lang='lat'>76;</span> <span class='ocrx_word' id='word_1_545' title='bbox 1368 1844 1399 1848; x_wconf 91' lang='lat'>—</span> <span class='ocrx_word' id='word_1_546' title='bbox 1417 1830 1600 1856; x_wconf 65' lang='lat' dir='ltr'>Ronannauu</span> <span class='ocrx_word' id='word_1_547' title='bbox 1615 1829 1690 1859; x_wconf 79' lang='lat'><strong>819.)</strong></span> 
     </span>
    </p>
   </div>
   <div class='ocr_carea' id='block_1_11' title="bbox 1255 1931 2262 2018">
    <p class='ocr_par' dir='ltr' id='par_1_11' title="bbox 1255 1931 2262 2018">
     <span class='ocr_line' id='line_1_75' title="bbox 1297 1931 2262 1970; baseline 0.003 -13"><span class='ocrx_word' id='word_1_548' title='bbox 1297 1944 1310 1957; x_wconf 85' lang='lat'>«</span> <span class='ocrx_word' id='word_1_549' title='bbox 1344 1954 1363 1960; x_wconf 87' lang='lat'>..</span> <span class='ocrx_word' id='word_1_550' title='bbox 1388 1931 1489 1960; x_wconf 77' lang='lat' dir='ltr'>abbati</span> <span class='ocrx_word' id='word_1_551' title='bbox 1513 1936 1539 1959; x_wconf 82' lang='lat' dir='ltr'>et</span> <span class='ocrx_word' id='word_1_552' title='bbox 1569 1932 1731 1960; x_wconf 71' lang='lat' dir='ltr'>couventui</span> <span class='ocrx_word' id='word_1_553' title='bbox 1756 1931 2113 1970; x_wconf 66' lang='lat' dir='ltr'>Floriqniacen[sibus]¹,</span> <span class='ocrx_word' id='word_1_554' title='bbox 2142 1933 2262 1961; x_wconf 78' lang='lat' dir='ltr'>ordinis</span> 
     </span>
     <span class='ocr_line' id='line_1_76' title="bbox 1255 1984 2261 2018; baseline 0.001 -5"><span class='ocrx_word' id='word_1_555' title='bbox 1255 1985 1355 2013; x_wconf 74' lang='lat' dir='ltr'>sancti</span> <span class='ocrx_word' id='word_1_556' title='bbox 1380 1984 1547 2015; x_wconf 71' lang='lat' dir='ltr'>Benedicti,</span> <span class='ocrx_word' id='word_1_557' title='bbox 1574 1984 1723 2012; x_wconf 74' lang='lat' dir='ltr'>Ecluensis</span> <span class='ocrx_word' id='word_1_558' title='bbox 1748 1984 1887 2012; x_wconf 77' lang='lat' dir='ltr'>diocesis.</span> <span class='ocrx_word' id='word_1_559' title='bbox 1916 1984 2119 2013; x_wconf 81' lang='lat' dir='ltr'>Monasterio</span> <span class='ocrx_word' id='word_1_560' title='bbox 2140 1988 2261 2018; x_wconf 81' lang='lat' dir='ltr'>vestro,</span> 
     </span>
    </p>
   </div>
   <div class='ocr_carea' id='block_1_12' title="bbox 1257 2036 2265 2288">
    <p class='ocr_par' dir='ltr' id='par_1_12' title="bbox 1257 2036 2265 2288">
     <span class='ocr_line' id='line_1_77' title="bbox 1257 2036 2265 2075; baseline 0.001 -10"><span class='ocrx_word' id='word_1_561' title='bbox 1257 2037 1343 2075; x_wconf 80' lang='lat' dir='ltr'>quod</span> <span class='ocrx_word' id='word_1_562' title='bbox 1358 2053 1406 2064; x_wconf 85' lang='lat'>—-.</span> <span class='ocrx_word' id='word_1_563' title='bbox 1431 2037 1504 2065; x_wconf 85' lang='lat' dir='ltr'>Dat.</span> <span class='ocrx_word' id='word_1_564' title='bbox 1524 2036 1691 2070; x_wconf 83' lang='lat' dir='ltr'>Laterani,</span> <span class='ocrx_word' id='word_1_565' title='bbox 1710 2037 1756 2066; x_wconf 71' lang='lat' dir='ltr'>VI</span> <span class='ocrx_word' id='word_1_566' title='bbox 1772 2036 1848 2065; x_wconf 87' lang='lat' dir='ltr'>idus</span> <span class='ocrx_word' id='word_1_567' title='bbox 1864 2036 1964 2074; x_wconf 86' lang='lat' dir='ltr'>junii,</span> <span class='ocrx_word' id='word_1_568' title='bbox 1984 2045 2071 2066; x_wconf 91' lang='lat' dir='ltr'>anno</span> <span class='ocrx_word' id='word_1_569' title='bbox 2089 2036 2265 2074; x_wconf 79' lang='lat' dir='ltr'>quintode-</span> 
     </span>
     <span class='ocr_line' id='line_1_78' title="bbox 1257 2090 1388 2119; baseline 0.008 -1"><span class='ocrx_word' id='word_1_570' title='bbox 1257 2090 1354 2119; x_wconf 84' lang='lat' dir='ltr'>cimo.</span> <span class='ocrx_word' id='word_1_571' title='bbox 1375 2102 1388 2115; x_wconf 84' lang='lat'>»</span> 
     </span>
     <span class='ocr_line' id='line_1_79' title="bbox 1329 2254 2194 2288; baseline -0.003 -5"><span class='ocrx_word' id='word_1_572' title='bbox 1329 2256 1451 2284; x_wconf 73' lang='grc'><strong>6055</strong></span> <span class='ocrx_word' id='word_1_573' title='bbox 1851 2256 1971 2287; x_wconf 87' lang='lat' dir='ltr'>Latran,</span> <span class='ocrx_word' id='word_1_574' title='bbox 1989 2255 2022 2281; x_wconf 69' lang='lat'>17</span> <span class='ocrx_word' id='word_1_575' title='bbox 2035 2255 2099 2288; x_wconf 88' lang='lat' dir='ltr'>juin</span> <span class='ocrx_word' id='word_1_576' title='bbox 2117 2254 2194 2281; x_wconf 69' lang='lat'>1241.</span> 
     </span>
    </p>
   </div>
   <div class='ocr_carea' id='block_1_13' title="bbox 1258 2316 2270 2593">
    <p class='ocr_par' dir='ltr' id='par_1_13' title="bbox 1258 2316 2270 2593">
     <span class='ocr_line' id='line_1_80' title="bbox 1295 2316 2267 2353; baseline -0.003 -8"><span class='ocrx_word' id='word_1_577' title='bbox 1295 2320 1341 2351; x_wconf 88' lang='lat' dir='ltr'>B.,</span> <span class='ocrx_word' id='word_1_578' title='bbox 1364 2318 1529 2353; x_wconf 80' lang='lat' dir='ltr'>praeposito</span> <span class='ocrx_word' id='word_1_579' title='bbox 1544 2318 1685 2344; x_wconf 80' lang='lat' dir='ltr'>ecelesiae</span> <span class='ocrx_word' id='word_1_580' title='bbox 1699 2317 1839 2344; x_wconf 81' lang='lat' dir='ltr'>Albensis</span> <span class='ocrx_word' id='word_1_581' title='bbox 1859 2319 1903 2349; x_wconf 74' lang='lat' dir='ltr'>(z</span> <span class='ocrx_word' id='word_1_582' title='bbox 1921 2318 1956 2343; x_wconf 87' lang='lat' dir='ltr'>de</span> <span class='ocrx_word' id='word_1_583' title='bbox 1974 2316 2267 2350; x_wconf 69' lang='lat' dir='ltr'>Stulilweissenburg</span> 
     </span>
     <span class='ocr_line' id='line_1_81' title="bbox 1258 2366 2268 2400; baseline -0.002 -7"><span class='ocrx_word' id='word_1_584' title='bbox 1258 2376 1307 2393; x_wconf 85' lang='lat' dir='ltr'>seu</span> <span class='ocrx_word' id='word_1_585' title='bbox 1334 2367 1622 2399; x_wconf 75' lang='lat' dir='ltr'>Szekes-Fejervar),</span> <span class='ocrx_word' id='word_1_586' title='bbox 1645 2366 1879 2400; x_wconf 69' lang='lat' dir='ltr'>Vesprimicnsis</span> <span class='ocrx_word' id='word_1_587' title='bbox 1901 2366 2053 2397; x_wconf 76' lang='lat' dir='ltr'>dioecesis,</span> <span class='ocrx_word' id='word_1_588' title='bbox 2075 2366 2209 2398; x_wconf 74' lang='lat' dir='ltr'>indulget</span> <span class='ocrx_word' id='word_1_589' title='bbox 2233 2374 2268 2391; x_wconf 91' lang='lat' dir='ltr'>ne</span> 
     </span>
     <span class='ocr_line' id='line_1_82' title="bbox 1259 2414 2267 2449; baseline -0.002 -8"><span class='ocrx_word' id='word_1_590' title='bbox 1259 2424 1345 2449; x_wconf 90' lang='lat' dir='ltr'>super</span> <span class='ocrx_word' id='word_1_591' title='bbox 1366 2415 1567 2449; x_wconf 80' lang='lat' dir='ltr'>praepositura</span> <span class='ocrx_word' id='word_1_592' title='bbox 1589 2415 1686 2441; x_wconf 81' lang='lat' dir='ltr'>dictae</span> <span class='ocrx_word' id='word_1_593' title='bbox 1708 2414 1848 2440; x_wconf 77' lang='lat' dir='ltr'>ecclesiae</span> <span class='ocrx_word' id='word_1_594' title='bbox 1874 2414 1994 2447; x_wconf 70' lang='lat' dir='ltr'>ejusque</span> <span class='ocrx_word' id='word_1_595' title='bbox 2018 2414 2148 2447; x_wconf 79' lang='lat' dir='ltr'>juribus,</span> <span class='ocrx_word' id='word_1_596' title='bbox 2171 2422 2267 2447; x_wconf 79' lang='lat' dir='ltr'>perse-</span> 
     </span>
     <span class='ocr_line' id='line_1_83' title="bbox 1259 2462 2270 2495; baseline -0.003 -5"><span class='ocrx_word' id='word_1_597' title='bbox 1259 2464 1377 2490; x_wconf 84' lang='lat' dir='ltr'>cutione</span> <span class='ocrx_word' id='word_1_598' title='bbox 1397 2463 1585 2489; x_wconf 78' lang='lat' dir='ltr'>Tartarurum</span> <span class='ocrx_word' id='word_1_599' title='bbox 1608 2463 1638 2488; x_wconf 93' lang='lat' dir='ltr'>in</span> <span class='ocrx_word' id='word_1_600' title='bbox 1662 2463 1814 2495; x_wconf 74' lang='lat' dir='ltr'>Hungaria</span> <span class='ocrx_word' id='word_1_601' title='bbox 1835 2462 1969 2494; x_wconf 77' lang='lat' dir='ltr'>durante,</span> <span class='ocrx_word' id='word_1_602' title='bbox 1991 2462 2166 2488; x_wconf 75' lang='lat' dir='ltr'>auctoritate</span> <span class='ocrx_word' id='word_1_603' title='bbox 2187 2470 2270 2495; x_wconf 78' lang='lat' dir='ltr'>apos-</span> 
     </span>
     <span class='ocr_line' id='line_1_84' title="bbox 1259 2510 2267 2544; baseline -0.003 -5"><span class='ocrx_word' id='word_1_604' title='bbox 1259 2512 1348 2539; x_wconf 84' lang='lat' dir='ltr'>tolica</span> <span class='ocrx_word' id='word_1_605' title='bbox 1365 2513 1411 2538; x_wconf 86' lang='lat' dir='ltr'>vel</span> <span class='ocrx_word' id='word_1_606' title='bbox 1426 2511 1576 2538; x_wconf 69' lang='lat' dir='ltr'>ordinaria</span> <span class='ocrx_word' id='word_1_607' title='bbox 1592 2511 1621 2537; x_wconf 92' lang='lat' dir='ltr'>in</span> <span class='ocrx_word' id='word_1_608' title='bbox 1639 2519 1756 2537; x_wconf 81' lang='lat' dir='ltr'>causam</span> <span class='ocrx_word' id='word_1_609' title='bbox 1775 2510 1851 2537; x_wconf 80' lang='lat' dir='ltr'>trahi</span> <span class='ocrx_word' id='word_1_610' title='bbox 1867 2511 1968 2544; x_wconf 79' lang='lat' dir='ltr'>possit.</span> <span class='ocrx_word' id='word_1_611' title='bbox 1987 2525 2018 2528; x_wconf 96' lang='lat'><strong>—</strong></span> <span class='ocrx_word' id='word_1_612' title='bbox 2032 2511 2119 2541; x_wconf 68' lang='lat' dir='ltr'><strong>(REO.</strong></span> <span class='ocrx_word' id='word_1_613' title='bbox 2136 2510 2181 2543; x_wconf 74' lang='lat'>20,</span> <span class='ocrx_word' id='word_1_614' title='bbox 2199 2511 2218 2536; x_wconf 82' lang='lat' dir='ltr'>t&#39;.</span> <span class='ocrx_word' id='word_1_615' title='bbox 2236 2510 2267 2536; x_wconf 79' lang='lat'>81</span> 
     </span>
     <span class='ocr_line' id='line_1_85' title="bbox 1259 2558 1949 2593; baseline -0.003 -6"><span class='ocrx_word' id='word_1_616' title='bbox 1259 2565 1304 2593; x_wconf 83' lang='lat' dir='ltr'>v⁰;</span> <span class='ocrx_word' id='word_1_617' title='bbox 1327 2570 1397 2587; x_wconf 91' lang='lat' dir='ltr'>ann.</span> <span class='ocrx_word' id='word_1_618' title='bbox 1415 2561 1484 2591; x_wconf 77' lang='lat' dir='ltr'>XV,</span> <span class='ocrx_word' id='word_1_619' title='bbox 1506 2570 1530 2586; x_wconf 79' lang='lat' dir='ltr'>c.</span> <span class='ocrx_word' id='word_1_620' title='bbox 1548 2561 1595 2591; x_wconf 72' lang='lat'>773</span> <span class='ocrx_word' id='word_1_621' title='bbox 1619 2574 1649 2577; x_wconf 84' lang='lat'>—</span> <span class='ocrx_word' id='word_1_622' title='bbox 1667 2560 1823 2586; x_wconf 54' lang='lat' dir='ltr'>PoTTnasT</span> <span class='ocrx_word' id='word_1_623' title='bbox 1840 2558 1949 2589; x_wconf 80' lang='lat'>11036.)</span> 
     </span>
    </p>
   </div>
   <div class='ocr_carea' id='block_1_14' title="bbox 1260 2660 2271 2805">
    <p class='ocr_par' dir='ltr' id='par_1_14' title="bbox 1260 2660 2271 2805">
     <span class='ocr_line' id='line_1_86' title="bbox 1303 2660 2268 2698; baseline -0.001 -10"><span class='ocrx_word' id='word_1_624' title='bbox 1303 2674 1314 2688; x_wconf 68' lang='lat' dir='ltr'>a</span> <span class='ocrx_word' id='word_1_625' title='bbox 1339 2663 1382 2696; x_wconf 84' lang='lat' dir='ltr'>B.‚</span> <span class='ocrx_word' id='word_1_626' title='bbox 1404 2661 1553 2698; x_wconf 77' lang='lat' dir='ltr'>preposito</span> <span class='ocrx_word' id='word_1_627' title='bbox 1576 2661 1694 2689; x_wconf 80' lang='lat' dir='ltr'>ecclesie</span> <span class='ocrx_word' id='word_1_628' title='bbox 1713 2661 1858 2691; x_wconf 71' lang='lat' dir='ltr'>Albensis,</span> <span class='ocrx_word' id='word_1_629' title='bbox 1888 2660 2116 2697; x_wconf 74' lang='lat' dir='ltr'>Vesprimz&#39;ensis</span> <span class='ocrx_word' id='word_1_630' title='bbox 2134 2660 2268 2688; x_wconf 78' lang='lat' dir='ltr'>diocesis.</span> 
     </span>
     <span class='ocr_line' id='line_1_87' title="bbox 1261 2711 2271 2751; baseline -0.003 -8"><span class='ocrx_word' id='word_1_631' title='bbox 1261 2715 1353 2749; x_wconf 87' lang='lat' dir='ltr'>Cum,</span> <span class='ocrx_word' id='word_1_632' title='bbox 1374 2713 1516 2751; x_wconf 84' lang='lat' dir='ltr'>peccatis</span> <span class='ocrx_word' id='word_1_633' title='bbox 1535 2712 1745 2750; x_wconf 76' lang='lat' dir='ltr'>exigentibus</span> <span class='ocrx_word' id='word_1_634' title='bbox 1770 2729 1819 2740; x_wconf 79' lang='lat'>—.</span> <span class='ocrx_word' id='word_1_635' title='bbox 1845 2713 1917 2741; x_wconf 82' lang='lat' dir='ltr'>Dat.</span> <span class='ocrx_word' id='word_1_636' title='bbox 1946 2711 2112 2747; x_wconf 85' lang='lat' dir='ltr'>Laterani,</span> <span class='ocrx_word' id='word_1_637' title='bbox 2132 2712 2191 2741; x_wconf 76' lang='lat' dir='ltr'>XV</span> <span class='ocrx_word' id='word_1_638' title='bbox 2212 2711 2271 2740; x_wconf 84' lang='lat' dir='ltr'>ka-</span> 
     </span>
     <span class='ocr_line' id='line_1_88' title="bbox 1260 2764 1891 2805; baseline -0.006 -9"><span class='ocrx_word' id='word_1_639' title='bbox 1260 2767 1375 2797; x_wconf 86' lang='lat' dir='ltr'>lendas</span> <span class='ocrx_word' id='word_1_640' title='bbox 1389 2765 1475 2805; x_wconf 83' lang='lat' dir='ltr'>julii,</span> <span class='ocrx_word' id='word_1_641' title='bbox 1497 2774 1583 2794; x_wconf 85' lang='lat' dir='ltr'>anno</span> <span class='ocrx_word' id='word_1_642' title='bbox 1600 2764 1858 2803; x_wconf 85' lang='lat' dir='ltr'>quintodecimo.</span> <span class='ocrx_word' id='word_1_643' title='bbox 1879 2777 1891 2790; x_wconf 85' lang='lat'>»</span> 
     </span>
    </p>
   </div>
   <div class='ocr_carea' id='block_1_15' title="bbox 1263 2880 2303 3002">
    <p class='ocr_par' dir='ltr' id='par_1_15' title="bbox 1263 2880 2303 3002">
     <span class='ocr_line' id='line_1_89' title="bbox 1296 2880 2303 2913; baseline -0.004 -5"><span class='ocrx_word' id='word_1_644' title='bbox 1296 2885 1315 2909; x_wconf 89' lang='lat' dir='ltr'>l.</span> <span class='ocrx_word' id='word_1_645' title='bbox 1335 2885 1390 2911; x_wconf 85' lang='lat' dir='ltr'>Sic,</span> <span class='ocrx_word' id='word_1_646' title='bbox 1409 2883 1607 2906; x_wconf 84' lang='lat' dir='ltr'>certainement</span> <span class='ocrx_word' id='word_1_647' title='bbox 1623 2890 1693 2913; x_wconf 93' lang='lat' dir='ltr'>pour</span> <span class='ocrx_word' id='word_1_648' title='bbox 1709 2884 1936 2912; x_wconf 73' lang='lat' dir='ltr'>Flaviqniacen.;</span> <span class='ocrx_word' id='word_1_649' title='bbox 1951 2890 1985 2906; x_wconf 91' lang='lat' dir='ltr'>on</span> <span class='ocrx_word' id='word_1_650' title='bbox 2002 2883 2032 2906; x_wconf 88' lang='lat' dir='ltr'>lit</span> <span class='ocrx_word' id='word_1_651' title='bbox 2046 2883 2198 2913; x_wconf 75' lang='lat' dir='ltr'>egalement</span> <span class='ocrx_word' id='word_1_652' title='bbox 2212 2884 2274 2905; x_wconf 82' lang='lat' dir='ltr'>Flo·</span> <span class='ocrx_word' id='word_1_653' title='bbox 2295 2880 2303 2886; x_wconf 84' lang='lat'><strong>&#39;</strong></span> 
     </span>
     <span class='ocr_line' id='line_1_90' title="bbox 1263 2925 2274 2957; baseline -0.002 -7"><span class='ocrx_word' id='word_1_654' title='bbox 1263 2929 1421 2957; x_wconf 72' lang='lat' dir='ltr'>riquiacen.</span> <span class='ocrx_word' id='word_1_655' title='bbox 1440 2927 1508 2950; x_wconf 84' lang='lat' dir='ltr'>dans</span> <span class='ocrx_word' id='word_1_656' title='bbox 1524 2927 1549 2950; x_wconf 89' lang='lat' dir='ltr'>la</span> <span class='ocrx_word' id='word_1_657' title='bbox 1565 2928 1638 2950; x_wconf 73' lang='lat' dir='ltr'>table</span> <span class='ocrx_word' id='word_1_658' title='bbox 1653 2927 1701 2950; x_wconf 86' lang='lat' dir='ltr'>des</span> <span class='ocrx_word' id='word_1_659' title='bbox 1716 2928 1849 2955; x_wconf 75' lang='lat' dir='ltr'>capitula.</span> <span class='ocrx_word' id='word_1_660' title='bbox 1871 2927 1944 2950; x_wconf 85' lang='lat' dir='ltr'>Dans</span> <span class='ocrx_word' id='word_1_661' title='bbox 1960 2927 1984 2950; x_wconf 89' lang='lat' dir='ltr'>le</span> <span class='ocrx_word' id='word_1_662' title='bbox 2001 2934 2082 2957; x_wconf 80' lang='lat' dir='ltr'>corps</span> <span class='ocrx_word' id='word_1_663' title='bbox 2098 2927 2132 2949; x_wconf 86' lang='lat' dir='ltr'>du</span> <span class='ocrx_word' id='word_1_664' title='bbox 2148 2929 2231 2953; x_wconf 76' lang='lat' dir='ltr'>texte,</span> <span class='ocrx_word' id='word_1_665' title='bbox 2248 2925 2274 2949; x_wconf 81' lang='lat' dir='ltr'>le</span> 
     </span>
     <span class='ocr_line' id='line_1_91' title="bbox 1263 2972 2148 3002; baseline -0.001 -7"><span class='ocrx_word' id='word_1_666' title='bbox 1263 2973 1413 2996; x_wconf 85' lang='lat' dir='ltr'>manuscrit</span> <span class='ocrx_word' id='word_1_667' title='bbox 1434 2975 1511 3002; x_wconf 84' lang='lat' dir='ltr'>porte</span> <span class='ocrx_word' id='word_1_668' title='bbox 1528 2972 1592 2995; x_wconf 80' lang='lat' dir='ltr'>bien</span> <span class='ocrx_word' id='word_1_669' title='bbox 1609 2973 1774 2995; x_wconf 72' lang='lat' dir='ltr'>hominibus</span> <span class='ocrx_word' id='word_1_670' title='bbox 1791 2973 1891 2995; x_wconf 79' lang='lat' dir='ltr'>vestris</span> <span class='ocrx_word' id='word_1_671' title='bbox 1908 2973 1941 2995; x_wconf 79' lang='lat' dir='ltr'>de</span> <span class='ocrx_word' id='word_1_672' title='bbox 1956 2973 2148 3001; x_wconf 71' lang='lat' dir='ltr'>Flauiqniaco.</span> 
     </span>
    </p>
   </div>
  </div>
 </body>
</html>
