2553 3526
247 289 304 319 935
971 279 1210 313 REGISTRES
1233 277 1288 307 DE
1311 269 1532 307 GREGOIRE
1558 278 1615 307 [x.
2284 278 2342 308 235

245 354 471 395 jurisdictioni
500 352 667 391 spirituali
692 360 728 381 ac
756 350 927 389 temporali
955 358 1053 388 quam
1080 347 1114 376 in
1140 345 1253 376 eadem

250 408 327 438 villa
344 408 481 439 obtinet,
500 406 678 444 plurimum
696 404 893 439 derogando,
913 398 1254 439 coegerunthomines

249 462 424 491 comitatus
447 459 593 498 ejusdem
610 459 644 487 in
667 466 727 486 sua
752 457 843 485 curia
864 455 1072 493 respondere,
1095 457 1126 482 et
1148 451 1254 490 ipsius

246 515 322 553 jura
342 513 494 551 nequiter
517 515 734 548 usurparunt,
759 509 841 538 alias
859 517 933 537 eum
950 512 981 536 et
1002 506 1154 535 homines
1178 512 1254 534 suos

250 576 348 605 super
372 564 639 604 possessionibus
661 567 692 592 et
713 562 811 591 rebus
831 561 907 590 aliis
931 559 1160 597 multipliciter
1185 565 1255 586 mo-

248 621 418 650 lestantes
438 620 602 650 Preterea,
622 625 695 645 cum
713 616 799 645 idem
817 614 989 652 episcopus
1007 610 1161 642 electioni
1178 618 1256 639 con-

250 673 359 704 sulum
390 672 465 701 ville
492 671 616 708 prefate
650 669 766 698 debeat
796 677 832 697 ex
859 667 996 705 antiqua
1022 669 1052 694 et
1079 663 1257 702 approbata

251 725 489 756 consuetudine
510 724 685 756 interesse,
707 721 786 751 dicti
807 720 909 750 balivi
932 723 962 749 et
983 727 1096 748 eorum
1119 715 1256 754 compli-

251 788 315 810 ces,
333 787 369 807 eo
386 781 582 814 contempto,
601 775 658 814 qui
675 774 843 804 commode
862 772 988 811 requiri
1012 773 1148 809 poterat,
1171 773 1201 798 et
1217 768 1255 798 de

251 830 490 861 consuetudine
507 829 644 866 antiqua
663 832 693 857 et
718 826 895 864 approbata
918 824 1068 859 debebat,
1094 827 1125 852 et
1147 825 1257 859 spreta

250 883 453 914 inhibitione
479 905 498 910 ..
526 881 644 911 Sorani
670 880 826 918 episcopi,
856 883 931 907 tunc
957 877 991 905 111
1018 875 1166 914 partibus
1188 873 1257 902 illis

251 936 437 975 Apostolice
457 935 551 965 Sedis
568 934 679 971 legati,
698 933 755 971 qui
772 931 960 970 generalem
977 929 1053 959 tulit
1069 929 1102 957 in
1115 927 1189 957 illos
1207 936 1257 957 ex-

252 988 562 1020 communicationis
583 987 794 1019 sententiam,
813 985 869 1023 qui
888 984 1013 1022 prefato
1031 980 1259 1019 Magalonensi

252 1044 404 1082 episcopo
430 1051 464 1071 se
490 1045 693 1079 opponerent
718 1039 751 1068 in
777 1039 838 1067 hac
866 1041 968 1076 parte,
996 1035 1036 1065 ad
1063 1034 1259 1064 electionem

251 1096 425 1127 consulum
448 1097 688 1133 processerunt,
711 1092 934 1131 prohibentes,
958 1089 1019 1119 sub
1041 1097 1126 1126 pena
1146 1095 1260 1124 corpo-

252 1159 325 1179 rum
343 1154 441 1187 atque
461 1157 580 1177 rerum.
609 1156 648 1176 ne
668 1146 743 1184 quis
763 1154 836 1175 eum
858 1144 897 1173 ad
922 1142 1117 1172 electionem
1141 1140 1258 1177 hujus-

252 1203 340 1232 modi
358 1202 518 1239 reciperet
534 1200 583 1229 vel
601 1203 746 1233 vocaret3
763 1202 804 1232 et,
824 1197 863 1226 ad
880 1195 1049 1226 cumulum
1066 1193 1189 1232 injurie
1207 1202 1259 1230 po-

253 1256 365 1285 tioris.
396 1256 434 1284 R.
467 1253 646 1283 Lamberti,
679 1251 895 1281 manifestum
931 1248 1105 1277 inimicum
1140 1246 1258 1284 ipsius,

253 1308 386 1338 vinculo
398 1305 749 1337 excommunicationis
759 1303 943 1336 astrictum,
962 1306 992 1331 et
1004 1300 1164 1339 quosdam
1178 1298 1260 1328 alios

253 1361 381 1390 intrudi
407 1360 446 1389 ad
477 1358 668 1388 ‹·0nsulatus
691 1356 835 1386 officium
865 1357 1094 1393 procurarunt.
1126 1353 1262 1390 Propter

254 1414 351 1452 quod,
370 1417 400 1442 et
421 1412 484 1441 alia
509 1411 612 1440 multa
633 1409 836 1447 gravamina,
860 1408 894 1437 in
913 1407 1040 1436 balivos
1057 1411 1088 1435 et
1103 1404 1261 1435 officiales

254 1467 355 1504 ipsos,
373 1470 404 1495 et
418 1464 570 1494 consules
589 1463 636 1493 sic
657 1463 816 1496 intrusos,
837 1459 1047 1490 consiliarios
1063 1463 1094 1488 et
1116 1458 1262 1487 fautores

255 1529 380 1553 eorum,
399 1527 458 1548 nec
476 1527 540 1547 non
557 1521 587 1547 et
606 1517 641 1546 in
658 1515 942 1546 communicantes
959 1513 1035 1547 sibi,
1054 1511 1191 1550 protulit
1207 1520 1262 1541 ex-

255 1571 567 1603 communicationis
589 1569 801 1600 sententiam.
827 1572 857 1597 et
878 1566 991 1596 villam
1013 1565 1162 1597 eandem,
1184 1564 1263 1602 quia

256 1627 327 1665 ejus
355 1625 557 1655 universitas
583 1623 714 1653 favebat
738 1621 875 1656 talibus,
905 1619 1081 1649 interdicto
1110 1617 1259 1656 subjecit.

257 1679 320 1709 Sed
346 1678 421 1716 ipsi,
454 1677 549 1716 quasi
579 1677 741 1706 fermento
768 1674 913 1704 heretice
938 1672 1110 1711 pravitatis
1133 1671 1261 1705 infecti,

256 1732 364 1762 claves
389 1731 537 1761 Ecclesie
562 1728 819 1767 dampnabiliter
841 1727 1133 1763 condempnantes,
1153 1729 1263 1762 utpote

257 1785 324 1824 qui,
350 1784 617 1813 maledictionem
638 1782 790 1811 bibentes
810 1784 844 1809 ut
861 1788 991 1818 aquam,
1009 1779 1064 1807 diu
1082 1778 1115 1806 in
1136 1786 1264 1807 excom-

256 1837 480 1867 rnunicatione
503 1834 694 1874 hujusmodi
717 1833 944 1872 perstiterunt,
967 1840 1103 1869 corpora
1119 1835 1265 1860 mortuo-

257 1900 329 1920 rum
348 1891 382 1919 in
406 1889 593 1919 cemeteriis
620 1886 857 1918 ecclesiasticis
874 1884 1093 1918 tumularunt,
1112 1883 1264 1912 faciendo

257 1944 295 1973 ad
313 1944 410 1972 horas
428 1942 604 1971 canonicas
622 1939 775 1970 horribili
795 1938 979 1968 temeritate
995 1936 1119 1975 pulsari
1134 1945 1265 1973 campa-

257 2006 328 2031 nas,
346 1996 380 2025 in
396 1995 475 2025 cleri
492 1993 704 2032 opprobrium
721 1996 752 2021 et
771 1995 1006 2028 contemptum,
1027 1994 1058 2019 et
1072 1988 1264 2018 scandalum

257 2049 409 2079 aliorum.
428 2049 563 2081 Verum,
583 2046 662 2084 quia
678 2046 825 2075 Soranus
844 2044 925 2081 ipse,
947 2043 1039 2080 prius
1056 2051 1154 2080 quam
1172 2050 1265 2079 egre-

257 2102 390 2131 deretur
414 2099 591 2137 legationis
620 2107 677 2127 sue
706 2099 800 2131 lines,
826 2096 1042 2125 interdictum
1074 2099 1104 2123 et
1134 2094 1266 2123 easdem

258 2154 452 2184 sententias.
476 2152 639 2191 juratoria
663 2149 888 2180 tantummodo
910 2153 941 2178 et
960 2147 1170 2187 fidejussoria
1188 2156 1266 2177 cau-

258 2209 347 2238 tione
371 2212 511 2245 recepta,
538 2205 629 2235 nulla
652 2209 763 2234 tamen
787 2203 939 2241 episcopo
959 2206 989 2231 et
1008 2201 1147 2231 ecclesie
1168 2200 1267 2230 satis-

258 2261 402 2291 factione
433 2269 489 2297 pro
520 2257 709 2287 manifestis
738 2256 876 2286 offensis
904 2254 1062 2288 exhibita,
1094 2253 1265 2288 relaxavit,

258 2323 359 2353 quare
384 2313 522 2351 predicti
542 2312 579 2341 de
598 2315 643 2341 tot
660 2309 851 2340 excessibus
871 2308 1056 2346 gloriantur
1078 2306 1218 2335 nimium
1236 2310 1267 2336 et

257 2367 434 2401 insultant,
456 2365 551 2394 nobis
569 2364 631 2393 fuit
650 2372 687 2393 ex
707 2367 797 2401 parte
816 2361 922 2400 ipsius
940 2359 1186 2398 Magalonensis
1204 2359 1267 2388 hu-

258 2420 382 2450 militer
399 2418 620 2457 supplicatum
632 2421 667 2446 ut
682 2415 860 2454 superbiis
872 2413 1089 2452 apostolicum
1104 2421 1267 2450 apponere

258 2473 440 2503 remedium
456 2479 659 2501 curaremus.
677 2469 835 2499 Volentes
856 2468 958 2505 igitur
974 2470 1220 2505 presumptores
1237 2469 1268 2495 et

258 2530 499 2563 contemptores
516 2524 646 2553 eosdem
663 2527 754 2551 tanto
768 2521 883 2550 durius
896 2519 1156 2550 ecclesiasticam
1171 2527 1268 2556 expe-

257 2580 318 2608 riri
334 2587 520 2612 censuram,
540 2581 663 2615 quanto
687 2575 955 2613 Magalonensem
980 2572 1153 2603 ecclesiam
1170 2581 1268 2601 vexa-

258 2637 377 2662 verunt
393 2631 636 2665 vehementius,
655 2634 686 2659 et
703 2628 810 2658 adhuc
827 2635 1036 2657 successores
1053 2634 1166 2655 eorum
1185 2625 1268 2654 affli-

259 2690 350 2723 gunt,
372 2684 566 2713 mandamus
588 2687 763 2721 quatenus,
784 2681 812 2710 si
832 2681 953 2714 051110,
974 2683 1005 2709 et
1022 2679 1153 2717 plenam
1170 2687 1268 2716 super

259 2738 432 2777 premissis
455 2737 718 2766 satisfactionem
738 2734 894 2773 predictis
913 2733 1065 2771 episcopo
1082 2736 1113 2761 et.
1129 2730 1268 2761 ecclesie

258 2792 347 2821 iufra
378 2799 525 2820 mensem
557 2793 629 2827 post
656 2788 874 2818 monitionem
904 2790 1048 2816 vestram
1076 2784 1268 2822 impendere

260 2854 324 2874 non
338 2848 506 2875 curarunt,
521 2846 700 2872 memorate
710 2840 787 2870 ville
801 2839 1053 2869 universitatem
1065 2837 1268 2867 subicientes

260 2897 400 2936 pristino
418 2895 605 2929 interdicto,
624 2894 763 2927 balivos,
781 2892 938 2922 officiales
955 2896 986 2921 et
1002 2891 1149 2920 intrusos
1166 2889 1266 2927 ipsos,

259 2960 296 2980 ae
312 2950 394 2979 alios
409 2950 553 2978 fautores
571 2956 683 2977 eorum
707 2951 737 2976 et
760 2945 970 2975 consiliarios
994 2944 1027 2973 in
1050 2943 1196 2982 prefatas
1213 2951 1268 2972 ex-

1337 343 1648 373 communicationis
1665 344 1848 374 sententias
1863 343 2046 379 reducatis3
2069 353 2151 382 quas
2167 344 2340 381 facientes,

1337 396 1422 425 sicut
1443 397 1687 427 rationabiliter
1705 400 1782 426 sunt
1798 396 1933 434 prolate,
1952 405 2058 434 usque
2082 397 2121 426 ad
2139 397 2342 427 satisfactio-

1338 457 1411 477 nem
1438 449 1634 487 condignam
1658 449 1899 478 inviolabiliter
1920 449 2099 481 observari,
2125 458 2179 479 eas
2199 449 2343 488 singulis

1337 501 1454 530 diebus
1481 502 1658 531 dominicis
1688 506 1719 532 et
1749 502 1888 537 festivis,
1915 501 1972 531 ubi
1998 502 2150 540 expedire
2179 502 2340 539 videritis,

1337 553 1565 592 sollempniter
1581 555 1769 593 publicetis,
1789 554 1870 584 locis
1889 555 1929 584 ad
1943 563 2006 593 que
2022 554 2101 584 dicti
2119 556 2345 585 excommuni-

1339 607 1402 635 cati
1414 607 1619 641 devenerint,
1635 607 1792 646 quamdiu
1806 607 1945 637 fecerint
1956 607 2003 636 ibi
2015 616 2151 642 moram,
2163 608 2344 646 suppositis

1338 659 1525 695 interdicto,
1545 665 1575 690 et
1590 661 1789 698 supradictis
1806 660 1998 698 corporibus
2014 660 2053 690 de
2068 660 2231 690 cimiterio
2247 660 2345 698 longe

1335 712 1481 750 Jactatis.
1499 713 1665 748 Ceterum,
1684 714 1773 752 quia,
1792 713 1877 743 510111
1896 713 2094 750 accepimus,
2112 714 2145 742 P.
2167 713 2205 742 de
2222 713 2345 744 Murles

1339 769 1370 794 et
1385 765 1442 794 alii
1457 765 1513 804 qui
1530 766 1667 803 prefatis
1684 766 1804 796 balivis
1820 770 1851 795 et
1867 765 2075 801 officialibus,
2095 770 2126 795 et
2142 766 2199 804 qui
2216 766 2345 796 noviter

1340 818 1387 847 510
1404 818 1543 848 intrusis
1560 818 1753 848 consulibus
1775 828 1840 848 non
1857 818 1962 848 50111111
1983 819 2018 848 111
2035 819 2152 853 officio,
2174 819 2231 848 sed
2247 819 2347 849 etiam

1340 871 1374 899 in
1398 870 1526 900 malitia
1551 876 1795 905 successerunt,
1822 871 2015 901 satisfacere
2039 876 2185 901 renuunt
2208 872 2246 901 de
2273 881 2346 910 pre-

1340 924 1462 959 missis,
1483 924 1679 953 mandamus
1696 928 1869 962 quatenus,
1890 924 1957 954 nisi
1974 929 2044 962 post
2058 925 2349 955 commonitionem

1341 981 1495 1011 vestram,
1514 985 1551 1006 ex
1568 986 1632 1015 quo
1649 977 1682 1006 in
1698 977 1861 1014 predictas
1877 977 2060 1007 sententias
2075 977 2273 1007 reduxeritis
2290 987 2349 1007 an-

1342 1034 1523 1060 tecessores
1540 1030 1698 1068 ipsorum,
1714 1030 1752 1060 de
1768 1029 1834 1059 hiis
1852 1030 2007 1059 omnibus
2020 1035 2242 1068 competenter
2256 1031 2350 1060 satis-

1342 1082 1482 1112 fecerint
1499 1083 1587 1112 infra
1605 1092 1764 1117 mensem,
1787 1083 1982 1112 auctoritate
2003 1087 2125 1117 nostra,
2145 1083 2274 1113 sublato
2293 1092 2350 1121 ap-

1344 1135 1533 1173 pellationis
1548 1135 1727 1171 obstaculo,
1745 1136 1907 1165 nuntietis
1924 1135 2023 1175 [illos]
2037 1136 2160 1166 eisdem
2173 1137 2351 1166 sententiis

1344 1189 1525 1227 subjacere,
1545 1198 1619 1218 cum
1636 1189 1789 1218 succedat
1806 1189 1840 1217 in
1857 1197 1968 1223 onere,
1987 1189 2044 1226 qui
2061 1189 2264 1219 successisse
2280 1198 2352 1219 nos-

1344 1241 1429 1270 citur
1446 1241 1480 1270 in
1497 1241 1633 1271 honore.
1651 1241 1744 1277 Quod
1758 1242 1867 1271 sinon
1885 1250 1999 1271 omnes
2017 1246 2078 1271 etc.
2091 1243 2164 1271 Dat.
2183 1242 2350 1277 Laterani,

1343 1294 1424 1323 VIII
1440 1293 1599 1322 kalendas
1618 1293 1708 1328 maii,
1728 1302 1815 1322 anno
1833 1293 2092 1331 quartodecimo.
2112 1306 2123 1319 »

1417 1472 1535 1500 5156
1934 1472 2054 1504 Latran,
2075 1471 2108 1498 10
2125 1472 2182 1498 mai
2201 1472 2280 1498 1240.

1380 1534 1525 1570 Episcopo
1540 1535 1745 1569 Magalonensi
1762 1535 1896 1561 concedit
1910 1538 1942 1561 ut
1958 1535 1988 1561 in
2005 1536 2220 1567 malefactores,
2238 1535 2353 1562 invaso-

1346 1593 1401 1614 res,
1418 1588 1548 1618 raptores
1564 1588 1592 1611 et
1608 1584 1824 1619 perturbatores
1841 1584 1981 1611 bonorum
1999 1585 2157 1611 comitatus
2171 1584 2309 1618 Melgorii
2326 1588 2355 1612 et

1346 1634 1459 1660 Montis
1477 1633 1630 1665 Ferrandi,
1648 1642 1734 1667 quem
1751 1633 1829 1659 idem
1847 1633 2000 1666 episcopus
2015 1632 2052 1659 ab
2070 1633 2205 1659 Ecclesia
2221 1633 2357 1660 Romana

1346 1682 1400 1709 sub
1413 1690 1510 1709 annuo
1527 1690 1615 1708 censu
1631 1682 1750 1708 tenebat
1766 1681 1796 1707 in
1814 1681 1945 1713 feudum,
1966 1689 2018 1707 nec
2035 1689 2092 1707 non
2116 1681 2146 1707 in
2168 1681 2295 1708 fautores
2312 1690 2356 1709 eo-

1348 1740 1409 1757 rum
1433 1732 1531 1757 valeat
1552 1739 1705 1757 censuram
1730 1730 1962 1756 ecelesiasticam
1989 1738 2133 1756 exercere.
2153 1744 2185 1747 —
2208 1730 2295 1761 (nso.
2309 1730 2355 1763 20,

1348 1781 1367 1806 f.
1383 1780 1398 1806 8
1411 1784 1446 1810 r“;
1464 1788 1534 1806 ann.
1548 1779 1630 1811 XIV,
1647 1788 1672 1805 e.
1689 1779 1737 1811 33;
1755 1794 1787 1797 —
1802 1779 1934 1805 MOREAU
1952 1778 2031 1810 1193,
2048 1780 2067 1805 f.
2084 1778 2133 1809 26;
2151 1793 2183 1796 —
2205 1779 2242 1805 cf.
2259 1785 2354 1811 supra,

1348 1838 1377 1855 11.
1390 1829 1469 1861 3162,
1487 1828 1566 1860 3980,
1583 1828 1662 1859 3985,
1675 1828 1839 1860 4001-4006,
1854 1828 1933 1859 4981,
1950 1827 2029 1860 4982,
2045 1827 2114 1854 4985
2130 1831 2158 1854 01
2173 1827 2266 1859 4987.)

1391 1944 1402 1956 t(
1425 1955 1442 1960 ..
1462 1932 1595 1968 episcopo
1612 1930 1832 1967 Mayalonensz'.
1857 1929 1955 1963 Cum,
1983 1929 2069 1958 sicut
2093 1933 2149 1958 tua
2169 1929 2264 1959 nobis
2289 1930 2358 1959 fra-

1349 1984 1488 2014 ternitas
1508 1983 1687 2017 intimavit,
1710 1982 1885 2012 comitatus
1907 1981 2059 2019 Melgorii
2081 1986 2111 2011 et
2135 1982 2256 2011 Montis
2278 1983 2357 2012 Fer-

1349 2037 1455 2071 randi,
1481 2045 1579 2075 quem
1608 2036 1647 2065 ab
1673 2035 1822 2065 Ecclesia
1849 2036 1999 2064 Romana
2026 2034 2087 2064 sub
2115 2043 2225 2064 annuo
2254 2043 2357 2065 censu

1351 2096 1441 2120 tenes
1464 2090 1498 2118 111
1522 2089 1670 2121 feudum,
1689 2088 1723 2117 in
1740 2088 1848 2117 medio
1865 2096 1962 2125 prave
1980 2096 2017 2116 ac
2033 2096 2186 2125 perverse
2210 2087 2356 2117 nationis

1349 2143 1479 2176 existat,
1504 2146 1535 2171 et
1561 2150 1597 2171 ex
1623 2141 1684 2170 hoc
1710 2150 1728 2170 a
1753 2140 2023 2170 malefactoribus
2047 2140 2300 2179 jurisdictiones
2325 2145 2357 2170 et

1345 2196 1422 2234 jura
1446 2204 1504 2224 nec
1528 2203 1593 2223 non
1616 2193 1845 2232 possessiones
1871 2197 2073 2231 usurpentur
2100 2197 2131 2223 et
2156 2193 2358 2231 diripiantur

1348 2249 1465 2286 ipsius,
1486 2246 1621 2276 vassalli
1643 2255 1774 2284 quoque
1793 2254 1829 2275 ac
1850 2245 2002 2275 homines
2024 2246 2095 2285 ejus
2116 2246 2284 2276 continuis
2307 2247 2357 2276 af-

1348 2300 1552 2330 flictionibus
1570 2305 1600 2329 et
1617 2299 1779 2329 molestiis
1797 2299 1975 2336 agitentur,
1994 2307 2059 2328 non
2076 2299 2200 2337 absque
2218 2300 2359 2337 Aposto-

1349 2354 1411 2383 lice
1429 2353 1523 2383 Sedis
1547 2352 1729 2391 prejudicio
1750 2356 1781 2381 et
1803 2351 1928 2390 injuria
1947 2351 2136 2386 manifesta,
2158 2361 2217 2382 nec
2234 2353 2276 2382 sit
2297 2353 2359 2382 ali-

1349 2407 1424 2447 quis
1435 2406 1492 2445 qui
1501 2414 1559 2444 pro
1571 2405 1728 2435 comitatu
1739 2405 1810 2443 ipso
1822 2404 1996 2442 superbiis
2004 2409 2118 2434 contra
2129 2405 2359 2436 malefactores

1350 2459 1540 2499 hujusmodi
1563 2457 1770 2488 defensionis
1796 2457 1939 2495 clipeum
1965 2466 1999 2487 se
2026 2462 2182 2495 opponat,
2206 2462 2237 2487 et
2260 2467 2359 2496 grave

1351 2514 1411 2543 tibi
1442 2513 1485 2542 sit
1512 2512 1613 2541 nimis
1638 2520 1674 2541 ac
1702 2510 1952 2549 dispendiosum
1979 2515 2112 2548 propter
2141 2510 2203 2540 hoc
2229 2521 2360 2550 semper

1351 2565 1574 2605 Apostolicam
1591 2564 1709 2595 Sedem
1728 2564 1831 2598 adire,
1856 2568 1925 2593 tum
1946 2567 2078 2601 propter
2097 2564 2259 2594 malitiam
2277 2569 2359 2595 tem-

1350 2620 1439 2659 poris
1457 2628 1544 2648 nunc
1560 2617 1731 2652 instantis,
1750 2622 1819 2647 tum
1839 2617 1939 2646 etiam
1959 2621 2090 2655 propter
2109 2617 2192 2647 alios
2211 2618 2360 2648 diversos

1351 2677 1509 2703 eventus:
1529 2680 1599 2706 nos,
1616 2670 1852 2709 indempnitati
1868 2670 2043 2699 comitatus
2059 2670 2198 2708 predicti
2212 2670 2360 2702 volentes

1351 2730 1488 2764 paterna
1504 2723 1730 2754 sollicitudine
1748 2731 1935 2761 precavere,
1955 2723 2163 2761 presentium
2178 2723 2237 2753 tibi
2251 2729 2360 2754 aucto-

1351 2779 1448 2808 ritate
1471 2777 1683 2807 concedimus
1707 2780 1742 2806 ut
1760 2776 1794 2805 in
1814 2775 2056 2811 malefactores,
2079 2775 2262 2812 invasores,
2283 2787 2360 2816 rap-

1350 2837 1437 2862 tores
1452 2836 1483 2861 et
1500 2829 1745 2868 perturbatores
1761 2828 1923 2858 bonorum
1938 2828 2057 2866 ipsius,
2076 2837 2112 2858 ac
2124 2833 2358 2868 receptatores,

1351 2886 1498 2914 fautores
1521 2887 1552 2913 et
1573 2882 1780 2920 coadjutores
1803 2889 1933 2917 eorum,
1962 2881 2006 2916 si,
2032 2889 2050 2910 a
2070 2885 2101 2910 te
2124 2881 2253 2917 moniti,
2281 2891 2360 2912 con-

1351 2941 1557 2976 tempserunt
1571 2936 1764 2966 satisfacere
1780 2935 1819 2964 de
1831 2934 1984 2972 dampnis
1996 2938 2027 2964 et
2038 2934 2173 2973 injuriis
2190 2934 2359 2973 irrogatis,
