2553 3526
129 291 184 322 197
768 306 774 312 -
973 282 1207 322 ΤΒΕΙΖιΕΜΕ
1231 285 1389 320 ANNEE.
2172 301 2223 329 193

128 361 203 391 tum,
227 359 396 393 episcopum
423 359 615 393 Agrienscm,
646 360 844 394 spectantium
875 368 932 385 non
959 357 1140 385 excedebant

127 410 155 433 et
171 407 207 434 ab
231 408 330 434 eodem
355 408 490 442 episcopo
511 416 562 442 pro
583 408 713 442 ipsorum
743 408 957 434 sustentatione
987 414 1140 433 concessae

125 444 221 497 erant,
249 457 414 483 eonfirniat
434 471 467 474 -
492 457 579 486 (1320.
604 456 647 488 19,
676 457 695 482 f.
723 456 773 482 152
799 454 871 490 [146]
896 459 938 487 v⁰;
962 464 1032 481 ann.
1056 454 1138 485 1<IIL

126 512 152 539 c.
172 504 238 537 244;
263 520 295 523 —
316 505 473 532 Formas-r
490 505 599 536 10852.)

170 617 183 632 «
212 628 230 634 ..
258 606 358 635 abbati
380 611 406 635 et
429 608 594 636 conventui
617 608 724 636 Trium
748 607 903 637 Fontium,
934 606 1141 635 cisterciensis

127 659 259 693 ordinis,
278 659 436 696 Ayriensis
454 660 590 688 diocesis.
615 659 698 689 Cum
722 668 739 688 a
760 658 855 688 nobis
879 676 927 687 —-.
953 659 1026 687 Dat.
1044 658 1140 687 Late-

128 711 211 748 rani,
235 712 333 742 nonis
350 713 474 747 martii,
490 721 577 742 anno
595 712 834 742 tertiodecimo.
852 724 864 738 η

198 889 318 917 5084

125 973 138 981 ε
165 952 283 979 Rectori
299 952 456 987 hospitalis
474 952 577 979 Sancti
593 952 694 981 Jacobi
711 953 865 985 Agriensis
880 953 1012 979 notificat
1028 961 1057 979 se
1071 961 1141 978 con-

123 1001 246 1033 firmare
269 1003 413 1028 statutum
440 1009 495 1036 quo
521 1001 634 1033 Cletus,
651 1001 805 1035 Agriensis
822 1002 986 1036 episcopus,
1010 1001 1141 1034 praedic-

126 1050 192 1086 =tum
215 1049 372 1083 hospitale,
394 1057 407 1074 «
429 1058 445 1076 a
461 1050 558 1084 prima
577 1050 751 1077 fundatione
769 1050 813 1076 sui
833 1050 934 1076 usibus
955 1049 1138 1076 infirmorum

129 1099 192 1124 »et
217 1106 378 1132 pauperum
412 1098 587 1132 deputatum
618 1107 646 1131 »,
673 1099 781 1125 deinde
810 1102 908 1125 autem
938 1106 951 1122 (ι
978 1098 1008 1124 in
1034 1097 1140 1124 benefi-

128 1154 142 1172 ))
163 1146 242 1174 cium
265 1147 448 1174 secularibus
468 1147 585 1174 clericis
611 1156 781 1174 concessum
805 1155 830 1179 )),
852 1147 882 1173 in
908 1149 1018 1173 statum
1041 1146 1140 1180 pristi-

128 1202 183 1221 nae
199 1194 413 1229 hospitalitatis
431 1196 654 1222 reformaverat.
675 1210 706 1213 —-
727 1196 813 1222 (Res.
833 1195 876 1226 19,
900 1196 919 1221 f.
939 1195 989 1221 153
1011 1192 1084 1228 [147]
1100 1196 1138 1225 r⁰;

127 1251 198 1270 ann.
214 1242 297 1276 XIII,
321 1251 346 1270 c.
364 1242 432 1275 245;
456 1258 487 1261 —
506 1244 663 1270 Formas-r
676 1243 787 1273 10853.)

723 891 847 923 Latran,
864 891 879 917 ’Τ
896 899 973 917 mars
990 890 1068 917 1240.

169 1356 182 1371 α
200 1366 220 1373 ..
237 1345 348 1373 rectori
363 1344 524 1381 hospitalis
537 1344 643 1372 Sancti
658 1344 759 1372 Jacobi
778 1344 944 1379 Aqriensis.
961 1342 1069 1373 Justis
1082 1351 1138 1380 pe-

129 1396 271 1426 tentium
287 1401 349 1426 etc.
369 1414 418 1424 —.
437 1397 509 1426 Dat.
529 1401 564 1425 ut
581 1406 691 1434 supra.
712 1408 725 1422 n

200 1573 322 1603 5⁰85

166 1636 311 1671 Episcopo
328 1637 476 1671 quondam
495 1636 648 1669 Vaeiensi‚
670 1636 700 1662 in
721 1636 955 1670 Strigoniensem
976 1636 1141 1670 arehiepis-

130 1693 235 1720 copum
253 1686 356 1718 electo,
371 1685 497 1720 pallium
516 1685 622 1718 mittit,
641 1694 696 1719 quo
712 1685 792 1712 intra
807 1685 963 1712 ecclesiam
980 1693 1062 1711 suam
1078 1684 1141 1711 illis

129 1733 234 1761 diebus
249 1736 361 1767 utatur,
383 1734 433 1769 qui
454 1734 485 1761 in
508 1734 676 1768 privilegiis
696 1734 838 1761 ecclesiae
859 1733 1075 1767 Strigoniensis
1094 1741 1141 1759 ex-

129 1790 228 1817 presse
245 1782 446 1810 continentur.
469 1798 502 1801 —
523 1783 609 1814 (REG.
632 1782 675 1815 19,
698 1783 717 1809 f.
740 1783 789 1809 153
809 1780 882 1817 [147]
903 1785 939 1814 r⁰;
963 1791 1033 1809 ann.
1058 1781 1140 1815 XIII,

129 1839 155 1858 c.
169 1831 236 1863 246;
252 1846 284 1850 —
301 1832 458 1859 Porrnasr
473 1831 557 1858 10851
571 1839 577 1863 3
593 1846 624 1850 —-
642 1832 679 1858 cf.
696 1839 792 1864 supra,
811 1836 842 1857 n⁰
857 1831 949 1861 5082.)

726 1575 847 1607 Latran‚
862 1575 877 1601 6
895 1583 972 1601 mars
988 1574 1066 1600 1240.

171 1945 184 1960 α
219 1955 238 1962 ..
272 1934 405 1971 episcopo
434 1934 589 1970 quondam
626 1933 782 1962 Ii'arieztsi.
816 1934 849 1961 in
878 1933 1139 1970 archiepiscopum

128 1986 367 2024 Scriqoniensem
382 1987 480 2015 electo.
495 1986 639 2016 Dilectos
652 1985 738 2015 filios
755 2009 773 2014 ..
788 1985 990 2023 prepositum
1003 2003 1050 2013 —.
1066 1986 1139 2014 Dat.

129 2039 298 2074 Laterani,
314 2039 346 2069 II
365 2048 470 2069 nonas
485 2039 608 2073 martii,
628 2048 714 2068 anno
731 2038 968 2068 tertiodecimo.
993 2051 1005 2064 n

200 2195 323 2245 {sose

165 2279 250 2312 Min,
267 2279 377 2306 decano
392 2279 631 2313 Nigripontensi,
646 2279 782 2313 indulget
798 2282 829 2306 ut
845 2288 904 2306 una
918 2288 984 2306 cum
997 2280 1143 2306 decanatu

129 2328 355 2363 Nigripontensi
370 2329 491 2355 unicum
512 2328 688 2355 beneficium
706 2329 836 2362 recipere
852 2332 879 2355 et
896 2329 1023 2355 retinere
1039 2329 1142 2363 possit,

131 2376 175 2404 ita
198 2379 299 2404 tamen
321 2377 395 2411 quod
422 2377 453 2403 in
476 2376 577 2403 eodem
602 2377 748 2403 decanatu
769 2377 963 2410 personaliter
982 2380 1010 2404 et
1030 2377 1061 2403 in
1085 2378 1143 2404 alio

131 2425 273 2454 beneficio
282 2433 333 2460 per
344 2425 483 2452 idoneum
497 2425 643 2452 vicarium
656 2425 773 2452 studeat
782 2425 940 2452 deservire.
954 2440 985 2444 —-
998 2426 1085 2457 (Rae.
1098 2426 1142 2458 19,

131 2475 152 2502 f.
173 2474 225 2501 153
241 2472 316 2509 [147]
330 2476 370 2506 r⁰;
388 2482 458 2501 ann.
476 2474 558 2506 ΧΙῙΙ,
576 2482 601 2500 c.
618 2473 693 2505 247.)

681 2217 802 2249 Latran,
820 2217 854 2243 10
868 2217 976 2243 sevrier
990 2217 1070 2244 1240,

174 2586 187 2601 α
204 2575 288 2610 Mir.‚
309 2575 420 2604 decano
436 2574 678 2612 Niyripontcnsi.
696 2573 778 2604 Cum
799 2573 846 2603 sic
863 2574 985 2604 dicaris
1001 2592 1050 2603 —.
1067 2575 1141 2604 Dat.

131 2627 300 2662 Laterani,
322 2628 390 2657 IIII
408 2627 483 2657 idus
501 2626 674 2661 februarii,
693 2635 779 2656 anno
797 2627 1035 2657 tertiodecimo.
1053 2640 1066 2653 »

203 2800 320 2828 5⁰8⁵?
679 2798 800 2831 Latran,
814 2798 849 2825 20
861 2799 979 2832 janvier
992 2799 1071 2826 1240.

168 2862 279 2890 Abbati
291 2864 319 2889 et
330 2861 420 2896 priori
432 2861 467 2888 de
477 2860 624 2888 Driburch
637 2862 682 2892 (z
696 2860 877 2894 Dryburgh),
891 2861 994 2888 Sancti
1006 2862 1144 2889 Andreae

133 2911 286 2944 dioecesis,
304 2919 357 2937 nec
368 2919 426 2937 non
439 2909 531 2944 priori
544 2910 579 2936 de
595 2908 709 2936 Kelkou
725 2910 770 2940 (=
786 2909 898 2942 Remo),
916 2910 1048 2943 ejusdem
1063 2910 1144 2936 dioe-

133 2960 218 2993 cesis,
233 2959 356 2986 mandat
372 2960 516 2993 quatenus
533 2957 692 2992 procedant
706 2957 737 2984 in
751 2966 839 2984 causa
850 2966 923 2991 quae
934 2958 1013 2985 inter
1027 2966 1144 2985 monas-

1221 356 1328 382 terium
1353 357 1387 384 de
1404 358 1618 392 Dundraynan.
1637 360 1841 387 Cistcrciensis
1864 363 1985 394 ordinis,
2007 372 2040 389 ex
2058 374 2111 390 una
2133 370 2223 398 parto,

1222 406 1250 429 et
1270 403 1423 431 Nicolaum
1452 405 1497 440 [de
1525 407 1655 436 izai—«lon.
1681 409 1752 433 altas
1777 410 1812 435 <le
1837 410 2003 445 (Tolenus-Q,
2031 413 2167 442 militem,
2192 423 2225 439 ae

1223 452 1396 483 Caeciliam,
1414 455 1475 487 ejus
1490 463 1621 487 uxorem,
1639 456 1790 483 Candidae
1805 458 1896 485 Casae
1909 459 2059 488 dioecesis.
2075 470 2108 487 cx
2122 463 2224 494 altera,

1223 509 1309 535 super
1333 503 1507 535 quibusdam
1537 505 1766 537 possessionibus
1794 509 1821 532 et
1847 507 1931 533 rebus
1958 509 2036 541 aliis,
2058 518 2130 542 quae
2146 511 2226 536 fliz-v-

1223 549 1330 575 bantur
1345 551 1378 576 ad
1401 551 1496 578 dotem
1516 553 1681 585 praedictae
1703 554 1850 581 Caeciliae
1871 560 2020 589 spectare,
2046 558 2225 586 vertebatur.

1223 612 1254 615 —
1283 599 1369 628 (Rea.
1394 600 1440 629 19,
1469 602 1486 626 1.
1513 601 1561 627 153
1584 600 1658 636 [147]
1679 605 1718 634 r⁰;
1744 611 1813 629 ann.
1838 604 1924 636 XIII,
1952 614 1976 631 c.
2001 606 2068 637 24&
2093 621 2124 624 —
2151 608 2227 635 Por-

1221 655 1315 673 THAST
1330 647 1439 678 10843.)

1264 760 1275 772 «ι
1296 771 1314 776 ..
1332 750 1431 777 abbati
1445 750 1477 777 dc
1495 751 1698 789 Driburc[li]'².
1716 757 1742 779 el
1767 774 1787 780 ..
1813 753 1846 780 de
1867 753 2016 782 Dribwvh
2032 759 2056 782 el
2075 777 2093 783 ..
2113 756 2146 784 :Ie
2159 757 2227 784 Kel-

1223 801 1280 829 lfou
1313 802 1486 838 priorilnw,
1521 804 1625 832 Sancti
1658 805 1774 833 Andree
1801 806 1936 834 diocesis.
1968 806 2111 846 Differo]
2141 808 2227 848 iil[ii]

1223 852 1323 882 abbas
1335 871 1383 882 —.
1403 855 1475 883 Dat.
1491 855 1656 889 Laterani,
1672 856 1754 886 XIII
1771 856 1930 887 kalendas
1949 859 2121 895 februarii,
2140 870 2227 890 anno

1223 906 1461 936 tertiodecimo.
1478 920 1489 933 »

1293 1072 1410 1099 5088

1258 1133 1488 1167 Archiepiscopo
1511 1135 1673 1161 senonensi
1691 1136 1825 1169 indulget
1844 1140 1875 1163 ut
1896 1146 1961 1163 eum
1983 1138 2089 1172 viginti
2112 1140 2228 1167 clericis

1222 1190 1290 1207 suae
1307 1182 1477 1215 provinciae
1493 1183 1639 1209 deiectum
1657 1184 1803 1210 natalium
1822 1185 2013 1218 patientibus.
2031 1195 2101 1220 quos
2117 1188 2152 1213 ad
2167 1188 2228 1215 dis-

1221 1230 1404 1263 pensationis
1414 1231 1539 1263 gratiam
1552 1231 1743 1258 obtinendam
1756 1234 1871 1260 noverit
1881 1243 1941 1260 esse
1951 1234 2064 1268 dignos,
2074 1244 2086 1259 «
2097 1237 2228 1270 exceptis

1223 1286 1235 1303 ›)
1256 1279 1291 1304 de
1315 1279 1440 1310 incestu,
1461 1279 1623 1307 adulterio.
1648 1284 1677 1306 et
1699 1282 1898 1308 sacerdotibus
1914 1291 1947 1308 ao
1964 1284 2146 1317 regularibus
2163 1294 2228 1319 pro-

1222 1335 1235 1352 »
1256 1328 1362 1353 creatis
1377 1336 1401 1359 J),
1419 1329 1515 1354 valeat
1529 1328 1698 1362 dispensare
1712 1330 1787 1363 quod
1804 1330 1833 1356 in
1851 1332 1993 1365 susceptis
2003 1333 2154 1359 ordinibus
2172 1334 2228 1360 mi-

1222 1375 1347 1401 nistrare
1370 1378 1398 1401 et
1423 1376 1458 1401 ad
1483 1377 1607 1409 majores
1628 1378 1793 1410 promoveri
1814 1387 1847 1404 ac
1868 1378 2009 1405 beneficia
2029 1381 2229 1407 ecclesiastica

1221 1424 1354 1451 obtinere
1370 1425 1492 1458 possint.
1508 1440 1539 1443 —
1552 1426 1638 1457 (Rea.
1654 1426 1697 1458 19,
1714 1427 1793 1453 f.153
1806 1426 1879 1462 [147]
1895 1431 1936 1459 v⁰;
1950 1437 2018 1455 ann.
2031 1429 2112 1461 XIII,
2125 1438 2149 1456 c.
2161 1430 2227 1461 2493

1223 1488 1253 1490 —
1270 1473 1403 1501 MOREAU
1421 1473 1499 1506 1192,
1517 1475 1536 1500 I.
1554 1474 1628 1505 441.)
1957 1488 1963 1493 -

1798 1075 1918 1103 Latran.
1936 1077 1968 1102 13
1986 1085 2062 1103 mars
2078 1078 2154 1104 1210,

1265 1588 1276 1601 ι(
1308 1598 1326 1604 ..
1351 1576 1576 1613 archiepiscopo
1601 1576 1778 1605 senonensi.
1808 1577 1990 1607 Petitiones
2019 1582 2090 1607 tuas
2119 1588 2155 1607 eo
2180 1596 2228 1608 ——.

1222 1628 1296 1657 Dat.
1315 1628 1480 1664 Laterani,
1504 1629 1552 1658 III
1572 1629 1646 1658 idus
1665 1629 1787 1664 martii,
1809 1639 1895 1659 anno
1914 1631 2149 1661 tertiodecimo.
2170 1644 2182 1657 n

1294 1795 1409 1822 5089

1260 1858 1356 1884 Priori
1381 1857 1550 1884 monasterii
1569 1858 1695 1884 Sanctae
1715 1857 1830 1884 Mariae
1850 1857 2014 1884 Deauratae
2035 1858 2228 1891 Tholosanae,

1224 1907 1431 1934 Cluniacensis
1446 1907 1569 1939 ordinis,
1587 1907 1637 1940 qui
1654 1907 1685 1933 in
1704 1907 1779 1933 villa
1796 1907 1899 1933 Sancti
1916 1907 2060 1940 Cypriani
2078 1910 2106 1933 et
2121 1907 2151 1933 in
2168 1908 2230 1934 loco

1224 1956 1273 1989 qui
1287 1955 1441 1982 dicebatur
1457 1955 1626 1982 Claustrum
1648 1955 1774 1981 Sanctae
1797 1955 1926 1987 Mariae,
1947 1963 1980 1981 ac
2001 1955 2031 1981 in
2053 1955 2228 1989 quibusdam

1224 2004 1292 2031 aliis
1310 2005 1382 2030 locis
1403 2004 1432 2030 in
1454 2004 1631 2030 Tholosanis
1650 2003 1774 2030 civitate
1799 2006 1826 2030 et
1849 2003 1975 2029 dioecesi
1996 2003 2176 2036 constitutis,
2201 2004 2230 2030 in

1224 2054 1330 2088 quibus
1345 2053 1582 2087 jurisdictionem
1604 2052 1728 2079 habebat
1740 2053 1946 2086 temporalem,
1964 2060 2020 2078 non
2035 2055 2149 2086 poterat
2164 2061 2230 2079 sen-

1224 2102 1332 2129 tentias
1356 2110 1427 2135 quas
1453 2101 1576 2133 ferebat,
1599 2100 1780 2127 exsecutioni
1809 2100 1960 2132 mandare,
1985 2115 2016 2118 —
2038 2100 2115 2126 unde
2139 2100 2232 2134 ipsius

1224 2151 1330 2185 prioris
1346 2150 1505 2176 auctoritas
1523 2149 1594 2175 adeo
1609 2148 1783 2178 vilescebat,
1801 2149 1876 2182 quod
1896 2148 1989 2182 ipsius
2005 2148 2117 2175 subditi
2133 2149 2168 2175 ad
2186 2149 2230 2183 ip-

1224 2208 1288 2226 sum
1303 2200 1351 2225 vel
1365 2198 1401 2225 ad
1418 2198 1511 2233 ipsius
1524 2197 1651 2224 vicarios
1673 2205 1723 2231 pro
1738 2197 1855 2231 justitia
1866 2205 2014 2223 recurrere
2029 2197 2231 2231 dedignaban—

1798 1796 1918 1826 Latran.
1936 1796 1968 1822 13
1987 1805 2063 1822 mars
2080 1797 2157 1823 1240.

1225 2252 1282 2281 tur,
1300 2252 1328 2275 et
1343 2248 1441 2275 aliena
1454 2247 1594 2281 suffragia
1611 2247 1708 2281 potius
1720 2246 1921 2280 requirebant,
1939 2247 1969 2272 in
1984 2255 2072 2280 grave
2087 2247 2230 2280 praedicti

1226 2298 1353 2325 Sanctae
1366 2297 1481 2323 Mariae
1495 2296 1658 2322 Deauratae
1668 2295 1839 2322 monasterii
1851 2295 2076 2324 detrimentum.
2089 2295 2162 2321 alias
2173 2295 2229 2329 ipsi

1226 2354 1239 2371 ((
1260 2346 1382 2373 rebelles
1405 2349 1432 2372 et
1454 2344 1590 2378 injuriosi
1616 2344 1780 2378 plurimum
1804 2344 1965 2370 existentes
1990 2351 2015 2376 n,
2040 2358 2070 2361 ——
2097 2344 2230 2377 indulget

1226 2404 1239 2421 «
1262 2398 1305 2428 ut,
1322 2395 1357 2421 ad
1374 2394 1560 2428 exequendas
1577 2393 1722 2427 predictas
1736 2393 1899 2419 sententias
1913 2401 1946 2418 ac
1959 2392 2142 2418 subditorum
2156 2392 2231 2425 ipso-

1226 2452 1239 2470 »
1261 2453 1325 2471 rum
1353 2443 1542 2470 insolentiam
1571 2441 1790 2476 reprimendam
1815 2449 1840 2473 )),
1867 2442 1964 2467 valeat
1992 2440 2137 2466 auxilium
2165 2440 2230 2467 bra-

1258 2559 1278 2583 1,
1295 2558 1426 2582 Nicolaus
1440 2566 1451 2580 ε(
1466 2558 1500 2581 de
1515 2557 1624 2581 Karden
1639 2564 1662 2585 ›>‚
1676 2555 1783 2586 d'apres
1797 2556 1822 2578 la
1835 2555 1912 2585 piece
1925 2555 1954 2579 50
1970 2555 2044 2578 dela
2060 2554 2119 2578 xv·
2135 2555 2231 2579 annec-

1225 2617 1255 2620 —
1270 2603 1322 2627 Les
1338 2603 1410 2625 deux
1427 2605 1496 2625 mots
1511 2610 1522 2623 «
1537 2601 1570 2624 de
1585 2601 1703 2624 Culenes
1719 2609 1730 2622 υ
1752 2602 1799 2623 ont
1821 2599 1863 2623 ete
1886 2599 2014 2622 restitues
2032 2606 2080 2629 par
2097 2599 2231 2628 Potthast,

1225 2647 1293 2670 dans
1309 2647 1439 2676 l’analyse
1456 2645 1519 2676 qu'il
1537 2645 1627 2668 donne
1641 2645 1674 2668 de
1689 2645 1713 2667 la
1728 2644 1853 2675 presente
1868 2643 1954 2674 piem,
1971 2642 2076 2673 d'apres
2091 2650 2144 2666 unc
2159 2643 2230 2666 bulle

1225 2690 1386 2713 d'Innoceni
1403 2689 1440 2712 IV
1456 2689 1492 2712 du
1509 2688 1537 2712 30
1551 2688 1639 2718 Juillet
1657 2687 1714 2711 ¹243
1730 2693 1759 2710 se
1776 2690 1936 2717 rapportant
1956 2686 1971 2709 a
1990 2686 2015 2709 la
2035 2687 2120 2709 mc'me
2136 2686 2230 2709 affaire

1227 2736 1381 2765 (POTTEAST
1396 2733 1483 2760 11104;
1501 2725 1532 2756 131.
1546 2732 1671 2759 BERGER,
1688 2733 1736 2754 Les
1752 2732 1890 2760 Reqistres
1904 2730 2068 2753 d'lnrzocenl
2083 2732 2128 2758 lv,
2143 2735 2171 2753 η’
2185 2730 2229 2758 44;

1227 2780 1318 2808 Bmss,
1336 2779 1419 2807 Papa!
1433 2779 1536 2806 letters,
1550 2779 1568 2799 t.
1584 2776 1604 2805 1,
1617 2783 1642 2806 p.
1657 2775 1724 2804 199„
1742 2781 1772 2798 ee
1789 2775 1875 2797 meme
1887 2780 2060 2804 personnage
2076 2777 2115 2796 est
2132 2780 2231 2797 encore

1226 2823 1321 2854 appele
1339 2822 1468 2845 Nicolaus
1486 2829 1496 2842 «
1515 2820 1548 2843 de
1566 2819 1700 2843 Kerdeses
1724 2827 1735 2841 υ
1759 2818 1827 2841 dans
1850 2824 1904 2841 une
1927 2820 2004 2840 autre
2027 2818 2099 2840 bulle
2119 2817 2230 2840 d'lnno-

1227 2871 1289 2892 cent
1306 2867 1351 2896 lv,
1368 2866 1403 2889 du
1423 2866 1448 2889 17
1465 2866 1576 2889 octobre
1595 2864 1653 2887 1246
1673 2856 1713 2893 (111.
1732 2863 1858 2892 nenena,
1874 2866 1903 2885 ιν
1918 2862 1993 2889 215&
2016 2861 2108 2890 nass,
2126 2869 2151 2891 p.
2167 2862 2230 2890 τις).

1257 2913 1280 2936 2.
1298 2913 1416 2936 Driburc
1433 2911 1500 2933 dans
1521 2910 1546 2932 la
1566 2909 1713 2939 rubrique;
1735 2908 1871 2931 Driburch
1893 2906 1960 2930 dans
1982 2907 2007 2929 la
2027 2907 2097 2929 table
2118 2906 2165 2929 des
2186 2913 2231 2929 ca-

1226 2959 1327 2987 pilula.
