2553 3526
259 293 316 322 2375
986 291 1225 322 REGISTRES
1248 291 1302 319 DE

258 369 408 394 suspenso,
426 360 584 394 procedant
598 363 623 386 et
642 359 716 385 illud
734 360 905 386 terminent.
925 374 955 377 —
973 360 1058 391 (Rae.
1075 359 1119 390 20,
1138 359 1156 385 s.
1175 359 1208 384 Δ12
1225 361 1268 389 v”;

259 418 329 435 ann.
347 409 431 439 XIV,
446 417 470 434 c.
487 408 562 438 256.)

300 536 311 548 «
334 546 353 550 ..
373 522 593 551 archidiacono
610 522 826 550 Bisuldwzensi
843 526 868 549 el
885 543 906 550 ..
923 522 1047 549 sacriste
1067 522 1267 549 (111-0111101131.

260 576 299 604 R.
317 575 354 603 de
373 573 717 612 ΑΧΙ(111001[15]01Ε111ῑ1,
743 582 823 601 uxor
843 573 924 611 ejus,
945 577 1187 610 proposuerunt
1206 572 1268 602 hu-

259 627 383 656 militer
399 636 507 655 coram
526 626 620 655 nohis
638 625 733 663 quod,
756 634 830 654 cum
854 625 1055 654 venerabilis
1073 626 1174 655 frater
1192 634 1268 654 nos-

259 684 346 709 ter..
366 678 539 708 Elenensis
555 678 728 715 episcopus
746 681 776 707 et
792 678 892 706 frater
909 677 957 711 F.,
973 677 1099 706 ordinis
1119 677 1269 706 Prcdica-

260 738 378 763 torum,
395 731 429 759 in
445 730 593 768 partibus
608 730 675 759 illis
690 729 907 768 inquisitores
922 729 1068 759 heretice
1083 730 1267 767 pravitatis,

259 794 314 815 eos
332 793 430 821 super
448 783 505 812 illa
528 783 567 811 ad
591 782 830 820 depositionem
851 781 1010 811 salsorum
1035 783 1168 811 testium
1191 792 1269 811 con-

259 838 503 875 dempnassent,
519 836 720 865 venerabilis
738 836 840 865 frater
858 840 969 865 noster
986 858 1005 864 ..
1025 836 1197 874 episcopus
1213 836 1269 865 So-

259 898 372 923 ranus,
392 893 468 917 tunc
485 888 518 917 in
538 888 661 917 eisdem
687 888 837 926 partibus
860 887 1047 926 Apostolice
1068 889 1162 918 Sedis
1179 888 1268 926 lega-

259 946 320 977 tus,
348 951 446 979 super
462 941 522 970 hoc
540 950 597 979 per
623 942 755 970 Petrum
780 941 819 970 de
840 941 969 975 Ortasa,
997 940 1269 970 archidiaconum

259 994 471 1027 Rossilionis,
491 998 521 1023 et
543 995 579 1023 B.
605 994 643 1023 de
665 993 806 1027 Asterio,
832 993 1051 1023 camerarium
1076 992 1269 1022 monasterii

259 1048 372 1077 Sancti
391 1047 564 1076 Michaelis
584 1047 622 1076 de
639 1047 822 1086 Cossan[o],
843 1046 1017 1076 Elenensis
1039 1046 1192 1080 diocesis,
1216 1046 1270 1075 in-

260 1101 475 1138 quisitionem
489 1100 560 1129 fieri
575 1100 775 1138 procuravit.
795 1100 899 1136 Quam
913 1108 987 1128 cum
1000 1099 1143 1129 examini
1157 1099 1269 1129 dilecti

261 1154 321 1182 tilii
339 1153 443 1183 nostri
461 1153 632 1192 R[ol)erti],
654 1153 766 1182 Sancti
784 1152 954 1182 Eustachii
971 1152 1101 1181 diaconi
1118 1152 1270 1181 cardina-

259 1207 312 1241 lis,
333 1206 525 1236 duxerimus
547 1206 828 1240 committendam,
852 1206 921 1243 ipse
947 1205 1068 1235 instrui
1089 1205 1127 1234 de
1145 1204 1269 1242 negotii

260 1265 378 1289 natura
394 1268 459 1288 non
476 1259 593 1297 potuit,
613 1268 650 1288 eo
667 1258 753 1297 quod
770 1258 946 1296 inquisitio
964 1258 1049 1287 facta
1061 1262 1091 1287 et
1103 1257 1270 1287 sententia

258 1311 325 1341 lata
345 1316 458 1341 contra
475 1311 579 1341 dictos
604 1312 642 1341 R.
665 1316 696 1341 et
720 1310 860 1349 E[lnam]
879 1319 897 1339 a
919 1310 1035 1348 primis
1059 1310 1270 1348 inquisitori-

260 1364 332 1397 11115,
345 1364 409 1393 sibi
423 1364 559 1393 minime
574 1364 700 1393 fuerint
713 1367 910 1402 presentate.
924 1364 972 1393 Ne
986 1363 1088 1401 igitur
1100 1362 1269 1400 negotium

259 1418 369 1456 ipsum
386 1417 513 1447 diutius
532 1422 664 1447 maneat
679 1417 712 1446 in
732 1426 905 1455 suspenso,
926 1425 996 1449 nos,
1015 1416 1270 1454 inquisitionem

261 1470 301 1499 ab
325 1471 448 1500 eisdem
472 1470 706 1500 archidiacono
723 1475 754 1499 et
769 1469 952 1499 camerario
970 1469 1089 1498 factam
1108 1469 1201 1498 vobis
1217 1469 1270 1497 in-

262 1523 439 1553 terclusam
456 1523 517 1553 51111
534 1523 624 1552 bulla
640 1528 753 1552 nostra
775 1522 956 1557 mittentes,
976 1522 1172 1551 mandamus
1189 1530 1270 1560 qua-

261 1580 369 1610 tenus,
394 1576 555 1606 facientes
577 1576 669 1605 vobis
693 1585 884 1614 processum
906 1584 924 1605 a
947 1575 1044 1604 dictis
1065 1575 1217 1612 episcopo
1241 1578 1271 1604 et

261 1630 362 1659 fratre
382 1629 533 1658 habitum
557 1629 719 1663 exhiberi,
739 1638 793 1658 eos
811 1628 850 1658 ad
876 1628 920 1663 id,
948 1629 976 1657 si
1001 1637 1135 1658 necesse
1158 1627 1270 1662 fuerit,

261 1682 456 1712 auctoritate
495 1687 621 1716 nostra,
659 1682 789 1711 sublato
818 1681 1051 1719 appellationis
1088 1680 1270 1715 obstaculo,

261 1735 498 1772 compellendo,
514 1735 548 1764 in
562 1736 693 1773 negotio
709 1735 781 1773 ipso
799 1735 975 1773 procedere
989 1739 1019 1764 et
1035 1734 1117 1763 illud
1136 1735 1199 1763 tine
1217 1734 1273 1764 de-

261 1787 329 1817 bito
346 1788 525 1817 terminare
544 1788 739 1825 procuretis,
758 1788 883 1817 eisdem
900 1789 938 1817 R.
953 1792 983 1817 et
998 1787 1104 1827 E[lne]
1121 1787 1160 1817 de
1177 1787 1272 1816 bonis

260 1840 420 1879 ipsorum,
444 1841 578 1880 quibus,
601 1841 774 1870 occasione
796 1844 976 1870 memorate
1000 1840 1175 1874 sententie,
1198 1849 1272 1878 spo-

260 1893 333 1923 liati
346 1894 513 1929 dicuntur,
527 1894 567 1923 ad
580 1894 686 1932 ipsius
698 1894 963 1932 prosecutionem
974 1893 1099 1930 negotii
1112 1893 1273 1923 facientes

262 1955 423 1984 expensas
449 1947 656 1977 necessarias
682 1947 880 1976 ministrari.
912 1946 1180 1976 Contradictores
1211 1950 1271 1975 etc.

263 2000 336 2029 Dat.
367 2000 533 2036 Laterani,
561 2001 609 2030 III
639 2009 743 2030 nonas
770 1999 895 2035 martii,
926 1999 1137 2037 pontificatus
1168 1999 1273 2028 nostri

263 2062 350 2082 anno
367 2053 625 2091 quartodecimo.
646 2065 658 2078 »

334 2258 452 2285 5408
859 2259 981 2292 Latran,
997 2259 1013 2286 9
1030 2268 1107 2286 mars
1121 2259 1200 2285 1241.

300 2320 453 2354 Philippo,
464 2329 603 2354 germano
617 2320 735 2347 comitis
751 2320 928 2353 Sabandiae,
945 2321 1116 2355 primicerio
1132 2320 1273 2352 Metensi,

264 2369 399 2403 indulget
419 2371 451 2395 ut
469 2377 535 2395 cum
553 2368 759 2403 primiceriatu
774 2369 903 2396 Metensi
921 2371 949 2395 et
964 2369 1032 2396 aliis
1046 2369 1197 2396 benefieiis
1213 2369 1274 2396 suis

264 2417 498 2452 praeposituram
526 2417 668 2444 ecclesiae
692 2418 872 2451 Brugensis,
898 2418 1093 2445 Tornaeensis
1120 2418 1273 2451 dioecesis,

264 2475 351 2500 quam
372 2475 465 2500 nuper
486 2470 548 2493 erat
564 2467 698 2501 adeptus,
721 2466 848 2493 retinere
865 2468 973 2493 valeat.
994 2482 1024 2485 —
1041 2468 1128 2499 (Rae.
1145 2467 1189 2500 20,
1205 2468 1224 2494 f.
1241 2467 1274 2494 42

264 2519 307 2545 v⁰;
323 2524 392 2542 ann.
408 2516 490 2548 XIV,
508 2524 532 2542 0,
547 2516 613 2548 257;
628 2531 662 2533 -
678 2516 810 2543 Momm)
827 2516 906 2549 1193,
925 2517 944 2542 f.
960 2516 1035 2548 205.)

307 2643 319 2655 11
340 2631 488 2668 Philippo,
507 2640 654 2667 (μη-11111110
671 2654 691 2660 ..
709 2633 830 2660 comilis
844 2632 1004 2667 Sabaztdt‘e,
1024 2633 1201 2669 primicerio
1218 2632 1276 2661 Me-

267 2685 354 2712 tensi.
374 2684 514 2721 Experta
528 2683 644 2713 domus
657 2688 711 2714 tue
723 2684 853 2714 devotio
866 2684 906 2714 ad
918 2684 1142 2723 Apostolicam
1158 2684 1277 2715 sedem

267 2742 518 2774 perseveranter
535 2737 659 2772 habita,
677 2737 814 2776 probata
830 2738 978 2777 ejusdem
992 2738 1108 2768 (10111115
1125 2743 1276 2768 constan-

268 2790 313 2819 tia
328 2798 404 2827 erga
423 2790 606 2819 Romanam
624 2790 805 2820 Ecclesiam
822 2791 1021 2821 inconcusse
1038 2796 1178 2826 servata,
1200 2800 1277 2821 sua-

269 2843 347 2871 dent
361 2847 397 2871 ut
413 2846 443 2872 te
463 2851 499 2872 ac
518 2842 600 2872 alios
620 2843 657 2873 de
680 2844 835 2881 progenie
857 2844 973 2874 domus
989 2845 1096 2883 ipsius
1118 2845 1206 2875 inter
1223 2853 1277 2875 ce-

269 2900 355 2925 teros
378 2895 506 2925 nobiles
528 2900 558 2925 ct
580 2901 728 2934 potentes
752 2898 864 2927 favore
891 2897 1070 2936 apostolico
1089 2897 1278 2936 specialiter

269 2947 457 2977 attollamus
481 2957 518 2978 ac
541 2948 741 2979 honoremus
757 2949 932 2988 privilegio
949 2951 1053 2988 gratie
1075 2951 1275 2989 singulari&

1326 284 1548 321 GREGOIRE
1572 293 1629 322 lx.
2301 295 2362 325 376

1352 361 1382 386 et
1403 366 1461 386 1105
1487 367 1524 387 eo
1545 358 1677 388 domum
1694 359 1798 397 ipsam
1816 360 1971 390 continue
1988 360 2076 390 infra
2092 360 2237 390 claustra
2252 361 2360 392 cordis

1352 410 1489 440 affectus
1507 412 1720 450 conceptione
1740 413 1874 452 majoris
1892 414 2037 451 gerimus
2061 414 2232 449 cariorem,
2256 424 2359 454 eoque

1352 463 1485 493 assidue
1502 464 1725 495 benivolentie
1743 465 1903 503 plenioris
1919 466 2037 496 effectu
2053 476 2123 496 eam
2141 468 2291 506 cupimus
2308 478 2361 506 po-

1352 515 1468 545 tiorem
1487 516 1614 551 efferre,
1634 527 1698 556 quo
1714 518 1751 547 de
1767 518 1839 555 ipsa
1853 518 2018 547 uberioris
2030 519 2215 550 devotionis
2234 521 2359 551 fructus

1352 569 1540 599 successive
1555 569 1744 607 colligimus
1758 571 1791 599 in
1810 571 1988 608 propagine
2002 571 2156 606 tiliorum,
2171 578 2360 612 quantoque

1352 630 1482 659 semper
1500 622 1637 652 eandem
1659 623 1693 651 in
1720 623 1943 653 successionis
1965 623 2170 654 derivatione
2189 626 2361 655 secundio-

1353 682 1404 703 res
1434 675 1619 705 constantie
1646 680 1797 713 optamus
1826 676 1944 705 afferre
1975 682 2164 714 proventus.
2196 678 2281 707 Hinc
2311 683 2360 708 est

1352 727 1449 764 quod,
1468 736 1554 761 cum,
1574 733 1609 757 ut
1626 729 1759 758 asseris.
1780 729 1902 758 dudum
1925 733 2031 758 tecum
2049 730 2134 768 quod
2153 731 2360 768 primiceria-

1353 783 1420 808 tum
1436 780 1618 810 Metensem
1644 790 1717 810 cum
1739 781 1814 811 aliis
1839 782 2012 812 beneficiis
2036 792 2099 821 que
2120 782 2234 818 habes,
2256 783 2360 814 libere

1352 832 1496 862 retinere
1514 842 1638 871 posses,
1656 834 1848 864 duxerimus
1870 835 2142 873 dispensandum,
2166 841 2197 866 et
2215 845 2360 876 nequeas

1348 885 1441 923 juxta
1466 886 1514 915 tui
1542 887 1749 917 nobilitatem
1772 888 1904 925 generis
1928 888 1967 918 de
1988 888 2122 918 illorum
2145 889 2360 927 proventibus

1352 948 1495 976 congrue
1519 940 1715 975 sustentari,
1748 950 1822 970 cum
1852 941 1964 971 deceat
1995 946 2024 971 te
2048 941 2213 979 largitatis
2242 951 2360 972 manus

1352 993 1459 1021 tanto¹
1476 991 1650 1021 liberalius
1667 993 1807 1030 aperire,
1825 998 1949 1032 quanto
1964 995 2174 1033 frequentius
2189 999 2315 1033 oportet
2332 1001 2362 1026 te

1353 1044 1572 1083 hospitalitati
1597 1054 1712 1075 vacare
1734 1056 1740 1074 τ
1766 1055 1836 1080 1105,
1861 1051 1916 1076 tua
1934 1051 2132 1086 tuorumque
2155 1048 2359 1083 sinceritate,

1354 1107 1411 1127 nec
1430 1107 1495 1127 non
1520 1098 1695 1136 probitatis
1716 1099 1845 1128 meritis
1866 1099 1988 1138 quibus
2012 1101 2123 1130 favore
2146 1100 2267 1138 dignus
2285 1101 2362 1131 red-

1353 1151 1440 1180 deris
1459 1151 1606 1189 speciali.
1633 1151 1792 1189 pensatis,
1816 1152 1964 1182 volentes
1982 1153 2053 1187 tibi,
2072 1157 2107 1182 ut
2124 1162 2161 1183 eo
2177 1154 2362 1184 ferventius

1353 1204 1392 1233 ad
1415 1205 1622 1234 devotionem
1647 1204 1834 1242 Apostolice
1861 1205 1956 1235 Sedis
1978 1215 2145 1244 assurgas,
2166 1215 2230 1245 quo
2256 1207 2362 1245 ipsius

1353 1257 1441 1286 circa
1465 1261 1494 1287 te
1517 1257 1674 1296 majorem
1696 1258 1878 1296 experieris
1902 1259 2067 1293 affectum,
2093 1259 2233 1297 gratiam
2254 1260 2363 1290 facere

1353 1310 1562 1348 ampliorem,
1590 1311 1655 1340 tuis
1678 1311 1978 1349 supplicationibus
2003 1312 2167 1347 inclinati,
2196 1313 2363 1343 devotioni

1354 1368 1407 1393 tue
1435 1368 1470 1393 ut
1494 1364 1735 1402 preposituram
1758 1364 1896 1395 ecclesie
1923 1365 2118 1403 Brugcnsis,
2142 1365 2363 1395 Tornacensis

1353 1416 1506 1451 diocesis,
1525 1426 1622 1455 quam
1640 1417 1678 1447 de
1696 1426 1779 1446 novo
1799 1418 1957 1447 canonice
1976 1422 2004 1447 te
2024 1419 2178 1456 proponis
2196 1419 2360 1456 adeptum,

1353 1478 1428 1498 cum
1445 1470 1601 1507 predictis
1616 1470 1845 1507 primiceriatu
1866 1476 1897 1500 et
1914 1470 2086 1500 beneficiis
2107 1471 2198 1501 licite
2220 1471 2363 1501 retinere

1354 1523 1476 1556 valeas,
1500 1532 1565 1552 non
1590 1523 1741 1553 obstante
1766 1523 2003 1553 constitutione
2027 1524 2161 1553 concilii
2185 1524 2362 1562 generalis.

1354 1576 1549 1605 auctoritate
1564 1576 1769 1614 presentium
1787 1575 2016 1613 indulgemus3
2035 1577 2081 1606 ita
2098 1582 2207 1607 tamen
2225 1577 2311 1616 quod
2328 1578 2362 1606 in

1355 1629 1563 1666 prepositura
1579 1629 1650 1666 ipsa
1667 1629 1835 1658 deservias
1853 1629 2056 1658 50011111111111Ω
2072 1631 2243 1669 antiquam
2261 1635 2292 1660 et
2311 1640 2366 1669 ap-

1354 1681 1524 1720 probatam
1550 1682 1753 1719 Brugensis³
1776 1681 1915 1711 ecclesie
1944 1683 2235 1719 consuetudinem,
2269 1688 2300 1713 et
2329 1683 2364 1712 in

1356 1735 1431 1764 aliis
1451 1735 1554 1765 facias
1572 1744 1628 1773 per
1644 1735 1780 1764 idoneos
1799 1729 1940 1764 vic'arios
1960 1735 2121 1765 deserviri
2142 1753 2190 1765 ——.
2210 1737 2282 1766 Dat.
2302 1737 2365 1766 La-

1358 1787 1472 1821 terani,
1489 1788 1552 1817 VII
1569 1787 1644 1817 idus
1661 1787 1784 1823 martii,
1807 1788 2019 1826 pontificatus
2037 1789 2141 1818 nostri
2160 1798 2246 1819 anno
2266 1798 2366 1828 quar-

1357 1840 1529 1870 todecimo.
1554 1853 1566 1866 n

1426 2019 1542 2048 540⁸?
1857 2021 1978 2053 Latran,
1995 2021 2029 2047 22
2044 2021 2199 2048 decembre
2213 2022 2292 2049 1240.

1393 2081 1488 2108 Priori
1505 2082 1540 2108 de
1556 2081 1728 2108 Motessont.
1747 2083 1792 2113 (=
1804 2081 1999 2115 Mottisfont),
2015 2083 2128 2109 ordinis
2144 2084 2239 2110 sancti
2251 2084 2365 2118 Augus-

1356 2131 1424 2163 tini,
1440 2131 1662 2158 Wintoniensis
1679 2131 1832 2162 dioecesis,
1851 2132 1973 2158 mandat
1989 2135 2144 2166 quatenus,
2167 2148 2198 2151 —
2220 2142 2285 2160 cun]
2307 2134 2365 2160 Ro-

1356 2178 1487 2214 g[erius]‚
1502 2182 1596 2206 rector
1607 2180 1747 2206 ecclesiae
1765 2180 1867 2207 Sancti
1879 2180 2012 2207 Andreae
2024 2181 2059 2207 (10
2073 2181 2213 2208 Duneliet
2227 2184 2271 2214 (z
2285 2183 2366 2209 Don-

1357 2229 1680 2260 head-St-Andrew),
1707 2229 1940 2256 Saresberiensis
1965 2230 2122 2261 dioecesis,
2150 2232 2366 2265 procuravisset

1357 2286 1523 2312 processum
1535 2287 1638 2304 causac
1655 2287 1728 2312 quae
1744 2278 1821 2305 inter
1838 2279 1934 2313 ipsum
1948 2281 1976 2305 et
1991 2279 2028 2305 H.
2044 2280 2079 2306 de
2092 2280 2205 2312 Sainlo,
2223 2284 2362 2307 rectorem

1356 2327 1498 2353 ecelesiae
1513 2327 1549 2353 de
1565 2327 1683 2355 Bervie,
1701 2336 1788 2361 super
1804 2327 1979 2361 quibusdam
1998 2328 2123 2355 decimis
2138 2329 2174 2355 ad
2191 2329 2302 2356 dictam
2322 2338 2365 2356 ec-

1357 2376 1477 2402 clesiam
1498 2376 1533 2402 de
1553 2377 1660 2403 Bervic
1678 2376 1713 2402 (10
1729 2377 1793 2410 jure
1812 2377 2026 2411 spectantibus,
2044 2386 2141 2404 coram
2157 2378 2292 2412 episeopo
2311 2379 2365 2405 Ba-

1358 2424 1507 2451 thoniensi
1528 2424 1649 2458 ejusque
1669 2425 1788 2458 collegis
1809 2425 1986 2452 auctoritate
2005 2426 2167 2459 apostolica
2184 2427 2365 2458 vertebatur,

1358 2474 1388 2499 111
1410 2476 1526 2500 tantum
1546 2482 1597 2507 per
1617 2473 1753 2500 laicalem
1776 2474 1939 2508 potentiam
1963 2474 2114 2508 impediri,
2138 2475 2224 2509 quod,
2246 2475 2367 2503 biennio

1358 2525 1386 2548 et
1399 2522 1529 2556 amplius
1540 2523 1599 2555 Jam
1613 2523 1722 2556 elapso,
1736 2522 1798 2549 litis
1813 2523 1989 2549 contestatio
2002 2523 2062 2549 fieri
2077 2523 2208 2550 nondum
2221 2527 2366 2558 potuerat,

1359 2586 1391 2588 —
1406 2574 1502 2605 partes
1515 2571 1586 2598 citet
1601 2571 1701 2605 eisque
1720 2571 1881 2598 terminum
1901 2572 2131 2606 peremptorium
2149 2575 2366 2606 competentem

1393 2697 1414 2720 1.
1431 2699 1478 2726 Eo,
1494 2696 1561 2720 dans
1575 2697 1600 2720 la
1614 2697 1697 2727 ligne,
1714 2697 1862 2727 reinplace,
1878 2697 1945 2720 dans
1957 2698 1980 2720 la
1994 2704 2094 2728 niarge,
2110 2705 2158 2728 par
2173 2700 2260 2722 tanto.

1389 2740 1413 2764 2.
1432 2740 1469 2764 Le
1490 2743 1564 2764 texte
1580 2742 1682 2772 portait
1698 2742 1915 2772 primitivement
1929 2749 1935 2766 :
1951 2750 1964 2764 <c
1982 2743 2123 2766 deservias
2137 2744 2326 2771 personaliter
2342 2750 2368 2772 »3

1359 2792 1372 2806 11
1392 2785 1574 2815 personaliter
1591 2793 1604 2807 u
1632 2793 1646 2808 a
1669 2785 1711 2809 ete
1726 2786 1883 2816 expone-tue
1900 2789 1926 2810 et
1942 2787 2077 2816 remplacc
2094 2794 2142 2817 par
2160 2787 2183 2809 le
2201 2788 2320 2810 membre
2336 2787 2369 2811 de

1360 2829 1459 2858 phrase
1481 2836 1486 2852 :
1510 2837 1523 2851 «
1548 2829 1701 2853 secundum
1728 2830 1899 2860 antiquam...
1922 2831 2152 2854 consuetudinem
2175 2840 2196 2860 11,
2219 2831 2311 2862 ajoute
2337 2838 2370 2855 en

1361 2880 1461 2903 margo.

1392 2917 1414 2940 3.
1435 2917 1471 2941 Le
1485 2918 1645 2945 manuscrit,
1663 2919 1709 2949 qui
1726 2918 1818 2942 donne
1829 2919 1891 2949 plus
1907 2919 1972 2942 haut
1989 2920 2013 2943 la
2029 2920 2119 2943 bonne
2133 2919 2219 2943 forme
2235 2922 2369 2950 Bruqen„

1361 2964 1439 2992 porte
1455 2962 1489 2986 ici
1507 2964 1627 2992 Buryen.
