2553 3526
300 302 357 332 419
1028 296 1266 328 REGISTRES
1290 295 1344 324 DE
1367 287 1589 324 GREGofflE
1615 294 1672 322 tx.
2343 293 2400 321 420

303 374 470 406 tamquam
485 367 519 396 in
534 368 680 396 Romane
698 365 843 395 Ecclesie
857 365 925 394 filio
942 364 1088 402 speciali,
1104 362 1307 400 Sti-igonien-

302 430 371 450 sem
387 419 573 453 ecclesiam,
592 418 701 448 nobile
717 417 848 456 quidem
866 417 1012 455 Ecclvesie
1030 416 1090 446 Dei
1110 415 1306 447 membrum,

303 473 363 502 tibi
400 471 600 501 fiducialiter
627 470 780 499 duximus
810 468 1096 499 committendam.
1138 471 1309 505 sperantes

302 526 400 564 quod.
419 525 452 554 in
470 529 596 562 partem
615 522 852 552 sollicitudinis
870 525 1033 555 evocatus,
1055 520 1102 549 sic
1123 519 1307 549 nobiscum.

303 579 479 616 ingruent(¹
503 576 711 609 necessitate,
734 584 834 604 onera
854 574 1038 612 partireris
1064 573 1150 611 quod
1175 571 1310 609 gloriari

304 640 474 669 possemus
487 639 545 659 nos
558 629 652 658 vinee
664 628 789 657 domini
803 626 946 657 Sabaoth
959 626 1138 664 prefecisse
1151 624 1310 654 cultorem

303 683 418 713 utilem
444 687 474 711 et
498 681 593 710 nobis
610 681 792 719 adjutorem
811 680 966 709 idoneum
983 678 1216 716 assumpsisse.
1235 676 1309 711 Sed,

304 735 390 775 quod
407 744 471 764 non
491 735 563 764 sine
586 733 773 763 turbatione
797 732 985 762 referimus.
1010 731 1131 760 vulnus
1154 730 1194 759 ab
1217 729 1311 758 hoste

305 797 368 817 non
382 791 549 825 expectato
561 787 716 816 ferentes,
732 785 766 814 in
779 785 937 814 instantis
950 783 1160 813 necessitatis
1172 781 1311 811 articulo

305 840 412 869 eidem
435 838 592 868 Ecclesie.
619 838 717 867 matri
739 842 804 871 tue,
825 837 1022 875 obsequium
1047 841 1100 865 tue
1126 834 1311 865 devotionis

305 891 472 927 subducis,
493 900 511 920 a
527 891 620 929 cujus
639 891 775 920 caritate
794 889 980 928 persecutio
995 888 1085 917 nulla
1101 887 1152 918 vel
1168 887 1311 925 gladius,

305 944 473 982 presentia
490 943 540 973 vel
555 944 677 973 sutura.
696 948 726 973 te
743 943 898 972 deberent
916 941 1127 979 aliquatenus
1145 948 1310 978 separare.

306 997 397 1027 Licet
412 996 515 1033 igitur
532 1005 631 1034 super
644 996 855 1026 excusatione
872 999 927 1024 tua
951 995 989 1023 de
1012 1002 1075 1023 non
1093 992 1256 1023 veniendo
1273 992 1312 1021 ad

306 1049 496 1080 concilium.
514 1048 637 1078 dudum
650 1049 808 1087 quasdam
825 1047 1057 1077 nobislitteras
1072 1045 1262 1079 destinaris,
1282 1049 1311 1074 et

1391 369 1450 390 nos
1469 360 1529 388 tibi
1553 368 1651 397 super
1670 359 1730 388 hoc
1748 363 1842 396 prout
1859 358 2011 396 expedire
2030 357 2187 393 vidimus,
2207 358 2400 388 duxerimus

1391 411 1656 450 respondendum
1675 421 1680 440 :
1697 411 1775 450 quia
1795 415 1904 440 tamen
1923 410 2038 440 eadem
2051 419 2156 448 nuper
2171 419 2229 448 per
2245 410 2328 440 alias
2344 410 2400 439 lit-

1392 470 1478 494 teras
1497 469 1568 494 tuas
1586 464 1709 493 nostris
1725 463 1863 493 auribus
1876 462 2065 497 inculcasti,
2083 462 2242 501 quasdam
2259 462 2401 492 difficul-

1391 521 1475 547 tates
1489 522 1519 547 et
1538 517 1667 546 viarum
1679 515 1826 554 pericula
1842 516 1877 545 in
1894 515 2019 545 eisdem
2036 515 2158 545 litteris
2175 515 2398 553 exprimendo,

1392 579 1466 599 cum
1479 570 1558 608 jam,
1580 578 1637 607 per
1653 569 1712 598 Dei
1730 569 1880 606 gratiam.
1898 568 1945 597 ita
1959 568 1998 597 de
2015 568 2067 596 via
2085 572 2196 606 quatu
2213 571 2244 597 et
2260 567 2318 596 alii
2331 571 2400 597 tute

1393 622 1432 652 ad
1449 622 1566 652 Sedent
1583 621 1806 660 Apostolicam
1821 621 1934 651 venire
1947 620 2095 658 possitis,
2111 629 2256 657 congrue
2269 620 2312 649 sit
2325 629 2401 658 pro-

1392 675 1513 709 visum,
1528 674 1615 712 quod
1628 683 1685 712 per
1698 674 1768 703 loca
1782 673 1988 703 discriminis
2001 681 2059 702 seu
2072 677 2176 702 terras
2187 672 2401 702 inimicorum

1393 727 1539 756 Ecclesie
1569 736 1626 756 vos
1654 726 1776 756 habere
1799 726 1978 755 transitum
2005 725 2195 755 nullatenus
2226 725 2399 763 oportebit,

1394 789 1492 818 super
1510 789 1574 818 quo
1591 789 1647 817 per
1665 779 1798 809 nuntios
1822 783 1952 808 nostros
1972 778 2068 816 plene
2088 777 2240 816 poteritis
2257 777 2398 813 edoceri,

1394 832 1546 861 volumus
1563 820 1593 862 et
1616 841 1673 870 per
1698 831 1878 869 apostolica
1902 830 1963 860 tihi
1986 830 2109 868 scripta
2126 830 2161 858 in
2181 829 2302 859 virtute
2325 829 2401 859 obe-

1393 884 1517 914 dientie
1534 884 1682 913 districte
1698 883 1909 921 precipiendo
1924 882 2120 912 mandamus
2132 886 2296 920 quatenus
2308 882 2402 921 juxta

1394 937 1493 975 primi
1509 936 1656 966 mandati
1673 936 1777 965 nostri
1793 940 1942 965 tenorem
1958 936 2071 965 venire
2089 935 2128 964 ad
2141 934 2321 964 concilium
2336 943 2402 964 non

1394 994 1582 1028 postponas.
1608 990 1681 1018 Dat.
1705 989 1872 1023 LateranL
1899 989 1967 1018 IIII
1990 987 2149 1018 kalendas
2170 987 2293 1020 martii,
2316 995 2403 1017 anno

1395 1042 1652 1081 quartodecimo.
1673 1053 1685 1067 ιι
