2553 3526
163 287 217 317 1‘25
1005 283 1239 321 TREIZOEME
1262 285 1420 321 ANNEE.
2200 300 2252 329 1⁶36

160 355 266 391 batur,
295 355 470 393 procedere
496 364 558 384 non
588 355 752 391 valebant,
782 366 835 386 rex
863 357 949 387 idem
977 357 1167 396 hujusmodi

159 408 282 438 litteris
301 417 366 437 non
384 412 433 438 est
449 417 541 442 usus,
561 408 617 438 sed
634 414 863 446 procuratores
879 410 1052 448 utriusque
1065 410 1166 447 partis

160 461 200 491 ad
223 461 340 491 Sedem
364 461 587 499 Apostolicam
605 466 828 491 accesserunt.
849 462 998 500 Cumque
1019 471 1055 491 ex
1076 467 1166 500 parte

160 514 247 552 regis
270 514 376 552 ipsius
396 518 562 551 peteretur
579 523 596 543 a
621 514 714 543 nobis
739 514 825 552 quod
852 514 1084 544 mandaremus
1106 514 1168 544 ali-

159 567 282 605 quibus
299 571 333 596 ut
349 567 382 595 in
399 567 530 604 negotio
549 566 663 596 eodem
686 567 900 604 procederem
913 567 1007 605 juxta
1029 567 1166 596 sormam

159 620 343 650 litterarum
361 620 401 649 ad
417 619 685 649 Lincolniensem
703 620 892 658 episcopum
916 624 946 649 et
964 621 1035 658 ejus
1053 621 1167 659 conju-

159 673 249 703 dices
275 673 495 708 obtentarum,
524 673 593 711 regi
620 678 764 711 tempore
792 673 908 712 majori
943 683 1100 703 concesso
1128 674 1166 703 ad

160 726 360 764 probandam
377 726 601 764 exceptionem
617 726 871 755 inimicitiarum
892 731 922 756 et
945 727 1106 765 symonie,
1127 727 1167 756 ad

160 788 259 818 quam
287 779 375 808 infra
405 779 548 818 spatium
574 779 712 808 duorum
738 779 903 809 mensium
929 780 1165 809 ostendendam

161 842 236 863 eum
262 832 296 862 in
325 831 446 862 litteris
472 832 713 861 admiseramus
735 832 858 862 eisdem
879 843 884 861 :
913 833 985 867 suit,
1011 833 1098 862 iuter
1114 842 1167 862 ce—

160 890 241 920 tera,
260 894 297 915 ex
314 885 452 915 adversa
475 889 566 923 parte
593 886 796 923 propositum
825 886 911 924 quod
938 891 1165 924 procuratores

160 939 247 977 regis
264 938 422 968 audiendi
439 947 503 967 non
521 942 625 973 erant,
646 947 704 968 nec
722 939 760 967 ad
778 939 1041 976 prosecutionem
1060 940 1165 977 appel-

158 991 319 1022 lationum
346 1000 492 1026 suarum,
523 996 666 1029 tempore
690 991 837 1027 legitimo
859 992 926 1029 jam
951 991 1073 1030 elapso,
1102 992 1164 1021 ali-

158 1049 323 1084 quatenus
336 1044 544 1079 admittendi,
558 1053 618 1074 nec
636 1044 703 1082 regi
721 1045 874 1082 prodesse
888 1049 1022 1082 poterat,
1038 1045 1065 1074 si
1083 1045 1165 1074 sorte

157 1098 247 1127 infra
260 1096 343 1127 illud
361 1101 589 1135 procuratores
604 1102 735 1135 propter
755 1097 815 1126 hoc
833 1098 871 1126 ad
893 1098 1009 1127 Sedem
1027 1099 1166 1135 Aposto-

157 1150 254 1180 licam
272 1150 464 1185 destinarat,
484 1159 558 1179 cum
575 1150 655 1179 adeo
680 1159 714 1179 se
737 1154 888 1183 artasset,
909 1150 995 1188 quod
1020 1149 1164 1187 appella-

158 1203 264 1233 tiones
290 1212 368 1232 suas
395 1203 550 1241 prosequi
571 1202 716 1232 finaliter
742 1203 774 1231 111
805 1203 917 1232 eodem
947 1203 1082 1231 minime
1110 1212 1165 1240 po-

158 1256 288 1291 tuisset,
307 1256 448 1286 maxime
466 1255 555 1294 quia,
576 1260 648 1294 post
668 1255 753 1284 idem
778 1260 914 1293 tempusv
943 1255 1063 1284 litteris
1084 1264 1165 1294 quas

157 1308 342 1347 superbiis
363 1309 609 1346 impetraverat,
634 1308 681 1337 uti
700 1313 943 1346 postposuerat,
967 1308 1064 1346 quod,
1092 1317 1165 1337 cum

157 1362 312 1392 habuerit
331 1362 481 1401 judicum
504 1361 644 1399 copiam,
668 1361 872 1399 presumitur
898 1371 934 1391 ex
964 1361 1167 1399 negligentia

158 1415 209 1446 vel
226 1415 298 1445 dolo
312 1415 444 1445 fecisse.
464 1414 527 1445 Sed
542 1414 649 1444 extitit
668 1424 724 1452 pro
746 1423 820 1452 rege
845 1423 1039 1452 responsum
1067 1414 1163 1453 quod,

161 1468 201 1498 ad
223 1468 488 1507 prosecutionem
514 1467 773 1505 appellationum
798 1467 946 1505 ipsarum
976 1472 1165 1505 procurato-

158 1522 252 1552 ribus
269 1521 308 1551 ab
326 1521 439 1551 eodem
457 1520 497 1550 ad
514 1529 572 1550 nos
588 1525 733 1558 tempore
757 1530 901 1557 congruo
929 1520 1114 1555 destinatis,
1137 1525 1167 1549 et

159 1575 200 1605 ad
228 1573 497 1604 Lincolniensem
528 1573 664 1612 ejusque
696 1573 838 1611 collegas
866 1573 1010 1603 obtentis
1045 1574 1166 1603 litteris

160 1637 259 1667 super
275 1628 334 1663 eis,
361 1627 448 1657 idem
466 1626 723 1661 Lincolniensis,
746 1627 818 1656 sine
845 1636 909 1665 quo
928 1627 962 1655 in
980 1636 1080 1656 causa
1098 1637 1166 1665 pro-

157 1681 229 1712 cedi
247 1690 312 1711 non
329 1685 467 1720 poterat,
493 1681 629 1711 effectus
657 1685 705 1710 est
731 1681 800 1718 regi
821 1685 1006 1719 suspectus,
1036 1686 1066 1710 et
1093 1681 1166 1711 ideo

157 1735 279 1766 litteris
295 1735 378 1774 ipsis
403 1735 521 1764 merito
539 1743 602 1764 non
628 1739 676 1764 est
695 1744 785 1768 usus,
810 1739 845 1764 ut
864 1735 1017 1773 superius
1047 1739 1095 1764 est
1112 1744 1166 1764 ex-

157 1797 324 1827 pressum,
352 1797 453 1827 quare
478 1787 608 1817 nullum
630 1788 693 1817 sibi
718 1797 754 1817 ex
779 1787 839 1817 hoc
862 1788 1000 1817 debebat
1022 1788 1166 1826 prejudi-

156 1841 244 1872 cium
264 1841 428 1879 generari.
449 1842 517 1871 Nos
535 1841 650 1878 igitur,
669 1840 735 1869 hiis
754 1846 785 1870 et
803 1840 879 1870 aliis
902 1850 964 1879 que
984 1845 1092 1878 partes
1111 1850 1166 1870 vo-

156 1894 291 1925 luerunt
311 1903 504 1932 proponere,
530 1894 721 1928 intellectis,
757 1893 904 1923 volentes
929 1893 1165 1923 Dunelmensis

156 1947 295 1978 ecclesie
313 1947 471 1985 periculis
490 1956 676 1985 precavere.
699 1956 750 1976 110,
771 1951 902 1984 propter
919 1947 1164 1985 dispendiosam

156 2009 255 2031 cause
271 2000 548 2039 prorogationem,
564 2000 710 2029 vacando
728 2000 864 2036 diutius,
886 2000 1000 2037 gravia
1017 2000 1166 2029 incurrat

156 2053 192 2083 in
213 2053 445 2092 spiritualibus
468 2058 499 2083 et
526 2053 764 2091 temporalibus
788 2053 999 2083 detrimenta.
1030 2053 1068 2082 de
1098 2053 1165 2082 fra-

159 2110 245 2136 trum
276 2111 465 2136 nostrorum
497 2106 637 2136 consilio
667 2106 821 2135 duximus
860 2106 1097 2144 providendum
1131 2110 1165 2135 ut

158 2159 325 2198 predictus
342 2159 431 2197 pri0r
456 2168 489 2189 se
513 2159 598 2197 apud
616 2159 733 2188 Sedem
758 2159 980 2197 Apostolicam
1008 2168 1165 2196 persona-

157 2212 234 2243 liter
249 2216 466 2251 representet,
488 2217 529 2247 et,
548 2212 575 2242 si
594 2217 743 2250 repertus
771 2212 872 2241 suerit
892 2212 1072 2248 sufficiens,
1096 2222 1165 2250 pre-

157 2265 225 2295 fato
243 2264 312 2303 regi
329 2274 428 2303 super
445 2265 616 2302 premissis
637 2265 886 2302 exceptionibus
906 2264 1078 2294 silentium
1103 2265 1165 2293 im-

158 2320 310 2355 ponatur,
342 2321 373 2346 et
402 2325 461 2346 nos
484 2325 584 2354 super
606 2316 672 2345 hiis
695 2321 725 2345 et
747 2315 822 2345 aliis
846 2325 882 2346 ex
904 2316 1011 2345 officio
1040 2321 1163 2350 nostro,

157 2370 244 2400 sicut
262 2370 415 2408 expedire
435 2369 632 2404 videbimus,
652 2369 878 2407 procedamus.
893 2369 1053 2405 Quocirca
1071 2379 1165 2399 man-

157 2423 274 2453 damus
302 2428 467 2462 quatenus
494 2423 637 2460 priorem
663 2422 771 2460 ipsum
799 2426 834 2451 ut
866 2422 955 2451 infra
985 2422 1164 2452 terminum

159 2480 399 2515 competentem
418 2476 483 2506 sibi
500 2485 518 2505 a
534 2481 562 2505 te
578 2475 818 2514 prefigendum,
840 2475 1060 2513 personaliter
1077 2485 1165 2505 com—

157 2533 270 2568 pareat
286 2538 395 2558 coram
413 2529 519 2561 nobis,
536 2528 732 2558 auctoritate
749 2532 862 2557 nostra
877 2528 979 2558 citare
996 2537 1163 2566 procures.

157 2582 227 2612 Dat.
246 2582 409 2619 Anagnie,
429 2583 478 2611 III
496 2590 599 2611 nonas
617 2581 772 2615 octobris,
789 2589 876 2610 anno
894 2581 1131 2611 tertiodecimo.
1151 2594 1163 2608 n

227 2801 342 2829 4942

193 2863 423 2897 Areliiepiseopo
445 2862 623 2890 Cassellensi
651 2870 700 2896 per
727 2862 896 2895 Simonem,
922 2863 1113 2897 canonicum,
1138 2868 1166 2892 et

158 2912 267 2943 David,
294 2912 434 2938 clericum
462 2911 671 2943 CassellenseS,
698 2911 822 2945 pallium
852 2912 1041 2943 transmittit,
1070 2913 1164 2939 eidem

157 2960 379 2995 archiepiscopo
399 2960 435 2988 ab
456 2960 620 2987 Imilieensi
643 2963 671 2987 et
686 2959 891 2986 Arhtferdensi
907 2962 952 2992 (=
967 2960 1164 2993 Artt'erdensi)

690 2800 819 2834 Anagni,
836 2800 870 2826 22
884 2801 1000 2827 octobre
1015 2802 1092 2828 1239.

1250 357 1394 392 episcopis
1404 359 1625 392 assig11amzlu1n.
1638 375 1669 378 —
1686 361 1771 392 (nm.
1785 362 1828 391 19,
1847 363 1866 387 1.
1882 362 2016 397 13>1[128]
2032 368 2058 389 v¹¹

1249 414 1273 432 c.
1292 406 1356 438 1373
1373 421 1403 424 —
1420 408 1575 434 Pommsw
1589 408 1698 439 10801.)

2068 366 2251 398 ;ann.XIII,

1291 520 1303 532 «
1323 530 1341 535 ..
1359 509 1583 545 archiepiscopo
1596 510 1782 538 Cass-ellcnsi,
1798 510 1879 539 Cum
1894 510 2044 548 palleum,
2060 512 2190 547 insigne
2205 531 2252 542 -—.

1249 559 1321 588 Dat.
1340 560 1501 597 Anagnie,
1524 561 1568 589 XI
1590 561 1748 591 kalendas
1769 563 1967 596 novembris,
1989 573 2075 592 1111110
2100 565 2254 595 tertiode-

1249 612 1345 641 011110.
1367 624 1378 638 11

1318 804 1436 831 4948

1285 873 1297 890 1(
1316 867 1346 893 In
1364 867 1488 892 eundem
1504 868 1562 893 fere
1575 867 1692 894 modum
1707 868 1803 892 eisdem
1817 870 1944 900 episcopis
1957 868 2116 903 [luatis-ensi
2127 874 2150 895 et
2167 871 2250 896 Arm-

1777 806 1906 840 Anagni,
1923 808 1957 833 22
1971 808 2086 834 octobre
2102 809 2179 835 1239.

1247 913 1389 949 ferdensi}
1407 914 1456 941 Eis
1475 915 1595 941 mandat
1612 919 1755 949 quatenus
1772 916 1896 950 pallium
1919 918 2067 951 praedicto
2087 919 2250 953 archiepis-

1248 971 1317 996 copo
1334 963 1522 995 Cassellensi,
1544 964 1628 997 juxta
1652 965 1774 990 formam
1800 965 1840 991 eis
1861 966 1914 992 sub
1930 966 2011 992 bulla
2030 967 2161 999 missam,
2178 968 2250 994 assi-

1248 1013 1348 1043 gnent,
1366 1013 1394 1037 et
1409 1020 1426 1037 a
1442 1013 1572 1044 praefato
1588 1012 1818 1045 archiepiscopo,
1835 1012 1926 1046 ipsius
1945 1022 2036 1047 papae
2057 1017 2084 1040 et
2103 1015 2251 1042 Ecclesiae

1250 1059 1400 1085 Romanae
1415 1060 1544 1091 nomine,
1561 1060 1714 1086 fidelitatis
1730 1061 1942 1093 jurameutum,
1963 1062 2048 1095 juxta
2070 1065 2192 1089 formam
2211 1065 2252 1091 eis

1248 1107 1301 1134 sub
1321 1108 1421 1133 eadem
1444 1108 1525 1134 bulla
1547 1108 1702 1140 directam,
1725 1109 1886 1143 recipiant;
1910 1112 2033 1136 sormam
2051 1114 2147 1137 autem
2172 1113 2252 1145 jura.-

1249 1156 1340 1182 menti
1355 1157 1429 1190 quod
1442 1157 1494 1183 ille
1506 1157 1698 1191 praestiterit,
1713 1158 1748 1184 de
1760 1158 1848 1184 verbo
1862 1159 1896 1184 ad
1911 1159 2044 1191 verbum,
2061 1168 2110 1193 per
2122 1161 2251 1193 ejusdem

1248 1205 1461 1239 archiepiscopi
1480 1208 1613 1239 patentes
1631 1206 1755 1238 litteras,
1773 1207 1834 1240 ejus
1851 1207 1949 1239 sigillo
1965 1208 2105 1240 signatas,
2125 1217 2174 1242 1101·
2189 1217 2253 1243 11111-

1249 1253 1344 1287 prium
1362 1254 1498 1280 nuntium
1517 1254 1691 1287 quantocius
1710 1255 1745 1281 ad
1764 1255 1860 1289 ipsum
1876 1264 1980 1289 papam
1999 1256 2170 1291 destinent]
2186 1258 2252 1284 Dat.

1249 1304 1280 1328 ut
1296 1310 1393 1335 supra.
1412 1310 1425 1326 1)
1441 1317 1471 1320 -
1488 1303 1574 1333 (nm.
1592 1303 1634 1335 19,
1650 1304 1669 1329 t‘.
1689 1302 1894 1337 1311128111.)

1319 1487 1436 1514 4949
1780 1489 1906 1523 Anagni,
1923 1491 1955 1517 23
1972 1491 2088 1517 octobre
2104 1492 2181 1518 1239.

1285 1549 1436 1583 Stephano
1456 1550 1491 1576 de
1512 1551 1649 1584 Segrave,
1671 1551 1880 1578 Coventrensis
1897 1552 2048 1583 dioecesis,
2063 1553 2209 1585 significat
2225 1563 2254 1580 se

1248 1607 1350 1624 omnes
1367 1598 1497 1624 decimas·
1514 1602 1541 1625 et
1557 1599 1749 1626 obventiones
1767 1601 1890 1627 manerii
1914 1601 2005 1634 ipsius
2025 1602 2060 1628 <le
2081 1602 2250 1629 Calxvedon.

1247 1649 1293 1679 (z
1309 1648 1473 1679 Coundon),
1486 1648 1521 1674 ad
1539 1650 1680 1675 rectorem
1693 1649 1834 1675 eeclesiae
1850 1650 1951 1676 Sancti
1967 1650 2125 1677 Michaelis
2137 1652 2252 1679 Ceven-

1249 1696 1355 1723 trensis
1369 1696 1404 1722 de
1417 1697 1480 1729 jure
1496 1700 1673 1730 spectantes,
1689 1706 1760 1731 quas
1776 1698 1853 1724 idem
1872 1702 1975 1731 rector,
1992 1699 2082 1725 bonae
2098 1700 2255 1726 memoriae

1249 1744 1458 1772 Coventrensis
1471 1746 1903 1781 episcopiejusquecapitulict
1918 1751 2105 1781 patronorum
2124 1749 2253 1781 ejusdem

1248 1793 1389 1819 ecclesiae
1412 1794 1569 1820 accedente
1595 1803 1748 1827 consensu,
1774 1796 1904 1829 capellae
1925 1796 2018 1830 ipsius
2043 1797 2198 1830 Stephani,
2226 1797 2254 1823 in

1248 1841 1349 1867 eodem
1379 1842 1510 1868 manerio
1536 1845 1732 1875 constructae,
1763 1843 1893 1876 ejusdem
1923 1845 2053 1877 capellae
2080 1845 2253 1871 facultatum

1249 1890 1394 1917 tenuitate
1412 1894 1542 1924 pensata,
1560 1891 1732 1923 donaverat,
1749 1892 1842 1918 eidem
1861 1893 2042 1918 confirmare.
2062 1908 2092 1910 —
2108 1894 2193 1923 (Rae.
2212 1894 2254 1926 19,

1249 1939 1268 1964 f.
1286 1938 1335 1964 134
1351 1937 1424 1973 [128]
1440 1942 1483 1970 v“;
1501 1948 1570 1965 ann.
1587 1939 1669 1971 XIII,
1689 1948 1712 1966 c.
1729 1940 1794 1971 138:
1813 1955 1844 1958 —-
1862 1940 1993 1967 MonEAu
2008 1941 2087 1972 1192,
2104 1942 2122 1967 f.
2138 1941 2213 1972 389.)

1290 2052 1301 2064 <1
1321 2040 1420 2068 Nobili
1439 2041 1503 2068 viro
1519 2041 1669 2077 Stephano
1685 2041 1718 2068 dr
1738 2041 1877 2077 Scyrnrc,
1897 2041 2105 2069 anwutw11six
2121 2042 2254 2069 diocesis.

1247 2092 1354 2122 Justis
1370 2092 1551 2130 petentium
1568 2097 1628 2121 etc.
1646 2110 1693 2121 -—.
1712 2093 1783 2121 Dat.
1804 2093 1964 2130 Anagnie,
1984 2094 2012 2122 X
2029 2093 2186 2123 kalendas
2203 2102 2256 2123 no-

1249 2145 1404 2179 vembris,
1424 2155 1510 2174 anno
1528 2145 1765 2175 tertiodecimo.
1787 2158 1799 2171 1)

1318 2338 1436 2366 4950

1282 2400 1391 2427 Abbati
1404 2404 1432 2427 et
1445 2400 1604 2427 conventui
1617 2400 1651 2426 de
1666 2401 1813 2431 Begeham
1830 2402 1876 2431 (=
1894 2400 2051 2433 Bayham),
2064 2399 2163 2425 audito
2177 2400 2251 2432 quod

1247 2449 1376 2483 ipsorum
1392 2449 1457 2475 dom
1465 2458 1506 2481 us,
1520 2449 1635 2475 noviter
1647 2449 1792 2480 conditae,
1806 2450 1964 2482 proventus
1976 2448 2046 2473 adeo
2058 2450 2159 2473 tenues
2171 2451 2252 2474 erant

1742 2337 1882 2373 [Anagni,
1899 2338 1932 2364 23
1948 2337 2063 2364 octobre
2081 2336 2182 2371 1239‘2]

1247 2501 1276 2525 et
1291 2498 1394 2530 exiles,
1411 2498 1485 2532 quod
1502 2498 1537 2524 ad
1556 2497 1754 2524 ministranda
1766 2498 1807 2523 eis
1823 2500 1851 2523 et
1868 2497 2084 2523 cmlssueutibus
2100 2497 2171 2522 111110
2187 2497 2252 2522 hos-

1247 2546 1358 2581 pitibus
1375 2546 1538 2573 necessaria
1554 2555 1610 2572 non
1623 2546 1819 2576 sufficiebant,
1831 2545 1967 2578 indulget
1980 2548 2010 2571 ut
2024 2545 2058 2570 de
2075 2544 2253 2570 molendinis·

1247 2595 1605 2629 (10110110110101000111111,
1621 2597 1649 2620 ct
1665 2594 1699 2619 de
1718 2595 1782 2619 feno
1801 2596 1944 2619 terrarum
1960 2593 2088 2626 ipsorum
2102 2593 2137 2619 de
2149 2592 2254 2626 quibus

1247 2643 1356 2677 aliquis
1374 2644 1514 2669 hactenus
1532 2651 1588 2668 11011
1607 2642 1762 2675 pereipiat,
1776 2642 1876 2667 nullus
1892 2641 1928 2667 ab
1944 2641 1985 2667 eis
2001 2641 2131 2667 decimas
2146 2641 2253 2675 exigat.

1248 2707 1279 2710 —
1296 2692 1438 2724 (amm,
1456 2693 1475 2718 1'.
1494 2692 1543 2717 135
1561 2689 1686 2725 [129]1=0;
1704 2699 1773 2717 ann.
1790 2691 1872 2721 XIII,
1890 2700 1914 2716 c.
1932 2690 2006 2721 139.)

1291 2805 1303 2819 «
1331 2816 1352 2821 .,
1377 2793 1476 2821 abbati
1498 2797 1523 2820 et
1546 2793 1710 2820 conventui
1733 2792 1766 2819 (le
1788 2792 1943 2827 Bryelnttn,
1970 2791 2258 2819 I'1·e⁷no›1sl7·alensz's

1249 2847 1377 2881 ordiizis,
1400 2846 1590 2874 (ficosa-ensis
1607 2846 1741 2874 ‹Ilocesis.
1761 2844 1854 2878 Cunl,
1873 2844 1957 2873 sicut
1974 2844 2030 2872 cx¹
2045 2861 2094 2872 —.
2115 2854 2127 2869 11

1284 2965 1303 2988 l.
1325 2964 1374 2987 I'as
1389 2964 1422 2986 de
1439 2964 1499 2986 date
1516 2963 1583 2985 dans
1599 2963 1623 2985 10
1640 2963 1771 2991 neuim-e.
