<?xml version="1.0" encoding="UTF-8"?>
<!DOCTYPE html PUBLIC "-//W3C//DTD XHTML 1.0 Transitional//EN"
    "http://www.w3.org/TR/xhtml1/DTD/xhtml1-transitional.dtd">
<html xmlns="http://www.w3.org/1999/xhtml" xml:lang="en" lang="en">
 <head>
  <title>
</title>
<meta http-equiv="Content-Type" content="text/html;charset=utf-8" />
  <meta name='ocr-system' content='tesseract 3.04.00' />
  <meta name='ocr-capabilities' content='ocr_page ocr_carea ocr_par ocr_line ocrx_word'/>
</head>
<body>
  <div class='ocr_page' id='page_1' title='image "./lesregistresdegr03cathuoft_0104.png"; bbox 0 0 2553 3526; ppageno 0'>
   <div class='ocr_carea' id='block_1_1' title="bbox 296 264 2392 315">
    <p class='ocr_par' dir='ltr' id='par_1_1' title="bbox 296 264 2392 315">
     <span class='ocr_line' id='line_1_1' title="bbox 296 264 2392 315; baseline -0.011 0"><span class='ocrx_word' id='word_1_1' title='bbox 296 285 349 315; x_wconf 80' lang='lat'>187</span> <span class='ocrx_word' id='word_1_2' title='bbox 1021 274 1258 307; x_wconf 63' lang='lat' dir='ltr'>nncis&#39;rnsss</span> <span class='ocrx_word' id='word_1_3' title='bbox 1282 271 1336 301; x_wconf 84' lang='lat' dir='ltr'>DE</span> <span class='ocrx_word' id='word_1_4' title='bbox 1359 264 1582 300; x_wconf 68' lang='lat' dir='ltr'>GREGOIRE</span> <span class='ocrx_word' id='word_1_5' title='bbox 1606 271 1662 300; x_wconf 82' lang='lat' dir='ltr'>ix.</span> <span class='ocrx_word' id='word_1_6' title='bbox 2338 270 2392 298; x_wconf 63' lang='lat'>133</span> 
     </span>
    </p>
   </div>
   <div class='ocr_carea' id='block_1_2' title="bbox 366 340 1231 380">
    <p class='ocr_par' dir='ltr' id='par_1_2' title="bbox 366 340 1231 380">
     <span class='ocr_line' id='line_1_2' title="bbox 366 340 1231 380; baseline -0.016 0"><span class='ocrx_word' id='word_1_7' title='bbox 366 352 483 380; x_wconf 70' lang='lat'>5088</span> <span class='ocrx_word' id='word_1_8' title='bbox 841 347 962 378; x_wconf 58' lang='lat' dir='ltr'>Latratu,</span> <span class='ocrx_word' id='word_1_9' title='bbox 978 345 1012 371; x_wconf 86' lang='lat'>10</span> <span class='ocrx_word' id='word_1_10' title='bbox 1028 343 1136 370; x_wconf 72' lang='lat' dir='ltr'>sevrier</span> <span class='ocrx_word' id='word_1_11' title='bbox 1152 340 1231 368; x_wconf 82' lang='grc'><strong>1240.</strong></span> 
     </span>
    </p>
   </div>
   <div class='ocr_carea' id='block_1_3' title="bbox 298 401 1304 591">
    <p class='ocr_par' dir='ltr' id='par_1_3' title="bbox 298 401 1304 591">
     <span class='ocr_line' id='line_1_3' title="bbox 334 401 1304 449; baseline -0.015 -7"><span class='ocrx_word' id='word_1_12' title='bbox 334 416 477 449; x_wconf 74' lang='lat' dir='ltr'>Episcopo</span> <span class='ocrx_word' id='word_1_13' title='bbox 494 411 686 446; x_wconf 85' lang='lat' dir='ltr'>Majoricensi</span> <span class='ocrx_word' id='word_1_14' title='bbox 703 410 804 436; x_wconf 79' lang='lat' dir='ltr'>scribit</span> <span class='ocrx_word' id='word_1_15' title='bbox 822 409 892 442; x_wconf 87' lang='lat' dir='ltr'>quid</span> <span class='ocrx_word' id='word_1_16' title='bbox 907 415 990 441; x_wconf 86' lang='lat' dir='ltr'>agere</span> <span class='ocrx_word' id='word_1_17' title='bbox 1007 405 1111 432; x_wconf 87' lang='lat' dir='ltr'>debeat</span> <span class='ocrx_word' id='word_1_18' title='bbox 1124 411 1211 437; x_wconf 86' lang='lat' dir='ltr'>super</span> <span class='ocrx_word' id='word_1_19' title='bbox 1223 401 1304 428; x_wconf 52' lang='lat' dir='ltr'>abso*</span> 
     </span>
     <span class='ocr_line' id='line_1_4' title="bbox 298 451 1304 496; baseline -0.014 -6"><span class='ocrx_word' id='word_1_20' title='bbox 298 465 410 490; x_wconf 75' lang='lat' dir='ltr'>lutione</span> <span class='ocrx_word' id='word_1_21' title='bbox 427 467 454 489; x_wconf 81' lang='lat' dir='ltr'>et</span> <span class='ocrx_word' id='word_1_22' title='bbox 470 461 691 496; x_wconf 73' lang='lat' dir='ltr'>dispensatione</span> <span class='ocrx_word' id='word_1_23' title='bbox 712 458 885 485; x_wconf 83' lang='lat' dir='ltr'>clericorum</span> <span class='ocrx_word' id='word_1_24' title='bbox 908 454 1183 482; x_wconf 79' lang='lat' dir='ltr'>concubinariorum</span> <span class='ocrx_word' id='word_1_25' title='bbox 1207 451 1304 484; x_wconf 86' lang='lat' dir='ltr'>Majo-</span> 
     </span>
     <span class='ocr_line' id='line_1_5' title="bbox 298 499 1304 539; baseline -0.014 0"><span class='ocrx_word' id='word_1_26' title='bbox 298 512 421 539; x_wconf 66' lang='lat' dir='ltr'>ricvnsis</span> <span class='ocrx_word' id='word_1_27' title='bbox 437 510 589 537; x_wconf 80' lang='lat' dir='ltr'>dioecesis.</span> <span class='ocrx_word' id='word_1_28' title='bbox 614 524 645 527; x_wconf 92' lang='lat'>—</span> <span class='ocrx_word' id='word_1_29' title='bbox 667 509 753 539; x_wconf 60' lang='lat' dir='ltr'>(Rae.</span> <span class='ocrx_word' id='word_1_30' title='bbox 778 507 820 535; x_wconf 78' lang='lat'>19,</span> <span class='ocrx_word' id='word_1_31' title='bbox 847 507 865 532; x_wconf 87' lang='lat' dir='ltr'>f.</span> <span class='ocrx_word' id='word_1_32' title='bbox 892 505 944 531; x_wconf 83' lang='lat'>150</span> <span class='ocrx_word' id='word_1_33' title='bbox 968 501 1040 538; x_wconf 78' lang='grc'><strong>[144]</strong></span> <span class='ocrx_word' id='word_1_34' title='bbox 1062 509 1104 534; x_wconf 80' lang='lat' dir='ltr'>r⁰;</span> <span class='ocrx_word' id='word_1_35' title='bbox 1127 509 1197 528; x_wconf 84' lang='lat' dir='ltr'>ann.</span> <span class='ocrx_word' id='word_1_36' title='bbox 1222 499 1304 531; x_wconf 85' lang='lat' dir='ltr'>xlll,</span> 
     </span>
     <span class='ocr_line' id='line_1_6' title="bbox 298 562 414 591; baseline -0.009 -3"><span class='ocrx_word' id='word_1_37' title='bbox 298 573 322 588; x_wconf 71' lang='grc' dir='ltr'>υ.</span> <span class='ocrx_word' id='word_1_38' title='bbox 340 562 414 591; x_wconf 79' lang='grc'><strong>229.)</strong></span> 
     </span>
    </p>
   </div>
   <div class='ocr_carea' id='block_1_4' title="bbox 300 649 1317 2174">
    <p class='ocr_par' dir='ltr' id='par_1_4' title="bbox 300 649 1317 2174">
     <span class='ocr_line' id='line_1_7' title="bbox 341 649 1305 697; baseline -0.013 -7"><span class='ocrx_word' id='word_1_39' title='bbox 341 676 351 685; x_wconf 82' lang='lat'>«</span> <span class='ocrx_word' id='word_1_40' title='bbox 375 686 392 689; x_wconf 90' lang='lat'>..</span> <span class='ocrx_word' id='word_1_41' title='bbox 411 662 543 697; x_wconf 61' lang='lat' dir='ltr'>epist-opo</span> <span class='ocrx_word' id='word_1_42' title='bbox 560 658 761 695; x_wconf 68' lang='lat' dir='ltr'>Majoriceusi.</span> <span class='ocrx_word' id='word_1_43' title='bbox 779 656 822 684; x_wconf 87' lang='lat' dir='ltr'>Ex</span> <span class='ocrx_word' id='word_1_44' title='bbox 842 660 895 683; x_wconf 88' lang='lat' dir='ltr'>tua</span> <span class='ocrx_word' id='word_1_45' title='bbox 913 651 1141 682; x_wconf 73' lang='lat' dir='ltr'>insinuatione</span> <span class='ocrx_word' id='word_1_46' title='bbox 1159 649 1305 688; x_wconf 86' lang='lat' dir='ltr'>percepi-</span> 
     </span>
     <span class='ocr_line' id='line_1_8' title="bbox 300 703 1306 752; baseline -0.014 -8"><span class='ocrx_word' id='word_1_47' title='bbox 300 726 372 745; x_wconf 74' lang='lat' dir='ltr'>mus</span> <span class='ocrx_word' id='word_1_48' title='bbox 391 713 475 752; x_wconf 73' lang='lat' dir='ltr'>quod</span> <span class='ocrx_word' id='word_1_49' title='bbox 496 711 647 741; x_wconf 79' lang='lat' dir='ltr'>nonnulli</span> <span class='ocrx_word' id='word_1_50' title='bbox 665 709 777 739; x_wconf 76' lang='lat' dir='ltr'>clerici</span> <span class='ocrx_word' id='word_1_51' title='bbox 796 714 848 737; x_wconf 83' lang='lat' dir='ltr'>tue</span> <span class='ocrx_word' id='word_1_52' title='bbox 865 706 1010 736; x_wconf 81' lang='lat' dir='ltr'>civitatis</span> <span class='ocrx_word' id='word_1_53' title='bbox 1028 709 1055 734; x_wconf 89' lang='lat' dir='ltr'>et</span> <span class='ocrx_word' id='word_1_54' title='bbox 1075 703 1229 736; x_wconf 83' lang='lat' dir='ltr'>diocesis,</span> <span class='ocrx_word' id='word_1_55' title='bbox 1250 711 1306 740; x_wconf 90' lang='lat' dir='ltr'>pro</span> 
     </span>
     <span class='ocr_line' id='line_1_9' title="bbox 300 757 1307 798; baseline -0.014 -1"><span class='ocrx_word' id='word_1_56' title='bbox 300 767 559 797; x_wconf 68' lang='lat' dir='ltr'>com-ubinarum</span> <span class='ocrx_word' id='word_1_57' title='bbox 577 762 834 793; x_wconf 80' lang='lat' dir='ltr'>cohabitatione.</span> <span class='ocrx_word' id='word_1_58' title='bbox 853 759 996 798; x_wconf 80' lang='lat' dir='ltr'>prolatas</span> <span class='ocrx_word' id='word_1_59' title='bbox 1014 768 1031 787; x_wconf 89' lang='lat' dir='ltr'>a</span> <span class='ocrx_word' id='word_1_60' title='bbox 1047 757 1155 794; x_wconf 80' lang='lat' dir='ltr'>legato</span> <span class='ocrx_word' id='word_1_61' title='bbox 1170 757 1307 794; x_wconf 75' lang='lat' dir='ltr'>Aposto-</span> 
     </span>
     <span class='ocr_line' id='line_1_10' title="bbox 302 810 1307 855; baseline -0.014 -5"><span class='ocrx_word' id='word_1_62' title='bbox 302 823 361 850; x_wconf 61' lang='lat' dir='ltr'>liee</span> <span class='ocrx_word' id='word_1_63' title='bbox 382 819 476 850; x_wconf 79' lang='lat' dir='ltr'>Sedis</span> <span class='ocrx_word' id='word_1_64' title='bbox 494 816 725 855; x_wconf 69' lang='lat' dir='ltr'>suspensionis</span> <span class='ocrx_word' id='word_1_65' title='bbox 748 819 775 844; x_wconf 85' lang='lat' dir='ltr'>et</span> <span class='ocrx_word' id='word_1_66' title='bbox 803 810 1155 843; x_wconf 66' lang='lat' dir='ltr'>excommunicationis</span> <span class='ocrx_word' id='word_1_67' title='bbox 1173 813 1307 838; x_wconf 87' lang='lat' dir='ltr'>senten·</span> 
     </span>
     <span class='ocr_line' id='line_1_11' title="bbox 302 862 1310 907; baseline -0.012 -5"><span class='ocrx_word' id='word_1_68' title='bbox 302 875 363 903; x_wconf 79' lang='lat' dir='ltr'>tias</span> <span class='ocrx_word' id='word_1_69' title='bbox 381 873 606 903; x_wconf 83' lang='lat' dir='ltr'>incurrerunt,</span> <span class='ocrx_word' id='word_1_70' title='bbox 625 877 764 907; x_wconf 77' lang='lat' dir='ltr'>quorum</span> <span class='ocrx_word' id='word_1_71' title='bbox 788 866 891 904; x_wconf 79' lang='lat' dir='ltr'>aliqui</span> <span class='ocrx_word' id='word_1_72' title='bbox 913 867 1105 902; x_wconf 72' lang='lat' dir='ltr'>receperunt</span> <span class='ocrx_word' id='word_1_73' title='bbox 1125 862 1259 892; x_wconf 78' lang='lat' dir='ltr'>ordines</span> <span class='ocrx_word' id='word_1_74' title='bbox 1278 866 1310 890; x_wconf 87' lang='lat' dir='ltr'>et</span> 
     </span>
     <span class='ocr_line' id='line_1_12' title="bbox 301 914 1309 956; baseline -0.013 -1"><span class='ocrx_word' id='word_1_75' title='bbox 301 926 414 955; x_wconf 82' lang='lat' dir='ltr'>diviua</span> <span class='ocrx_word' id='word_1_76' title='bbox 430 924 640 953; x_wconf 70' lang='lat' dir='ltr'>celebrarunt</span> <span class='ocrx_word' id='word_1_77' title='bbox 656 921 763 950; x_wconf 78' lang='lat' dir='ltr'>officia</span> <span class='ocrx_word' id='word_1_78' title='bbox 782 919 829 948; x_wconf 84' lang='lat' dir='ltr'>sic</span> <span class='ocrx_word' id='word_1_79' title='bbox 853 918 957 956; x_wconf 70' lang='lat' dir='ltr'>ligati,</span> <span class='ocrx_word' id='word_1_80' title='bbox 978 918 1112 950; x_wconf 62' lang='lat' dir='ltr'>Verum,</span> <span class='ocrx_word' id='word_1_81' title='bbox 1133 924 1218 947; x_wconf 75' lang='lat' dir='ltr'>cum,</span> <span class='ocrx_word' id='word_1_82' title='bbox 1241 914 1309 942; x_wconf 85' lang='lat' dir='ltr'>via-</span> 
     </span>
     <span class='ocr_line' id='line_1_13' title="bbox 301 969 1309 1016; baseline -0.014 -7"><span class='ocrx_word' id='word_1_83' title='bbox 301 989 373 1009; x_wconf 88' lang='lat' dir='ltr'>rum</span> <span class='ocrx_word' id='word_1_84' title='bbox 399 977 599 1016; x_wconf 76' lang='lat' dir='ltr'>impediente</span> <span class='ocrx_word' id='word_1_85' title='bbox 626 974 830 1007; x_wconf 72' lang='lat' dir='ltr'>discrimine,</span> <span class='ocrx_word' id='word_1_86' title='bbox 862 970 995 1000; x_wconf 84' lang='lat' dir='ltr'>difficile</span> <span class='ocrx_word' id='word_1_87' title='bbox 1017 971 1059 999; x_wconf 88' lang='lat' dir='ltr'>sit</span> <span class='ocrx_word' id='word_1_88' title='bbox 1085 969 1132 999; x_wconf 86' lang='lat' dir='ltr'>eis</span> <span class='ocrx_word' id='word_1_89' title='bbox 1164 972 1309 997; x_wconf 88' lang='lat' dir='ltr'>nostram</span> 
     </span>
     <span class='ocr_line' id='line_1_14' title="bbox 302 1020 1310 1069; baseline -0.014 -7"><span class='ocrx_word' id='word_1_90' title='bbox 302 1033 393 1062; x_wconf 83' lang='lat' dir='ltr'>adire</span> <span class='ocrx_word' id='word_1_91' title='bbox 419 1030 632 1069; x_wconf 81' lang='lat' dir='ltr'>presentiam,</span> <span class='ocrx_word' id='word_1_92' title='bbox 654 1036 711 1066; x_wconf 86' lang='lat' dir='ltr'>pro</span> <span class='ocrx_word' id='word_1_93' title='bbox 742 1024 962 1056; x_wconf 73' lang='lat' dir='ltr'>absolutionis</span> <span class='ocrx_word' id='word_1_94' title='bbox 991 1028 1021 1052; x_wconf 84' lang='lat' dir='ltr'>et</span> <span class='ocrx_word' id='word_1_95' title='bbox 1051 1020 1310 1060; x_wconf 67' lang='lat' dir='ltr'>dispensationis</span> 
     </span>
     <span class='ocr_line' id='line_1_15' title="bbox 303 1073 1311 1121; baseline -0.013 -7"><span class='ocrx_word' id='word_1_96' title='bbox 303 1085 408 1121; x_wconf 59' lang='lat' dir='ltr'>cratia</span> <span class='ocrx_word' id='word_1_97' title='bbox 424 1082 615 1115; x_wconf 79' lang='lat' dir='ltr'>obtinenda,</span> <span class='ocrx_word' id='word_1_98' title='bbox 638 1090 707 1115; x_wconf 83' lang='lat' dir='ltr'>nos,</span> <span class='ocrx_word' id='word_1_99' title='bbox 729 1080 767 1109; x_wconf 83' lang='lat' dir='ltr'>ad</span> <span class='ocrx_word' id='word_1_100' title='bbox 790 1087 902 1116; x_wconf 81' lang='lat' dir='ltr'>preces</span> <span class='ocrx_word' id='word_1_101' title='bbox 923 1082 994 1106; x_wconf 85' lang='lat' dir='ltr'>tuas</span> <span class='ocrx_word' id='word_1_102' title='bbox 1012 1075 1159 1105; x_wconf 79' lang='lat' dir='ltr'>volentes</span> <span class='ocrx_word' id='word_1_103' title='bbox 1179 1073 1311 1103; x_wconf 87' lang='lat' dir='ltr'>miseri-</span> 
     </span>
     <span class='ocr_line' id='line_1_16' title="bbox 303 1127 1311 1173; baseline -0.013 -6"><span class='ocrx_word' id='word_1_104' title='bbox 303 1138 446 1167; x_wconf 59' lang='lat' dir='ltr'>corditer</span> <span class='ocrx_word' id='word_1_105' title='bbox 463 1145 558 1173; x_wconf 71' lang='lat' dir='ltr'>agere</span> <span class='ocrx_word' id='word_1_106' title='bbox 580 1143 651 1163; x_wconf 74' lang='lat' dir='ltr'>cum</span> <span class='ocrx_word' id='word_1_107' title='bbox 666 1133 801 1163; x_wconf 79' lang='lat' dir='ltr'>eisdem.</span> <span class='ocrx_word' id='word_1_108' title='bbox 819 1130 1021 1169; x_wconf 81' lang='lat' dir='ltr'>presentium</span> <span class='ocrx_word' id='word_1_109' title='bbox 1041 1128 1099 1157; x_wconf 76' lang='grc'><strong>11111</strong></span> <span class='ocrx_word' id='word_1_110' title='bbox 1115 1127 1311 1157; x_wconf 84' lang='lat' dir='ltr'>auctoritate</span> 
     </span>
     <span class='ocr_line' id='line_1_17' title="bbox 304 1181 1311 1225; baseline -0.014 -4"><span class='ocrx_word' id='word_1_111' title='bbox 304 1190 515 1221; x_wconf 68' lang='lat' dir='ltr'>concedimus</span> <span class='ocrx_word' id='word_1_112' title='bbox 539 1193 574 1217; x_wconf 86' lang='lat' dir='ltr'>ut</span> <span class='ocrx_word' id='word_1_113' title='bbox 596 1185 806 1225; x_wconf 80' lang='lat' dir='ltr'>hujusmodi¹</span> <span class='ocrx_word' id='word_1_114' title='bbox 833 1182 1093 1215; x_wconf 74' lang='lat' dir='ltr'>concubinariis,</span> <span class='ocrx_word' id='word_1_115' title='bbox 1113 1181 1152 1210; x_wconf 83' lang='lat' dir='ltr'>si.</span> <span class='ocrx_word' id='word_1_116' title='bbox 1176 1188 1311 1218; x_wconf 87' lang='lat' dir='ltr'>prorsus</span> 
     </span>
     <span class='ocr_line' id='line_1_18' title="bbox 304 1232 1311 1283; baseline -0.014 -9"><span class='ocrx_word' id='word_1_117' title='bbox 304 1243 441 1283; x_wconf 75' lang='lat' dir='ltr'>abjectis</span> <span class='ocrx_word' id='word_1_118' title='bbox 469 1241 615 1271; x_wconf 77' lang='lat' dir='ltr'>socariis.</span> <span class='ocrx_word' id='word_1_119' title='bbox 645 1240 682 1269; x_wconf 84' lang='lat' dir='ltr'>de</span> <span class='ocrx_word' id='word_1_120' title='bbox 712 1248 775 1268; x_wconf 90' lang='lat' dir='ltr'>non</span> <span class='ocrx_word' id='word_1_121' title='bbox 810 1235 1006 1266; x_wconf 83' lang='lat' dir='ltr'>resumendo</span> <span class='ocrx_word' id='word_1_122' title='bbox 1034 1235 1122 1272; x_wconf 85' lang='lat' dir='ltr'>ipsas</span> <span class='ocrx_word' id='word_1_123' title='bbox 1150 1232 1199 1262; x_wconf 88' lang='lat' dir='ltr'>vel</span> <span class='ocrx_word' id='word_1_124' title='bbox 1228 1232 1311 1261; x_wconf 85' lang='lat' dir='ltr'>alias</span> 
     </span>
     <span class='ocr_line' id='line_1_19' title="bbox 304 1285 1310 1332; baseline -0.014 -5"><span class='ocrx_word' id='word_1_125' title='bbox 304 1296 521 1327; x_wconf 77' lang='lat' dir='ltr'>sufficientem</span> <span class='ocrx_word' id='word_1_126' title='bbox 549 1292 755 1332; x_wconf 67' lang='lat' dir='ltr'>prostiterint</span> <span class='ocrx_word' id='word_1_127' title='bbox 778 1290 977 1319; x_wconf 84' lang='lat' dir='ltr'>cautionem.</span> <span class='ocrx_word' id='word_1_128' title='bbox 1002 1287 1121 1326; x_wconf 81' lang='lat' dir='ltr'>possis,</span> <span class='ocrx_word' id='word_1_129' title='bbox 1147 1286 1208 1315; x_wconf 85' lang='lat' dir='ltr'>hac</span> <span class='ocrx_word' id='word_1_130' title='bbox 1228 1285 1310 1317; x_wconf 74' lang='lat' dir='ltr'>vice,</span> 
     </span>
     <span class='ocr_line' id='line_1_20' title="bbox 300 1339 1312 1389; baseline -0.013 -10"><span class='ocrx_word' id='word_1_131' title='bbox 300 1351 394 1389; x_wconf 78' lang='lat' dir='ltr'>juxta</span> <span class='ocrx_word' id='word_1_132' title='bbox 411 1349 549 1378; x_wconf 85' lang='lat' dir='ltr'>formam</span> <span class='ocrx_word' id='word_1_133' title='bbox 567 1345 713 1376; x_wconf 78' lang='lat' dir='ltr'>Ecclesie</span> <span class='ocrx_word' id='word_1_134' title='bbox 733 1342 953 1373; x_wconf 76' lang='lat' dir='ltr'>absolutionis</span> <span class='ocrx_word' id='word_1_135' title='bbox 975 1339 1173 1370; x_wconf 80' lang='lat' dir='ltr'>heneficium</span> <span class='ocrx_word' id='word_1_136' title='bbox 1189 1339 1312 1377; x_wconf 83' lang='lat' dir='ltr'>imper-</span> 
     </span>
     <span class='ocr_line' id='line_1_21' title="bbox 305 1393 1312 1441; baseline -0.011 -9"><span class='ocrx_word' id='word_1_137' title='bbox 305 1403 371 1432; x_wconf 86' lang='lat' dir='ltr'>tiri.</span> <span class='ocrx_word' id='word_1_138' title='bbox 391 1411 426 1431; x_wconf 85' lang='lat' dir='ltr'>ac</span> <span class='ocrx_word' id='word_1_139' title='bbox 445 1401 563 1441; x_wconf 76' lang='lat' dir='ltr'>[cu1n2]</span> <span class='ocrx_word' id='word_1_140' title='bbox 583 1399 708 1429; x_wconf 85' lang='lat' dir='ltr'>eisdem</span> <span class='ocrx_word' id='word_1_141' title='bbox 725 1406 824 1435; x_wconf 82' lang='lat' dir='ltr'>super</span> <span class='ocrx_word' id='word_1_142' title='bbox 838 1405 875 1426; x_wconf 92' lang='lat' dir='ltr'>eo</span> <span class='ocrx_word' id='word_1_143' title='bbox 892 1394 987 1433; x_wconf 84' lang='lat' dir='ltr'>quod,</span> <span class='ocrx_word' id='word_1_144' title='bbox 1010 1393 1086 1423; x_wconf 83' lang='lat' dir='ltr'>facti</span> <span class='ocrx_word' id='word_1_145' title='bbox 1101 1393 1312 1422; x_wconf 82' lang='lat' dir='ltr'>immemores</span> 
     </span>
     <span class='ocr_line' id='line_1_22' title="bbox 305 1444 1312 1493; baseline -0.013 -8"><span class='ocrx_word' id='word_1_146' title='bbox 305 1456 355 1485; x_wconf 76' lang='lat' dir='ltr'>vel</span> <span class='ocrx_word' id='word_1_147' title='bbox 378 1454 464 1493; x_wconf 88' lang='lat' dir='ltr'>juris</span> <span class='ocrx_word' id='word_1_148' title='bbox 487 1452 608 1490; x_wconf 74' lang='lat' dir='ltr'>ignari.</span> <span class='ocrx_word' id='word_1_149' title='bbox 633 1448 908 1481; x_wconf 82' lang='lat' dir='ltr'>excommunicati</span> <span class='ocrx_word' id='word_1_150' title='bbox 926 1452 955 1477; x_wconf 87' lang='lat' dir='ltr'>et</span> <span class='ocrx_word' id='word_1_151' title='bbox 975 1445 1130 1484; x_wconf 77' lang='lat' dir='ltr'>suspensi</span> <span class='ocrx_word' id='word_1_152' title='bbox 1154 1444 1312 1474; x_wconf 80' lang='lat' dir='ltr'>ascende-</span> 
     </span>
     <span class='ocr_line' id='line_1_23' title="bbox 304 1498 1313 1538; baseline -0.014 1"><span class='ocrx_word' id='word_1_153' title='bbox 304 1513 380 1538; x_wconf 82' lang='lat' dir='ltr'>runt</span> <span class='ocrx_word' id='word_1_154' title='bbox 398 1508 438 1537; x_wconf 83' lang='lat' dir='ltr'>ad</span> <span class='ocrx_word' id='word_1_155' title='bbox 457 1507 590 1536; x_wconf 82' lang='lat' dir='ltr'>ordines</span> <span class='ocrx_word' id='word_1_156' title='bbox 611 1509 641 1534; x_wconf 86' lang='lat' dir='ltr'>et</span> <span class='ocrx_word' id='word_1_157' title='bbox 661 1503 774 1533; x_wconf 74' lang='lat' dir='ltr'>divina</span> <span class='ocrx_word' id='word_1_158' title='bbox 796 1501 904 1531; x_wconf 84' lang='lat' dir='ltr'>officia</span> <span class='ocrx_word' id='word_1_159' title='bbox 924 1500 1145 1532; x_wconf 76' lang='lat' dir='ltr'>celebrarunt,</span> <span class='ocrx_word' id='word_1_160' title='bbox 1163 1498 1313 1536; x_wconf 82' lang='lat' dir='ltr'>injuncta</span> 
     </span>
     <span class='ocr_line' id='line_1_24' title="bbox 306 1552 1314 1599; baseline -0.013 -7"><span class='ocrx_word' id='word_1_161' title='bbox 306 1563 354 1592; x_wconf 84' lang='lat' dir='ltr'>eis</span> <span class='ocrx_word' id='word_1_162' title='bbox 373 1570 429 1599; x_wconf 83' lang='lat' dir='ltr'>pro</span> <span class='ocrx_word' id='word_1_163' title='bbox 451 1560 545 1589; x_wconf 88' lang='lat' dir='ltr'>modo</span> <span class='ocrx_word' id='word_1_164' title='bbox 562 1558 655 1596; x_wconf 83' lang='lat' dir='ltr'>culpe</span> <span class='ocrx_word' id='word_1_165' title='bbox 682 1555 866 1594; x_wconf 82' lang='lat' dir='ltr'>penitentia</span> <span class='ocrx_word' id='word_1_166' title='bbox 890 1552 1100 1591; x_wconf 81' lang='lat' dir='ltr'>competenti,</span> <span class='ocrx_word' id='word_1_167' title='bbox 1119 1560 1223 1589; x_wconf 78' lang='lat' dir='ltr'>eaque</span> <span class='ocrx_word' id='word_1_168' title='bbox 1240 1560 1314 1589; x_wconf 87' lang='lat' dir='ltr'>per-</span> 
     </span>
     <span class='ocr_line' id='line_1_25' title="bbox 305 1603 1314 1651; baseline -0.013 -7"><span class='ocrx_word' id='word_1_169' title='bbox 305 1619 386 1644; x_wconf 77' lang='lat' dir='ltr'>acta,</span> <span class='ocrx_word' id='word_1_170' title='bbox 413 1617 509 1651; x_wconf 88' lang='lat' dir='ltr'>prout</span> <span class='ocrx_word' id='word_1_171' title='bbox 526 1619 637 1641; x_wconf 88' lang='lat' dir='ltr'>eorum</span> <span class='ocrx_word' id='word_1_172' title='bbox 659 1609 760 1639; x_wconf 86' lang='lat' dir='ltr'>saluti</span> <span class='ocrx_word' id='word_1_173' title='bbox 783 1607 936 1645; x_wconf 85' lang='lat' dir='ltr'>expedire</span> <span class='ocrx_word' id='word_1_174' title='bbox 959 1605 1094 1639; x_wconf 85' lang='lat' dir='ltr'>videris,</span> <span class='ocrx_word' id='word_1_175' title='bbox 1117 1604 1227 1634; x_wconf 83' lang='lat' dir='ltr'>valcas</span> <span class='ocrx_word' id='word_1_176' title='bbox 1246 1603 1314 1632; x_wconf 85' lang='lat' dir='ltr'>dis-</span> 
     </span>
     <span class='ocr_line' id='line_1_26' title="bbox 306 1656 1315 1706; baseline -0.013 -9"><span class='ocrx_word' id='word_1_177' title='bbox 306 1675 456 1706; x_wconf 88' lang='lat' dir='ltr'>pensare.</span> <span class='ocrx_word' id='word_1_178' title='bbox 477 1665 512 1695; x_wconf 77' lang='lat' dir='ltr'>Si</span> <span class='ocrx_word' id='word_1_179' title='bbox 529 1673 605 1694; x_wconf 87' lang='lat' dir='ltr'>vero</span> <span class='ocrx_word' id='word_1_180' title='bbox 622 1661 726 1700; x_wconf 78' lang='lat' dir='ltr'>aliqui</span> <span class='ocrx_word' id='word_1_181' title='bbox 746 1661 967 1699; x_wconf 87' lang='lat' dir='ltr'>predictorum</span> <span class='ocrx_word' id='word_1_182' title='bbox 985 1658 1130 1688; x_wconf 84' lang='lat' dir='ltr'>scienter</span> <span class='ocrx_word' id='word_1_183' title='bbox 1145 1656 1225 1686; x_wconf 87' lang='lat' dir='ltr'>talia</span> <span class='ocrx_word' id='word_1_184' title='bbox 1241 1665 1315 1694; x_wconf 87' lang='lat' dir='ltr'>pre-</span> 
     </span>
     <span class='ocr_line' id='line_1_27' title="bbox 306 1709 1315 1758; baseline -0.013 -8"><span class='ocrx_word' id='word_1_185' title='bbox 306 1722 530 1758; x_wconf 78' lang='lat' dir='ltr'>sumpserunt,</span> <span class='ocrx_word' id='word_1_186' title='bbox 544 1716 625 1754; x_wconf 82' lang='lat' dir='ltr'>ipsis</span> <span class='ocrx_word' id='word_1_187' title='bbox 640 1724 696 1753; x_wconf 82' lang='lat' dir='ltr'>per</span> <span class='ocrx_word' id='word_1_188' title='bbox 712 1713 885 1743; x_wconf 72' lang='lat' dir='ltr'>biennium</span> <span class='ocrx_word' id='word_1_189' title='bbox 901 1711 940 1741; x_wconf 79' lang='lat' dir='ltr'>al]</span> <span class='ocrx_word' id='word_1_190' title='bbox 957 1710 1110 1740; x_wconf 88' lang='lat' dir='ltr'>ordinum</span> <span class='ocrx_word' id='word_1_191' title='bbox 1122 1709 1315 1739; x_wconf 80' lang='lat' dir='ltr'>executione</span> 
     </span>
     <span class='ocr_line' id='line_1_28' title="bbox 306 1762 1316 1810; baseline -0.012 -8"><span class='ocrx_word' id='word_1_192' title='bbox 306 1772 490 1810; x_wconf 79' lang='lat' dir='ltr'>suspensis,</span> <span class='ocrx_word' id='word_1_193' title='bbox 523 1774 553 1799; x_wconf 90' lang='lat' dir='ltr'>et</span> <span class='ocrx_word' id='word_1_194' title='bbox 583 1767 738 1807; x_wconf 84' lang='lat' dir='ltr'>imposita</span> <span class='ocrx_word' id='word_1_195' title='bbox 768 1765 833 1795; x_wconf 83' lang='lat' dir='ltr'>sihi</span> <span class='ocrx_word' id='word_1_196' title='bbox 864 1763 1047 1802; x_wconf 80' lang='lat' dir='ltr'>penitentia</span> <span class='ocrx_word' id='word_1_197' title='bbox 1078 1762 1226 1793; x_wconf 80' lang='lat' dir='ltr'>salutari,</span> <span class='ocrx_word' id='word_1_198' title='bbox 1261 1770 1316 1791; x_wconf 83' lang='lat' dir='ltr'>eos</span> 
     </span>
     <span class='ocr_line' id='line_1_29' title="bbox 306 1814 1317 1864; baseline -0.013 -9"><span class='ocrx_word' id='word_1_199' title='bbox 306 1824 524 1864; x_wconf 76' lang='lat' dir='ltr'>postmodum,</span> <span class='ocrx_word' id='word_1_200' title='bbox 546 1822 573 1851; x_wconf 86' lang='lat' dir='ltr'>si</span> <span class='ocrx_word' id='word_1_201' title='bbox 591 1820 815 1851; x_wconf 75' lang='lat' dir='ltr'>fue1·i1ubone</span> <span class='ocrx_word' id='word_1_202' title='bbox 834 1816 1096 1848; x_wconf 81' lang='lat' dir='ltr'>conversationis</span> <span class='ocrx_word' id='word_1_203' title='bbox 1120 1820 1151 1844; x_wconf 88' lang='lat' dir='ltr'>et</span> <span class='ocrx_word' id='word_1_204' title='bbox 1175 1815 1251 1847; x_wconf 81' lang='lat' dir='ltr'>vite,</span> <span class='ocrx_word' id='word_1_205' title='bbox 1277 1814 1317 1843; x_wconf 88' lang='lat' dir='ltr'>ad</span> 
     </span>
     <span class='ocr_line' id='line_1_30' title="bbox 307 1867 1314 1917; baseline -0.012 -9"><span class='ocrx_word' id='word_1_206' title='bbox 307 1879 447 1917; x_wconf 71' lang='lat' dir='ltr'>gratiam</span> <span class='ocrx_word' id='word_1_207' title='bbox 473 1874 733 1914; x_wconf 78' lang='lat' dir='ltr'>dispensationis</span> <span class='ocrx_word' id='word_1_208' title='bbox 755 1872 927 1905; x_wconf 85' lang='lat' dir='ltr'>admittas,</span> <span class='ocrx_word' id='word_1_209' title='bbox 952 1870 980 1899; x_wconf 90' lang='lat' dir='ltr'>si</span> <span class='ocrx_word' id='word_1_210' title='bbox 1002 1868 1125 1898; x_wconf 83' lang='lat' dir='ltr'>videris</span> <span class='ocrx_word' id='word_1_211' title='bbox 1149 1867 1314 1906; x_wconf 84' lang='lat' dir='ltr'>expedire.</span> 
     </span>
     <span class='ocr_line' id='line_1_31' title="bbox 307 1921 1317 1968; baseline -0.012 -6"><span class='ocrx_word' id='word_1_212' title='bbox 307 1932 443 1963; x_wconf 82' lang='lat' dir='ltr'>Proviso</span> <span class='ocrx_word' id='word_1_213' title='bbox 463 1935 497 1960; x_wconf 90' lang='lat' dir='ltr'>ut</span> <span class='ocrx_word' id='word_1_214' title='bbox 513 1930 594 1968; x_wconf 73' lang='lat' dir='ltr'>que³</span> <span class='ocrx_word' id='word_1_215' title='bbox 612 1927 750 1967; x_wconf 81' lang='lat' dir='ltr'>predicti</span> <span class='ocrx_word' id='word_1_216' title='bbox 767 1924 944 1964; x_wconf 82' lang='lat' dir='ltr'>expensuri</span> <span class='ocrx_word' id='word_1_217' title='bbox 962 1927 1083 1957; x_wconf 86' lang='lat' dir='ltr'>essent,</span> <span class='ocrx_word' id='word_1_218' title='bbox 1100 1921 1264 1951; x_wconf 83' lang='lat' dir='ltr'>veniendo</span> <span class='ocrx_word' id='word_1_219' title='bbox 1277 1921 1317 1950; x_wconf 85' lang='lat' dir='ltr'>ad</span> 
     </span>
     <span class='ocr_line' id='line_1_32' title="bbox 307 1974 1317 2022; baseline -0.012 -7"><span class='ocrx_word' id='word_1_220' title='bbox 307 1985 424 2015; x_wconf 72' lang='lat' dir='ltr'>Sedem</span> <span class='ocrx_word' id='word_1_221' title='bbox 449 1982 690 2022; x_wconf 75' lang='lat' dir='ltr'>Apostolicam,</span> <span class='ocrx_word' id='word_1_222' title='bbox 717 1978 873 2009; x_wconf 84' lang='lat' dir='ltr'>morando</span> <span class='ocrx_word' id='word_1_223' title='bbox 896 1976 1020 2006; x_wconf 76' lang='lat' dir='ltr'>ibidem</span> <span class='ocrx_word' id='word_1_224' title='bbox 1040 1980 1070 2005; x_wconf 91' lang='lat' dir='ltr'>et</span> <span class='ocrx_word' id='word_1_225' title='bbox 1090 1974 1257 2005; x_wconf 87' lang='lat' dir='ltr'>redeundo</span> <span class='ocrx_word' id='word_1_226' title='bbox 1277 1974 1317 2003; x_wconf 86' lang='lat' dir='ltr'>ab</span> 
     </span>
     <span class='ocr_line' id='line_1_33' title="bbox 307 2027 1316 2077; baseline -0.012 -9"><span class='ocrx_word' id='word_1_227' title='bbox 307 2040 390 2077; x_wconf 87' lang='lat' dir='ltr'>ipsa,</span> <span class='ocrx_word' id='word_1_228' title='bbox 409 2038 470 2066; x_wconf 86' lang='lat' dir='ltr'>tibi</span> <span class='ocrx_word' id='word_1_229' title='bbox 487 2035 652 2073; x_wconf 68' lang='lat' dir='ltr'>assignari</span> <span class='ocrx_word' id='word_1_230' title='bbox 677 2034 791 2067; x_wconf 74' lang='lat' dir='ltr'>facias,</span> <span class='ocrx_word' id='word_1_231' title='bbox 810 2032 843 2060; x_wconf 90' lang='lat' dir='ltr'>in</span> <span class='ocrx_word' id='word_1_232' title='bbox 862 2029 1066 2068; x_wconf 57' lang='grc'>[31]1“103[111]6</span> <span class='ocrx_word' id='word_1_233' title='bbox 1087 2027 1316 2067; x_wconf 82' lang='lat' dir='ltr'>Majoricensis</span> 
     </span>
     <span class='ocr_line' id='line_1_34' title="bbox 308 2079 1316 2127; baseline -0.014 -5"><span class='ocrx_word' id='word_1_234' title='bbox 308 2091 462 2124; x_wconf 74' lang='lat' dir='ltr'>ecclesie,</span> <span class='ocrx_word' id='word_1_235' title='bbox 489 2098 551 2127; x_wconf 83' lang='lat' dir='ltr'>que</span> <span class='ocrx_word' id='word_1_236' title='bbox 578 2088 615 2117; x_wconf 87' lang='lat' dir='ltr'>de</span> <span class='ocrx_word' id='word_1_237' title='bbox 642 2095 725 2116; x_wconf 91' lang='lat' dir='ltr'>novo</span> <span class='ocrx_word' id='word_1_238' title='bbox 752 2083 899 2114; x_wconf 81' lang='lat' dir='ltr'>construi</span> <span class='ocrx_word' id='word_1_239' title='bbox 925 2082 1058 2113; x_wconf 79' lang='lat' dir='ltr'>dicitur,</span> <span class='ocrx_word' id='word_1_240' title='bbox 1083 2079 1316 2110; x_wconf 83' lang='lat' dir='ltr'>convertenda.</span> 
     </span>
     <span class='ocr_line' id='line_1_35' title="bbox 308 2133 1315 2174; baseline -0.014 0"><span class='ocrx_word' id='word_1_241' title='bbox 308 2146 379 2174; x_wconf 86' lang='lat' dir='ltr'>Dat.</span> <span class='ocrx_word' id='word_1_242' title='bbox 401 2141 566 2173; x_wconf 77' lang='lat' dir='ltr'>Laterani,</span> <span class='ocrx_word' id='word_1_243' title='bbox 582 2141 647 2170; x_wconf 91' lang='lat' dir='ltr'>IIII</span> <span class='ocrx_word' id='word_1_244' title='bbox 666 2139 740 2168; x_wconf 89' lang='lat' dir='ltr'>idus</span> <span class='ocrx_word' id='word_1_245' title='bbox 752 2136 926 2169; x_wconf 83' lang='lat' dir='ltr'>februarii,</span> <span class='ocrx_word' id='word_1_246' title='bbox 944 2144 1031 2164; x_wconf 81' lang='lat' dir='ltr'>anno</span> <span class='ocrx_word' id='word_1_247' title='bbox 1049 2133 1315 2163; x_wconf 65' lang='lat' dir='ltr'>tertiodecimo»</span> 
     </span>
    </p>
   </div>
   <div class='ocr_carea' id='block_1_5' title="bbox 377 2305 1246 2344">
    <p class='ocr_par' dir='ltr' id='par_1_5' title="bbox 377 2305 1246 2344">
     <span class='ocr_line' id='line_1_36' title="bbox 377 2305 1246 2344; baseline -0.015 0"><span class='ocrx_word' id='word_1_248' title='bbox 377 2314 496 2344; x_wconf 72' lang='lat'>5069</span> <span class='ocrx_word' id='word_1_249' title='bbox 856 2309 977 2340; x_wconf 78' lang='lat' dir='ltr'>Latran,</span> <span class='ocrx_word' id='word_1_250' title='bbox 996 2307 1028 2334; x_wconf 84' lang='lat'>12</span> <span class='ocrx_word' id='word_1_251' title='bbox 1042 2306 1151 2334; x_wconf 77' lang='lat' dir='ltr'>fevrier</span> <span class='ocrx_word' id='word_1_252' title='bbox 1168 2305 1246 2332; x_wconf 92' lang='grc'><strong>1240.</strong></span> 
     </span>
    </p>
   </div>
   <div class='ocr_carea' id='block_1_6' title="bbox 308 2367 1322 2649">
    <p class='ocr_par' dir='ltr' id='par_1_6' title="bbox 308 2367 1322 2649">
     <span class='ocr_line' id='line_1_37' title="bbox 344 2367 1320 2412; baseline -0.012 -7"><span class='ocrx_word' id='word_1_253' title='bbox 344 2377 488 2412; x_wconf 83' lang='lat' dir='ltr'>Episcopo</span> <span class='ocrx_word' id='word_1_254' title='bbox 514 2373 670 2402; x_wconf 85' lang='lat' dir='ltr'>Purtuensi</span> <span class='ocrx_word' id='word_1_255' title='bbox 693 2375 722 2399; x_wconf 88' lang='lat' dir='ltr'>et</span> <span class='ocrx_word' id='word_1_256' title='bbox 748 2371 917 2405; x_wconf 86' lang='lat' dir='ltr'>Stephano,</span> <span class='ocrx_word' id='word_1_257' title='bbox 943 2369 1026 2396; x_wconf 88' lang='lat' dir='ltr'>tituli</span> <span class='ocrx_word' id='word_1_258' title='bbox 1053 2368 1181 2396; x_wconf 78' lang='lat' dir='ltr'>Sanctae</span> <span class='ocrx_word' id='word_1_259' title='bbox 1205 2367 1320 2394; x_wconf 81' lang='lat' dir='ltr'>Mariae</span> 
     </span>
     <span class='ocr_line' id='line_1_38' title="bbox 308 2418 1320 2458; baseline -0.012 -4"><span class='ocrx_word' id='word_1_260' title='bbox 308 2425 523 2454; x_wconf 85' lang='lat' dir='ltr'>Transtiberim</span> <span class='ocrx_word' id='word_1_261' title='bbox 544 2423 714 2458; x_wconf 85' lang='lat' dir='ltr'>presbytero</span> <span class='ocrx_word' id='word_1_262' title='bbox 735 2419 893 2451; x_wconf 86' lang='lat' dir='ltr'>cardinali,</span> <span class='ocrx_word' id='word_1_263' title='bbox 918 2418 1042 2445; x_wconf 85' lang='lat' dir='ltr'>mandat</span> <span class='ocrx_word' id='word_1_264' title='bbox 1065 2420 1209 2451; x_wconf 87' lang='lat' dir='ltr'>quatenus</span> <span class='ocrx_word' id='word_1_265' title='bbox 1232 2425 1320 2443; x_wconf 88' lang='lat' dir='ltr'>cano-</span> 
     </span>
     <span class='ocr_line' id='line_1_39' title="bbox 309 2464 1320 2502; baseline -0.011 0"><span class='ocrx_word' id='word_1_266' title='bbox 309 2475 385 2502; x_wconf 90' lang='lat' dir='ltr'>nicis</span> <span class='ocrx_word' id='word_1_267' title='bbox 406 2474 546 2501; x_wconf 85' lang='lat' dir='ltr'>basilicae</span> <span class='ocrx_word' id='word_1_268' title='bbox 573 2471 677 2499; x_wconf 83' lang='lat' dir='ltr'>Sancti</span> <span class='ocrx_word' id='word_1_269' title='bbox 699 2469 793 2500; x_wconf 83' lang='lat' dir='ltr'>Petri,</span> <span class='ocrx_word' id='word_1_270' title='bbox 815 2468 878 2502; x_wconf 82' lang='lat' dir='ltr'>qui,</span> <span class='ocrx_word' id='word_1_271' title='bbox 901 2467 1017 2501; x_wconf 88' lang='lat' dir='ltr'>aliquas</span> <span class='ocrx_word' id='word_1_272' title='bbox 1035 2465 1242 2501; x_wconf 78' lang='lat' dir='ltr'>possessiones,</span> <span class='ocrx_word' id='word_1_273' title='bbox 1263 2464 1320 2492; x_wconf 83' lang='lat' dir='ltr'>sibi</span> 
     </span>
     <span class='ocr_line' id='line_1_40' title="bbox 311 2513 1322 2557; baseline -0.011 -6"><span class='ocrx_word' id='word_1_274' title='bbox 311 2526 364 2551; x_wconf 87' lang='lat' dir='ltr'>hoc</span> <span class='ocrx_word' id='word_1_275' title='bbox 385 2526 516 2557; x_wconf 89' lang='lat' dir='ltr'>tempore</span> <span class='ocrx_word' id='word_1_276' title='bbox 539 2523 728 2555; x_wconf 88' lang='lat' dir='ltr'>opportunas,</span> <span class='ocrx_word' id='word_1_277' title='bbox 750 2526 846 2545; x_wconf 87' lang='lat' dir='ltr'>emere</span> <span class='ocrx_word' id='word_1_278' title='bbox 874 2516 1074 2548; x_wconf 88' lang='lat' dir='ltr'>intendentes,</span> <span class='ocrx_word' id='word_1_279' title='bbox 1098 2523 1155 2541; x_wconf 91' lang='lat' dir='ltr'>non</span> <span class='ocrx_word' id='word_1_280' title='bbox 1173 2513 1322 2541; x_wconf 82' lang='lat' dir='ltr'>habebant</span> 
     </span>
     <span class='ocr_line' id='line_1_41' title="bbox 309 2563 1320 2602; baseline -0.012 -2"><span class='ocrx_word' id='word_1_281' title='bbox 309 2573 387 2600; x_wconf 88' lang='lat' dir='ltr'>unde</span> <span class='ocrx_word' id='word_1_282' title='bbox 403 2572 470 2599; x_wconf 88' lang='lat' dir='ltr'>illas</span> <span class='ocrx_word' id='word_1_283' title='bbox 487 2572 621 2597; x_wconf 87' lang='lat' dir='ltr'>valerent</span> <span class='ocrx_word' id='word_1_284' title='bbox 637 2575 817 2602; x_wconf 74' lang='lat' dir='ltr'>comparare,</span> <span class='ocrx_word' id='word_1_285' title='bbox 838 2566 1010 2593; x_wconf 78' lang='lat' dir='ltr'>facultatem</span> <span class='ocrx_word' id='word_1_286' title='bbox 1028 2564 1162 2591; x_wconf 82' lang='lat' dir='ltr'>tribuant</span> <span class='ocrx_word' id='word_1_287' title='bbox 1177 2571 1269 2596; x_wconf 88' lang='lat' dir='ltr'>usque</span> <span class='ocrx_word' id='word_1_288' title='bbox 1284 2563 1320 2589; x_wconf 82' lang='lat' dir='ltr'>ad</span> 
     </span>
     <span class='ocr_line' id='line_1_42' title="bbox 310 2610 1321 2649; baseline -0.013 0"><span class='ocrx_word' id='word_1_289' title='bbox 310 2624 457 2649; x_wconf 84' lang='lat' dir='ltr'>trecentas</span> <span class='ocrx_word' id='word_1_290' title='bbox 472 2620 562 2647; x_wconf 84' lang='lat' dir='ltr'>libras</span> <span class='ocrx_word' id='word_1_291' title='bbox 578 2616 765 2645; x_wconf 85' lang='lat' dir='ltr'>distrahendi</span> <span class='ocrx_word' id='word_1_292' title='bbox 786 2616 821 2642; x_wconf 91' lang='lat' dir='ltr'>de</span> <span class='ocrx_word' id='word_1_293' title='bbox 838 2615 884 2641; x_wconf 80' lang='lat' dir='ltr'>his</span> <span class='ocrx_word' id='word_1_294' title='bbox 898 2622 972 2648; x_wconf 87' lang='lat' dir='ltr'>quae</span> <span class='ocrx_word' id='word_1_295' title='bbox 988 2613 1019 2639; x_wconf 92' lang='lat' dir='ltr'>in</span> <span class='ocrx_word' id='word_1_296' title='bbox 1033 2612 1165 2646; x_wconf 86' lang='lat' dir='ltr'>ejusdem</span> <span class='ocrx_word' id='word_1_297' title='bbox 1180 2610 1321 2638; x_wconf 85' lang='lat' dir='ltr'>basilicae</span> 
     </span>
    </p>
   </div>
   <div class='ocr_carea' id='block_1_7' title="bbox 310 2724 1322 2984">
    <p class='ocr_par' dir='ltr' id='par_1_7' title="bbox 310 2724 1322 2849">
     <span class='ocr_line' id='line_1_43' title="bbox 343 2724 1322 2762; baseline -0.013 -2"><span class='ocrx_word' id='word_1_298' title='bbox 343 2737 365 2760; x_wconf 89' lang='grc'>1.</span> <span class='ocrx_word' id='word_1_299' title='bbox 384 2738 452 2759; x_wconf 84' lang='lat' dir='ltr'>Ms..·</span> <span class='ocrx_word' id='word_1_300' title='bbox 469 2738 498 2758; x_wconf 85' lang='lat' dir='ltr'>ut</span> <span class='ocrx_word' id='word_1_301' title='bbox 514 2740 575 2757; x_wconf 87' lang='lat' dir='ltr'>cum</span> <span class='ocrx_word' id='word_1_302' title='bbox 593 2731 762 2762; x_wconf 73' lang='lat' dir='ltr'>huJ&#39;usmodi.</span> <span class='ocrx_word' id='word_1_303' title='bbox 777 2743 807 2747; x_wconf 95' lang='lat'>—</span> <span class='ocrx_word' id='word_1_304' title='bbox 823 2729 896 2753; x_wconf 85' lang='lat' dir='ltr'>Dans</span> <span class='ocrx_word' id='word_1_305' title='bbox 919 2729 942 2751; x_wconf 86' lang='lat' dir='ltr'>le</span> <span class='ocrx_word' id='word_1_306' title='bbox 964 2734 1080 2758; x_wconf 80' lang='lat' dir='ltr'>passage</span> <span class='ocrx_word' id='word_1_307' title='bbox 1102 2724 1322 2756; x_wconf 82' lang='lat' dir='ltr'>correspondant</span> 
     </span>
     <span class='ocr_line' id='line_1_44' title="bbox 310 2770 1322 2810; baseline -0.014 -5"><span class='ocrx_word' id='word_1_308' title='bbox 310 2781 385 2804; x_wconf 84' lang='lat' dir='ltr'>dela</span> <span class='ocrx_word' id='word_1_309' title='bbox 401 2779 477 2810; x_wconf 69' lang='lat' dir='ltr'>piece</span> <span class='ocrx_word' id='word_1_310' title='bbox 493 2778 537 2802; x_wconf 60' lang='lat'>‘233</span> <span class='ocrx_word' id='word_1_311' title='bbox 553 2777 586 2801; x_wconf 87' lang='lat' dir='ltr'>de</span> <span class='ocrx_word' id='word_1_312' title='bbox 604 2779 674 2800; x_wconf 86' lang='lat' dir='ltr'>cette</span> <span class='ocrx_word' id='word_1_313' title='bbox 691 2775 777 2798; x_wconf 80' lang='lat' dir='ltr'>meme</span> <span class='ocrx_word' id='word_1_314' title='bbox 795 2774 869 2798; x_wconf 75' lang='lat' dir='ltr'>XIII⁶</span> <span class='ocrx_word' id='word_1_315' title='bbox 886 2772 972 2796; x_wconf 79' lang='lat' dir='ltr'>annce</span> <span class='ocrx_word' id='word_1_316' title='bbox 989 2774 1027 2801; x_wconf 79' lang='lat'>(11⁶</span> <span class='ocrx_word' id='word_1_317' title='bbox 1044 2771 1124 2799; x_wconf 76' lang='lat'>5072),</span> <span class='ocrx_word' id='word_1_318' title='bbox 1142 2777 1177 2794; x_wconf 90' lang='lat' dir='ltr'>on</span> <span class='ocrx_word' id='word_1_319' title='bbox 1193 2770 1223 2793; x_wconf 87' lang='lat' dir='ltr'>lit</span> <span class='ocrx_word' id='word_1_320' title='bbox 1240 2776 1245 2792; x_wconf 88' lang='lat'>:</span> <span class='ocrx_word' id='word_1_321' title='bbox 1264 2778 1275 2791; x_wconf 72' lang='lat' dir='ltr'>n</span> <span class='ocrx_word' id='word_1_322' title='bbox 1293 2772 1322 2792; x_wconf 86' lang='lat' dir='ltr'>ut</span> 
     </span>
     <span class='ocr_line' id='line_1_45' title="bbox 310 2825 454 2849; baseline -0.021 0"><span class='ocrx_word' id='word_1_323' title='bbox 310 2825 425 2849; x_wconf 81' lang='lat' dir='ltr'>eisdem.</span> <span class='ocrx_word' id='word_1_324' title='bbox 443 2832 454 2846; x_wconf 88' lang='lat'>»</span> 
     </span>
    </p>

    <p class='ocr_par' dir='ltr' id='par_1_8' title="bbox 341 2857 1322 2896">
     <span class='ocr_line' id='line_1_46' title="bbox 341 2857 1322 2896; baseline -0.012 -4"><span class='ocrx_word' id='word_1_325' title='bbox 341 2869 364 2892; x_wconf 72' lang='lat'>2.</span> <span class='ocrx_word' id='word_1_326' title='bbox 382 2870 460 2896; x_wconf 83' lang='lat' dir='ltr'>Cum,</span> <span class='ocrx_word' id='word_1_327' title='bbox 473 2867 541 2890; x_wconf 78' lang='lat' dir='ltr'>omiS</span> <span class='ocrx_word' id='word_1_328' title='bbox 553 2866 599 2893; x_wconf 79' lang='lat' dir='ltr'>ici,</span> <span class='ocrx_word' id='word_1_329' title='bbox 612 2867 653 2888; x_wconf 83' lang='lat' dir='ltr'>est</span> <span class='ocrx_word' id='word_1_330' title='bbox 664 2862 786 2894; x_wconf 77' lang='lat' dir='ltr'>exprime</span> <span class='ocrx_word' id='word_1_331' title='bbox 799 2862 867 2885; x_wconf 81' lang='lat' dir='ltr'>dans</span> <span class='ocrx_word' id='word_1_332' title='bbox 878 2861 903 2884; x_wconf 86' lang='lat' dir='ltr'>la</span> <span class='ocrx_word' id='word_1_333' title='bbox 915 2860 991 2891; x_wconf 70' lang='lat' dir='ltr'>piece</span> <span class='ocrx_word' id='word_1_334' title='bbox 1004 2859 1124 2890; x_wconf 76' lang='lat' dir='ltr'>precitee</span> <span class='ocrx_word' id='word_1_335' title='bbox 1136 2858 1181 2882; x_wconf 72' lang='lat'>‘133</span> <span class='ocrx_word' id='word_1_336' title='bbox 1192 2858 1230 2887; x_wconf 61' lang='grc' dir='ltr'>(11θ</span> <span class='ocrx_word' id='word_1_337' title='bbox 1242 2857 1322 2887; x_wconf 77' lang='lat'><strong>507‘2).</strong></span> 
     </span>
    </p>

    <p class='ocr_par' dir='ltr' id='par_1_9' title="bbox 343 2901 1227 2942">
     <span class='ocr_line' id='line_1_47' title="bbox 343 2901 1227 2942; baseline -0.012 -6"><span class='ocrx_word' id='word_1_338' title='bbox 343 2914 364 2937; x_wconf 76' lang='lat'>3.</span> <span class='ocrx_word' id='word_1_339' title='bbox 382 2915 430 2936; x_wconf 81' lang='lat' dir='ltr'>Ms.</span> <span class='ocrx_word' id='word_1_340' title='bbox 445 2921 450 2935; x_wconf 92' lang='lat'>.·</span> <span class='ocrx_word' id='word_1_341' title='bbox 465 2910 551 2942; x_wconf 85' lang='lat' dir='ltr'>qu0d;</span> <span class='ocrx_word' id='word_1_342' title='bbox 568 2923 599 2927; x_wconf 97' lang='lat'><strong>—</strong></span> <span class='ocrx_word' id='word_1_343' title='bbox 614 2910 700 2932; x_wconf 80' lang='lat' dir='ltr'>meme</span> <span class='ocrx_word' id='word_1_344' title='bbox 714 2908 793 2938; x_wconf 75' lang='lat' dir='ltr'>Iecon</span> <span class='ocrx_word' id='word_1_345' title='bbox 812 2907 880 2929; x_wconf 86' lang='lat' dir='ltr'>dans</span> <span class='ocrx_word' id='word_1_346' title='bbox 897 2906 921 2928; x_wconf 89' lang='lat' dir='ltr'>la</span> <span class='ocrx_word' id='word_1_347' title='bbox 940 2904 1017 2935; x_wconf 72' lang='lat' dir='ltr'>picce</span> <span class='ocrx_word' id='word_1_348' title='bbox 1033 2904 1078 2927; x_wconf 82' lang='grc'><strong>233</strong></span> <span class='ocrx_word' id='word_1_349' title='bbox 1093 2904 1133 2932; x_wconf 85' lang='grc'><strong>(11·</strong></span> <span class='ocrx_word' id='word_1_350' title='bbox 1147 2901 1227 2930; x_wconf 72' lang='grc'><strong>5072).</strong></span> 
     </span>
    </p>

    <p class='ocr_par' dir='ltr' id='par_1_10' title="bbox 342 2949 967 2984">
     <span class='ocr_line' id='line_1_48' title="bbox 342 2949 967 2984; baseline -0.014 -3"><span class='ocrx_word' id='word_1_351' title='bbox 342 2958 365 2981; x_wconf 77' lang='lat'>4.</span> <span class='ocrx_word' id='word_1_352' title='bbox 382 2957 540 2984; x_wconf 79' lang='lat' dir='ltr'>Fabricam,</span> <span class='ocrx_word' id='word_1_353' title='bbox 556 2954 625 2977; x_wconf 77' lang='lat' dir='ltr'>dans</span> <span class='ocrx_word' id='word_1_354' title='bbox 642 2954 666 2976; x_wconf 82' lang='lat' dir='ltr'>la</span> <span class='ocrx_word' id='word_1_355' title='bbox 683 2952 759 2983; x_wconf 76' lang='lat' dir='ltr'>piece</span> <span class='ocrx_word' id='word_1_356' title='bbox 772 2951 817 2975; x_wconf 74' lang='lat'>‘233</span> <span class='ocrx_word' id='word_1_357' title='bbox 832 2951 871 2980; x_wconf 72' lang='grc' dir='ltr'>(η’</span> <span class='ocrx_word' id='word_1_358' title='bbox 887 2949 967 2978; x_wconf 81' lang='grc'><strong>5072).</strong></span> 
     </span>
    </p>
   </div>
   <div class='ocr_carea' id='block_1_8' title="bbox 1385 335 2392 417">
    <p class='ocr_par' dir='ltr' id='par_1_11' title="bbox 1385 335 2392 417">
     <span class='ocr_line' id='line_1_49' title="bbox 1385 335 2392 371; baseline -0.001 -8"><span class='ocrx_word' id='word_1_359' title='bbox 1385 336 1504 370; x_wconf 82' lang='lat' dir='ltr'>capside</span> <span class='ocrx_word' id='word_1_360' title='bbox 1519 337 1757 364; x_wconf 82' lang='lat' dir='ltr'>asservabantur.</span> <span class='ocrx_word' id='word_1_361' title='bbox 1773 352 1805 355; x_wconf 97' lang='lat'><strong>—</strong></span> <span class='ocrx_word' id='word_1_362' title='bbox 1819 337 1905 369; x_wconf 64' lang='lat' dir='ltr'>(Rea.</span> <span class='ocrx_word' id='word_1_363' title='bbox 1923 337 1966 369; x_wconf 84' lang='lat'>19,</span> <span class='ocrx_word' id='word_1_364' title='bbox 1984 338 2004 363; x_wconf 81' lang='lat' dir='ltr'>f.</span> <span class='ocrx_word' id='word_1_365' title='bbox 2021 337 2073 363; x_wconf 86' lang='lat'>150</span> <span class='ocrx_word' id='word_1_366' title='bbox 2086 335 2159 371; x_wconf 85' lang='grc'><strong>[144]</strong></span> <span class='ocrx_word' id='word_1_367' title='bbox 2172 339 2208 368; x_wconf 79' lang='lat'>1·⁰;</span> <span class='ocrx_word' id='word_1_368' title='bbox 2224 345 2293 362; x_wconf 88' lang='lat' dir='ltr'>ann.</span> <span class='ocrx_word' id='word_1_369' title='bbox 2308 336 2392 367; x_wconf 85' lang='lat' dir='ltr'>XIII,</span> 
     </span>
     <span class='ocr_line' id='line_1_50' title="bbox 1385 384 2258 417; baseline 0 -6"><span class='ocrx_word' id='word_1_370' title='bbox 1385 394 1410 411; x_wconf 83' lang='lat' dir='ltr'>c.</span> <span class='ocrx_word' id='word_1_371' title='bbox 1427 384 1493 417; x_wconf 67' lang='lat'>230,</span> <span class='ocrx_word' id='word_1_372' title='bbox 1513 400 1545 403; x_wconf 73' lang='lat'>—</span> <span class='ocrx_word' id='word_1_373' title='bbox 1558 385 1691 413; x_wconf 62' lang='lat' dir='ltr'>Monam}</span> <span class='ocrx_word' id='word_1_374' title='bbox 1708 386 1788 417; x_wconf 83' lang='lat'>1192,</span> <span class='ocrx_word' id='word_1_375' title='bbox 1806 386 1826 412; x_wconf 84' lang='lat' dir='ltr'>f.</span> <span class='ocrx_word' id='word_1_376' title='bbox 1844 385 1911 417; x_wconf 79' lang='grc'><strong>440;</strong></span> <span class='ocrx_word' id='word_1_377' title='bbox 1930 400 1960 403; x_wconf 94' lang='grc'>-</span> <span class='ocrx_word' id='word_1_378' title='bbox 1978 386 2135 412; x_wconf 70' lang='grc' dir='ltr'>ΡοττΗΛετ</span> <span class='ocrx_word' id='word_1_379' title='bbox 2148 384 2258 415; x_wconf 86' lang='grc'><strong>10846.)</strong></span> 
     </span>
    </p>
   </div>
   <div class='ocr_carea' id='block_1_9' title="bbox 1389 485 2396 625">
    <p class='ocr_par' dir='ltr' id='par_1_12' title="bbox 1389 485 2396 625">
     <span class='ocr_line' id='line_1_51' title="bbox 1429 485 2396 524; baseline -0.001 -11"><span class='ocrx_word' id='word_1_380' title='bbox 1429 497 1441 510; x_wconf 88' lang='lat'>«</span> <span class='ocrx_word' id='word_1_381' title='bbox 1463 508 1482 513; x_wconf 91' lang='lat'>..</span> <span class='ocrx_word' id='word_1_382' title='bbox 1499 486 1631 523; x_wconf 71' lang='lat' dir='ltr'>episcopo</span> <span class='ocrx_word' id='word_1_383' title='bbox 1649 486 1807 514; x_wconf 70' lang='lat' dir='ltr'>Parmensi</span> <span class='ocrx_word' id='word_1_384' title='bbox 1824 490 1849 514; x_wconf 84' lang='lat' dir='ltr'>et</span> <span class='ocrx_word' id='word_1_385' title='bbox 1867 485 2054 524; x_wconf 61' lang='lat' dir='ltr'>spephano}</span> <span class='ocrx_word' id='word_1_386' title='bbox 2073 486 2157 513; x_wconf 78' lang='lat' dir='ltr'>titali</span> <span class='ocrx_word' id='word_1_387' title='bbox 2175 486 2283 514; x_wconf 77' lang='lat' dir='ltr'>Sancte</span> <span class='ocrx_word' id='word_1_388' title='bbox 2300 485 2396 514; x_wconf 69' lang='lat' dir='ltr'>Mario</span> 
     </span>
     <span class='ocr_line' id='line_1_52' title="bbox 1390 537 2394 576; baseline -0.002 -9"><span class='ocrx_word' id='word_1_389' title='bbox 1390 539 1615 576; x_wconf 76' lang='lat' dir='ltr'>Transtiberym</span> <span class='ocrx_word' id='word_1_390' title='bbox 1640 540 1802 576; x_wconf 69' lang='lat' dir='ltr'>presbitero</span> <span class='ocrx_word' id='word_1_391' title='bbox 1827 539 1994 567; x_wconf 79' lang='lat' dir='ltr'>cardinali.</span> <span class='ocrx_word' id='word_1_392' title='bbox 2021 538 2103 567; x_wconf 89' lang='lat' dir='ltr'>Cum</span> <span class='ocrx_word' id='word_1_393' title='bbox 2126 537 2237 567; x_wconf 90' lang='lat' dir='ltr'>dilecti</span> <span class='ocrx_word' id='word_1_394' title='bbox 2261 537 2321 566; x_wconf 85' lang='lat' dir='ltr'>filii</span> <span class='ocrx_word' id='word_1_395' title='bbox 2343 554 2394 565; x_wconf 68' lang='lat'>—-.</span> 
     </span>
     <span class='ocr_line' id='line_1_53' title="bbox 1389 590 2353 625; baseline -0.002 -5"><span class='ocrx_word' id='word_1_396' title='bbox 1389 592 1462 620; x_wconf 85' lang='lat' dir='ltr'>Dat.</span> <span class='ocrx_word' id='word_1_397' title='bbox 1479 591 1644 625; x_wconf 80' lang='lat' dir='ltr'>Laterani,</span> <span class='ocrx_word' id='word_1_398' title='bbox 1664 592 1693 621; x_wconf 92' lang='lat' dir='ltr'>II</span> <span class='ocrx_word' id='word_1_399' title='bbox 1707 591 1781 620; x_wconf 81' lang='lat' dir='ltr'>idus</span> <span class='ocrx_word' id='word_1_400' title='bbox 1799 591 1970 625; x_wconf 75' lang='lat' dir='ltr'>fetu-uarii,</span> <span class='ocrx_word' id='word_1_401' title='bbox 1987 590 2353 620; x_wconf 54' lang='grc' dir='ltr'><strong>1111110101-110110011110.υ</strong></span> 
     </span>
    </p>
   </div>
   <div class='ocr_carea' id='block_1_10' title="bbox 1462 782 2325 814">
    <p class='ocr_par' dir='ltr' id='par_1_13' title="bbox 1462 782 2325 814">
     <span class='ocr_line' id='line_1_54' title="bbox 1462 782 2325 814; baseline 0.001 -6"><span class='ocrx_word' id='word_1_402' title='bbox 1462 782 1582 810; x_wconf 63' lang='grc' dir='ltr'><strong>5οἵ0</strong></span> <span class='ocrx_word' id='word_1_403' title='bbox 1938 783 2058 814; x_wconf 77' lang='lat' dir='ltr'>Latran,</span> <span class='ocrx_word' id='word_1_404' title='bbox 2075 783 2108 809; x_wconf 90' lang='grc'>12</span> <span class='ocrx_word' id='word_1_405' title='bbox 2125 782 2325 809; x_wconf 74' lang='lat' dir='ltr'>fevrier1240.</span> 
     </span>
    </p>
   </div>
   <div class='ocr_carea' id='block_1_11' title="bbox 1392 843 2401 1169">
    <p class='ocr_par' dir='ltr' id='par_1_14' title="bbox 1392 843 2401 1169">
     <span class='ocr_line' id='line_1_55' title="bbox 1426 843 2398 877; baseline 0 -7"><span class='ocrx_word' id='word_1_406' title='bbox 1426 843 1604 870; x_wconf 85' lang='lat' dir='ltr'>Comitissae</span> <span class='ocrx_word' id='word_1_407' title='bbox 1627 843 1777 875; x_wconf 80' lang='lat' dir='ltr'>Ossatiae,</span> <span class='ocrx_word' id='word_1_408' title='bbox 1803 852 1877 877; x_wconf 81' lang='lat' dir='ltr'>quae</span> <span class='ocrx_word' id='word_1_409' title='bbox 1897 844 2025 877; x_wconf 81' lang='lat' dir='ltr'>elegerat</span> <span class='ocrx_word' id='word_1_410' title='bbox 2046 843 2099 870; x_wconf 87' lang='lat' dir='ltr'>sub</span> <span class='ocrx_word' id='word_1_411' title='bbox 2117 843 2269 877; x_wconf 83' lang='lat' dir='ltr'>religionis</span> <span class='ocrx_word' id='word_1_412' title='bbox 2295 843 2398 870; x_wconf 82' lang='lat' dir='ltr'>habitu</span> 
     </span>
     <span class='ocr_line' id='line_1_56' title="bbox 1392 890 2399 926; baseline 0 -9"><span class='ocrx_word' id='word_1_413' title='bbox 1392 890 1518 918; x_wconf 88' lang='lat' dir='ltr'>Domino</span> <span class='ocrx_word' id='word_1_414' title='bbox 1545 891 1701 923; x_wconf 80' lang='lat' dir='ltr'>famulari,</span> <span class='ocrx_word' id='word_1_415' title='bbox 1731 891 1880 925; x_wconf 80' lang='lat' dir='ltr'>significat</span> <span class='ocrx_word' id='word_1_416' title='bbox 1900 900 1930 918; x_wconf 86' lang='lat' dir='ltr'>se</span> <span class='ocrx_word' id='word_1_417' title='bbox 1958 900 2037 923; x_wconf 87' lang='lat' dir='ltr'>eam,</span> <span class='ocrx_word' id='word_1_418' title='bbox 2064 900 2117 918; x_wconf 85' lang='lat' dir='ltr'>nec</span> <span class='ocrx_word' id='word_1_419' title='bbox 2142 901 2199 918; x_wconf 82' lang='lat' dir='ltr'>non</span> <span class='ocrx_word' id='word_1_420' title='bbox 2225 892 2287 926; x_wconf 86' lang='lat' dir='ltr'>ejus</span> <span class='ocrx_word' id='word_1_421' title='bbox 2311 892 2399 921; x_wconf 82' lang='lat' dir='ltr'>filios,</span> 
     </span>
     <span class='ocr_line' id='line_1_57' title="bbox 1392 940 2400 974; baseline 0.001 -8"><span class='ocrx_word' id='word_1_422' title='bbox 1392 940 1539 966; x_wconf 77' lang='lat' dir='ltr'>familiam</span> <span class='ocrx_word' id='word_1_423' title='bbox 1557 942 1585 966; x_wconf 85' lang='lat' dir='ltr'>et</span> <span class='ocrx_word' id='word_1_424' title='bbox 1602 940 1675 966; x_wconf 83' lang='lat' dir='ltr'>bona</span> <span class='ocrx_word' id='word_1_425' title='bbox 1697 940 1750 966; x_wconf 86' lang='lat' dir='ltr'>snb</span> <span class='ocrx_word' id='word_1_426' title='bbox 1772 940 1849 966; x_wconf 87' lang='lat' dir='ltr'>beati</span> <span class='ocrx_word' id='word_1_427' title='bbox 1872 940 1953 967; x_wconf 88' lang='lat' dir='ltr'>Petri</span> <span class='ocrx_word' id='word_1_428' title='bbox 1979 943 2007 967; x_wconf 89' lang='lat' dir='ltr'>et</span> <span class='ocrx_word' id='word_1_429' title='bbox 2028 949 2080 967; x_wconf 85' lang='lat' dir='ltr'>sua</span> <span class='ocrx_word' id='word_1_430' title='bbox 2105 940 2286 974; x_wconf 90' lang='lat' dir='ltr'>protectione</span> <span class='ocrx_word' id='word_1_431' title='bbox 2306 941 2400 967; x_wconf 87' lang='lat' dir='ltr'>susci-</span> 
     </span>
     <span class='ocr_line' id='line_1_58' title="bbox 1392 988 2399 1023; baseline 0.001 -9"><span class='ocrx_word' id='word_1_432' title='bbox 1392 997 1470 1023; x_wconf 82' lang='lat' dir='ltr'>pere,</span> <span class='ocrx_word' id='word_1_433' title='bbox 1487 991 1515 1015; x_wconf 91' lang='lat' dir='ltr'>et</span> <span class='ocrx_word' id='word_1_434' title='bbox 1531 991 1660 1015; x_wconf 83' lang='lat' dir='ltr'>statuere</span> <span class='ocrx_word' id='word_1_435' title='bbox 1682 990 1714 1014; x_wconf 88' lang='lat' dir='ltr'>ut</span> <span class='ocrx_word' id='word_1_436' title='bbox 1733 988 1806 1015; x_wconf 87' lang='lat' dir='ltr'>dieti</span> <span class='ocrx_word' id='word_1_437' title='bbox 1830 988 1924 1022; x_wconf 81' lang='lat' dir='ltr'>ipsius</span> <span class='ocrx_word' id='word_1_438' title='bbox 1940 989 2109 1015; x_wconf 79' lang='lat' dir='ltr'>comitissae</span> <span class='ocrx_word' id='word_1_439' title='bbox 2130 989 2196 1021; x_wconf 85' lang='lat' dir='ltr'>filii,</span> <span class='ocrx_word' id='word_1_440' title='bbox 2220 997 2233 1014; x_wconf 73' lang='grc'>(1</span> <span class='ocrx_word' id='word_1_441' title='bbox 2252 989 2344 1015; x_wconf 88' lang='lat' dir='ltr'>donee</span> <span class='ocrx_word' id='word_1_442' title='bbox 2363 989 2399 1015; x_wconf 81' lang='lat' dir='ltr'>ad</span> 
     </span>
     <span class='ocr_line' id='line_1_59' title="bbox 1393 1037 2401 1072; baseline 0.002 -10"><span class='ocrx_word' id='word_1_443' title='bbox 1393 1045 1406 1062; x_wconf 79' lang='lat'>»</span> <span class='ocrx_word' id='word_1_444' title='bbox 1429 1037 1593 1071; x_wconf 82' lang='lat' dir='ltr'>legitimam</span> <span class='ocrx_word' id='word_1_445' title='bbox 1616 1037 1725 1070; x_wconf 70' lang='lat' dir='ltr'>viginti</span> <span class='ocrx_word' id='word_1_446' title='bbox 1747 1037 1877 1070; x_wconf 88' lang='lat' dir='ltr'>quinque</span> <span class='ocrx_word' id='word_1_447' title='bbox 1899 1045 2042 1063; x_wconf 89' lang='lat' dir='ltr'>annorum</span> <span class='ocrx_word' id='word_1_448' title='bbox 2068 1040 2175 1064; x_wconf 82' lang='lat' dir='ltr'>etatem</span> <span class='ocrx_word' id='word_1_449' title='bbox 2198 1037 2401 1072; x_wconf 74' lang='lat' dir='ltr'>pervenerint,</span> 
     </span>
     <span class='ocr_line' id='line_1_60' title="bbox 1394 1085 2400 1120; baseline 0.001 -9"><span class='ocrx_word' id='word_1_450' title='bbox 1394 1095 1406 1111; x_wconf 76' lang='grc'>1)</span> <span class='ocrx_word' id='word_1_451' title='bbox 1428 1086 1482 1113; x_wconf 84' lang='lat' dir='ltr'>sub</span> <span class='ocrx_word' id='word_1_452' title='bbox 1499 1086 1668 1120; x_wconf 80' lang='lat' dir='ltr'>Apostolice</span> <span class='ocrx_word' id='word_1_453' title='bbox 1686 1085 1771 1112; x_wconf 83' lang='lat' dir='ltr'>Sedis</span> <span class='ocrx_word' id='word_1_454' title='bbox 1793 1086 1887 1112; x_wconf 89' lang='lat' dir='ltr'>tutela</span> <span class='ocrx_word' id='word_1_455' title='bbox 1907 1088 1935 1112; x_wconf 89' lang='lat' dir='ltr'>et</span> <span class='ocrx_word' id='word_1_456' title='bbox 1960 1086 2131 1112; x_wconf 81' lang='lat' dir='ltr'>defensione</span> <span class='ocrx_word' id='word_1_457' title='bbox 2147 1087 2310 1113; x_wconf 80' lang='lat' dir='ltr'>consistant</span> <span class='ocrx_word' id='word_1_458' title='bbox 2327 1095 2351 1112; x_wconf 75' lang='grc'>1).</span> <span class='ocrx_word' id='word_1_459' title='bbox 2369 1102 2400 1104; x_wconf 89' lang='grc'>-</span> 
     </span>
     <span class='ocr_line' id='line_1_61' title="bbox 1393 1133 2106 1169; baseline -0.001 -7"><span class='ocrx_word' id='word_1_460' title='bbox 1393 1136 1480 1165; x_wconf 66' lang='lat' dir='ltr'>(Rea.</span> <span class='ocrx_word' id='word_1_461' title='bbox 1498 1135 1541 1167; x_wconf 77' lang='lat'>19,</span> <span class='ocrx_word' id='word_1_462' title='bbox 1558 1136 1577 1161; x_wconf 87' lang='lat' dir='ltr'>f.</span> <span class='ocrx_word' id='word_1_463' title='bbox 1595 1134 1647 1161; x_wconf 88' lang='lat'>150</span> <span class='ocrx_word' id='word_1_464' title='bbox 1662 1133 1735 1169; x_wconf 73' lang='grc'><strong>[144]</strong></span> <span class='ocrx_word' id='word_1_465' title='bbox 1753 1137 1789 1166; x_wconf 83' lang='lat' dir='ltr'>r‘²;</span> <span class='ocrx_word' id='word_1_466' title='bbox 1804 1143 1874 1161; x_wconf 86' lang='lat' dir='ltr'>ann.</span> <span class='ocrx_word' id='word_1_467' title='bbox 1890 1135 1972 1167; x_wconf 77' lang='lat' dir='ltr'>XIII,</span> <span class='ocrx_word' id='word_1_468' title='bbox 1989 1143 2014 1161; x_wconf 89' lang='lat' dir='ltr'>c.</span> <span class='ocrx_word' id='word_1_469' title='bbox 2031 1135 2106 1165; x_wconf 85' lang='grc'><strong>231.)</strong></span> 
     </span>
    </p>
   </div>
   <div class='ocr_carea' id='block_1_12' title="bbox 1394 1236 2402 1319">
    <p class='ocr_par' dir='ltr' id='par_1_15' title="bbox 1394 1236 2402 1319">
     <span class='ocr_line' id='line_1_62' title="bbox 1435 1236 2402 1266; baseline 0.001 -1"><span class='ocrx_word' id='word_1_470' title='bbox 1435 1249 1448 1261; x_wconf 83' lang='lat'>«</span> <span class='ocrx_word' id='word_1_471' title='bbox 1462 1237 1560 1265; x_wconf 68' lang='lat' dir='ltr'>Nobili</span> <span class='ocrx_word' id='word_1_472' title='bbox 1574 1237 1700 1264; x_wconf 69' lang='lat' dir='ltr'>mulieri</span> <span class='ocrx_word' id='word_1_473' title='bbox 1715 1237 1896 1264; x_wconf 72' lang='lat' dir='ltr'>..comitisse</span> <span class='ocrx_word' id='word_1_474' title='bbox 1912 1236 2032 1265; x_wconf 75' lang='lat' dir='ltr'>Ossatie.</span> <span class='ocrx_word' id='word_1_475' title='bbox 2047 1237 2261 1265; x_wconf 68' lang='lat' dir='ltr'>Sacros-ancta</span> <span class='ocrx_word' id='word_1_476' title='bbox 2277 1241 2337 1266; x_wconf 81' lang='lat' dir='ltr'>etc.</span> <span class='ocrx_word' id='word_1_477' title='bbox 2352 1254 2402 1266; x_wconf 84' lang='lat'>-—.</span> 
     </span>
     <span class='ocr_line' id='line_1_63' title="bbox 1394 1288 2361 1319; baseline 0.001 -2"><span class='ocrx_word' id='word_1_478' title='bbox 1394 1290 1467 1318; x_wconf 88' lang='lat' dir='ltr'>Dat.</span> <span class='ocrx_word' id='word_1_479' title='bbox 1487 1289 1652 1318; x_wconf 83' lang='lat' dir='ltr'>Laterani.</span> <span class='ocrx_word' id='word_1_480' title='bbox 1669 1289 1699 1318; x_wconf 93' lang='grc' dir='ltr'>ΙΙ</span> <span class='ocrx_word' id='word_1_481' title='bbox 1717 1288 1790 1318; x_wconf 88' lang='lat' dir='ltr'>idus</span> <span class='ocrx_word' id='word_1_482' title='bbox 1806 1289 1978 1318; x_wconf 82' lang='lat' dir='ltr'>februarii.</span> <span class='ocrx_word' id='word_1_483' title='bbox 1995 1298 2081 1318; x_wconf 87' lang='lat' dir='ltr'>anno</span> <span class='ocrx_word' id='word_1_484' title='bbox 2097 1289 2333 1319; x_wconf 74' lang='lat' dir='ltr'>tertiodecimo.</span> <span class='ocrx_word' id='word_1_485' title='bbox 2349 1302 2361 1315; x_wconf 70' lang='grc' dir='ltr'>ι)</span> 
     </span>
    </p>
   </div>
   <div class='ocr_carea' id='block_1_13' title="bbox 1466 1482 1579 1510">
    <p class='ocr_par' dir='ltr' id='par_1_16' title="bbox 1466 1482 1579 1510">
     <span class='ocr_line' id='line_1_64' title="bbox 1466 1482 1579 1510; baseline -0.018 0"><span class='ocrx_word' id='word_1_486' title='bbox 1466 1482 1552 1510; x_wconf 64' lang='grc' dir='ltr'>Εθῖ</span> <span class='ocrx_word' id='word_1_487' title='bbox 1561 1482 1579 1508; x_wconf 77' lang='grc'>1</span> 
     </span>
    </p>
   </div>
   <div class='ocr_carea' id='block_1_14' title="bbox 1396 1543 2408 1627">
    <p class='ocr_par' dir='ltr' id='par_1_17' title="bbox 1396 1543 2408 1627">
     <span class='ocr_line' id='line_1_65' title="bbox 1431 1543 2408 1578; baseline 0 -7"><span class='ocrx_word' id='word_1_488' title='bbox 1431 1544 1541 1571; x_wconf 82' lang='lat' dir='ltr'>Abbati</span> <span class='ocrx_word' id='word_1_489' title='bbox 1553 1547 1581 1571; x_wconf 91' lang='lat' dir='ltr'>et</span> <span class='ocrx_word' id='word_1_490' title='bbox 1597 1544 1756 1570; x_wconf 87' lang='lat' dir='ltr'>conventui</span> <span class='ocrx_word' id='word_1_491' title='bbox 1772 1543 2003 1577; x_wconf 73' lang='lat' dir='ltr'>Siinigiensibus</span> <span class='ocrx_word' id='word_1_492' title='bbox 2015 1546 2060 1575; x_wconf 76' lang='lat' dir='ltr'>(z</span> <span class='ocrx_word' id='word_1_493' title='bbox 2071 1544 2106 1570; x_wconf 92' lang='lat' dir='ltr'>de</span> <span class='ocrx_word' id='word_1_494' title='bbox 2119 1544 2277 1578; x_wconf 78' lang='lat' dir='ltr'>Sumegh),</span> <span class='ocrx_word' id='word_1_495' title='bbox 2294 1544 2408 1571; x_wconf 87' lang='lat' dir='ltr'>ordinis</span> 
     </span>
     <span class='ocr_line' id='line_1_66' title="bbox 1396 1592 2407 1627; baseline -0.001 -7"><span class='ocrx_word' id='word_1_496' title='bbox 1396 1593 1490 1620; x_wconf 86' lang='lat' dir='ltr'>sancti</span> <span class='ocrx_word' id='word_1_497' title='bbox 1504 1593 1671 1625; x_wconf 78' lang='lat' dir='ltr'>Benedicti,</span> <span class='ocrx_word' id='word_1_498' title='bbox 1682 1592 1916 1626; x_wconf 86' lang='lat' dir='ltr'>Vesprimiensis</span> <span class='ocrx_word' id='word_1_499' title='bbox 1927 1592 2080 1623; x_wconf 80' lang='lat' dir='ltr'>dioecesis,</span> <span class='ocrx_word' id='word_1_500' title='bbox 2092 1607 2123 1610; x_wconf 96' lang='lat'><strong>—</strong></span> <span class='ocrx_word' id='word_1_501' title='bbox 2135 1601 2214 1625; x_wconf 86' lang='lat' dir='ltr'>cum,</span> <span class='ocrx_word' id='word_1_502' title='bbox 2227 1593 2305 1619; x_wconf 86' lang='lat' dir='ltr'>inter</span> <span class='ocrx_word' id='word_1_503' title='bbox 2318 1593 2407 1627; x_wconf 89' lang='lat' dir='ltr'>ipsos,</span> 
     </span>
    </p>
   </div>
   <div class='ocr_carea' id='block_1_15' title="bbox 1959 1481 2333 1513">
    <p class='ocr_par' dir='ltr' id='par_1_18' title="bbox 1959 1481 2333 1513">
     <span class='ocr_line' id='line_1_67' title="bbox 1959 1481 2333 1513; baseline 0.003 -5"><span class='ocrx_word' id='word_1_504' title='bbox 1959 1481 2079 1513; x_wconf 72' lang='lat' dir='ltr'>Latran,</span> <span class='ocrx_word' id='word_1_505' title='bbox 2096 1482 2111 1508; x_wconf 89' lang='grc'>8</span> <span class='ocrx_word' id='word_1_506' title='bbox 2131 1482 2238 1508; x_wconf 75' lang='lat' dir='ltr'>sevrier</span> <span class='ocrx_word' id='word_1_507' title='bbox 2254 1482 2333 1509; x_wconf 87' lang='grc'><strong>1240.</strong></span> 
     </span>
    </p>
   </div>
   <div class='ocr_carea' id='block_1_16' title="bbox 1397 1641 2412 2209">
    <p class='ocr_par' dir='ltr' id='par_1_19' title="bbox 1397 1641 2412 2209">
     <span class='ocr_line' id='line_1_68' title="bbox 1397 1641 2409 1676; baseline 0 -7"><span class='ocrx_word' id='word_1_508' title='bbox 1397 1651 1431 1669; x_wconf 85' lang='lat' dir='ltr'>ex</span> <span class='ocrx_word' id='word_1_509' title='bbox 1448 1645 1530 1676; x_wconf 84' lang='lat' dir='ltr'>parte</span> <span class='ocrx_word' id='word_1_510' title='bbox 1546 1650 1615 1674; x_wconf 73' lang='lat' dir='ltr'>uua,</span> <span class='ocrx_word' id='word_1_511' title='bbox 1630 1645 1658 1668; x_wconf 89' lang='lat' dir='ltr'>et</span> <span class='ocrx_word' id='word_1_512' title='bbox 1674 1642 1836 1673; x_wconf 82' lang='lat' dir='ltr'>Andream,</span> <span class='ocrx_word' id='word_1_513' title='bbox 1852 1650 1948 1675; x_wconf 83' lang='lat' dir='ltr'>regem</span> <span class='ocrx_word' id='word_1_514' title='bbox 1965 1641 2147 1675; x_wconf 85' lang='lat' dir='ltr'>Hungariae,</span> <span class='ocrx_word' id='word_1_515' title='bbox 2162 1650 2196 1668; x_wconf 85' lang='lat' dir='ltr'>ex</span> <span class='ocrx_word' id='word_1_516' title='bbox 2210 1642 2314 1675; x_wconf 84' lang='lat' dir='ltr'>altera,</span> <span class='ocrx_word' id='word_1_517' title='bbox 2332 1650 2346 1667; x_wconf 78' lang='grc' dir='ltr'>(ι</span> <span class='ocrx_word' id='word_1_518' title='bbox 2363 1651 2409 1669; x_wconf 90' lang='lat' dir='ltr'>su—</span> 
     </span>
     <span class='ocr_line' id='line_1_69' title="bbox 1398 1689 2411 1724; baseline 0.002 -9"><span class='ocrx_word' id='word_1_519' title='bbox 1398 1699 1412 1715; x_wconf 82' lang='grc'>1)</span> <span class='ocrx_word' id='word_1_520' title='bbox 1435 1699 1484 1724; x_wconf 85' lang='lat' dir='ltr'>per</span> <span class='ocrx_word' id='word_1_521' title='bbox 1499 1690 1675 1724; x_wconf 80' lang='lat' dir='ltr'>quibusdam</span> <span class='ocrx_word' id='word_1_522' title='bbox 1700 1689 1808 1716; x_wconf 84' lang='lat' dir='ltr'>annuis</span> <span class='ocrx_word' id='word_1_523' title='bbox 1830 1689 1976 1716; x_wconf 87' lang='lat' dir='ltr'>mensuris</span> <span class='ocrx_word' id='word_1_524' title='bbox 1997 1689 2072 1721; x_wconf 82' lang='lat' dir='ltr'>vini,</span> <span class='ocrx_word' id='word_1_525' title='bbox 2092 1690 2226 1715; x_wconf 78' lang='lat' dir='ltr'>cibriones</span> <span class='ocrx_word' id='word_1_526' title='bbox 2246 1690 2411 1724; x_wconf 81' lang='lat' dir='ltr'>vulgariter</span> 
     </span>
     <span class='ocr_line' id='line_1_70' title="bbox 1399 1738 2411 1773; baseline 0.002 -10"><span class='ocrx_word' id='word_1_527' title='bbox 1399 1748 1412 1764; x_wconf 80' lang='grc'>1)</span> <span class='ocrx_word' id='word_1_528' title='bbox 1433 1739 1602 1773; x_wconf 87' lang='lat' dir='ltr'>appellatis,</span> <span class='ocrx_word' id='word_1_529' title='bbox 1621 1738 1824 1772; x_wconf 83' lang='lat' dir='ltr'>provenientis</span> <span class='ocrx_word' id='word_1_530' title='bbox 1840 1738 1875 1764; x_wconf 91' lang='lat' dir='ltr'>de</span> <span class='ocrx_word' id='word_1_531' title='bbox 1894 1738 1991 1764; x_wconf 82' lang='lat' dir='ltr'>vineis</span> <span class='ocrx_word' id='word_1_532' title='bbox 2017 1746 2092 1764; x_wconf 81' lang='lat' dir='ltr'>nove</span> <span class='ocrx_word' id='word_1_533' title='bbox 2115 1739 2322 1772; x_wconf 75' lang='lat' dir='ltr'>plantationis,</span> <span class='ocrx_word' id='word_1_534' title='bbox 2343 1739 2411 1765; x_wconf 86' lang='lat' dir='ltr'>sitis</span> 
     </span>
     <span class='ocr_line' id='line_1_71' title="bbox 1399 1786 2410 1821; baseline 0 -7"><span class='ocrx_word' id='word_1_535' title='bbox 1399 1796 1412 1814; x_wconf 81' lang='grc'>1)</span> <span class='ocrx_word' id='word_1_536' title='bbox 1433 1788 1519 1821; x_wconf 85' lang='lat' dir='ltr'>juxta</span> <span class='ocrx_word' id='word_1_537' title='bbox 1535 1787 1640 1813; x_wconf 82' lang='lat' dir='ltr'>villam</span> <span class='ocrx_word' id='word_1_538' title='bbox 1658 1787 1731 1820; x_wconf 75' lang='lat' dir='ltr'>Eng,</span> <span class='ocrx_word' id='word_1_539' title='bbox 1747 1787 1777 1812; x_wconf 91' lang='lat' dir='ltr'>in</span> <span class='ocrx_word' id='word_1_540' title='bbox 1799 1789 1875 1813; x_wconf 84' lang='lat' dir='ltr'>terra</span> <span class='ocrx_word' id='word_1_541' title='bbox 1889 1787 2003 1820; x_wconf 84' lang='lat' dir='ltr'>capelle</span> <span class='ocrx_word' id='word_1_542' title='bbox 2021 1794 2034 1811; x_wconf 87' lang='lat'>»</span> <span class='ocrx_word' id='word_1_543' title='bbox 2051 1786 2181 1820; x_wconf 88' lang='lat' dir='ltr'>ipsorum</span> <span class='ocrx_word' id='word_1_544' title='bbox 2204 1795 2217 1811; x_wconf 90' lang='lat'>«</span> <span class='ocrx_word' id='word_1_545' title='bbox 2235 1787 2338 1814; x_wconf 84' lang='lat' dir='ltr'>Sancti</span> <span class='ocrx_word' id='word_1_546' title='bbox 2359 1787 2410 1814; x_wconf 90' lang='lat' dir='ltr'>Ni-</span> 
     </span>
     <span class='ocr_line' id='line_1_72' title="bbox 1400 1835 2412 1870; baseline 0.002 -9"><span class='ocrx_word' id='word_1_547' title='bbox 1400 1845 1413 1862; x_wconf 87' lang='lat'>»</span> <span class='ocrx_word' id='word_1_548' title='bbox 1435 1837 1509 1863; x_wconf 80' lang='lat' dir='ltr'>colai</span> <span class='ocrx_word' id='word_1_549' title='bbox 1530 1837 1565 1863; x_wconf 89' lang='lat' dir='ltr'>de</span> <span class='ocrx_word' id='word_1_550' title='bbox 1586 1835 1733 1867; x_wconf 75' lang='lat' dir='ltr'>Marc-iiia,</span> <span class='ocrx_word' id='word_1_551' title='bbox 1756 1835 2085 1870; x_wconf 84' lang='lat' dir='ltr'>Quinqueecclesiensis</span> <span class='ocrx_word' id='word_1_552' title='bbox 2105 1835 2240 1867; x_wconf 81' lang='lat' dir='ltr'>diocesis,</span> <span class='ocrx_word' id='word_1_553' title='bbox 2257 1836 2412 1870; x_wconf 85' lang='lat' dir='ltr'>questione</span> 
     </span>
     <span class='ocr_line' id='line_1_73' title="bbox 1399 1884 2408 1918; baseline 0.002 -8"><span class='ocrx_word' id='word_1_554' title='bbox 1399 1893 1413 1910; x_wconf 84' lang='lat'>»</span> <span class='ocrx_word' id='word_1_555' title='bbox 1434 1884 1563 1916; x_wconf 79' lang='lat' dir='ltr'>suborta,</span> <span class='ocrx_word' id='word_1_556' title='bbox 1585 1884 1662 1911; x_wconf 82' lang='lat' dir='ltr'>idem</span> <span class='ocrx_word' id='word_1_557' title='bbox 1686 1893 1745 1914; x_wconf 83' lang='lat' dir='ltr'>rex,</span> <span class='ocrx_word' id='word_1_558' title='bbox 1768 1886 1917 1918; x_wconf 81' lang='lat' dir='ltr'>comperto</span> <span class='ocrx_word' id='word_1_559' title='bbox 1935 1892 1947 1909; x_wconf 81' lang='grc'>11</span> <span class='ocrx_word' id='word_1_560' title='bbox 1965 1892 1978 1909; x_wconf 77' lang='lat' dir='ltr'>a</span> <span class='ocrx_word' id='word_1_561' title='bbox 1998 1884 2073 1918; x_wconf 88' lang='lat' dir='ltr'>quod</span> <span class='ocrx_word' id='word_1_562' title='bbox 2092 1884 2171 1911; x_wconf 86' lang='lat' dir='ltr'>dicte</span> <span class='ocrx_word' id='word_1_563' title='bbox 2193 1893 2328 1912; x_wconf 87' lang='lat' dir='ltr'>mensure</span> <span class='ocrx_word' id='word_1_564' title='bbox 2345 1885 2408 1912; x_wconf 93' lang='lat' dir='ltr'>vini</span> 
     </span>
     <span class='ocr_line' id='line_1_74' title="bbox 1400 1933 2409 1968; baseline 0.001 -9"><span class='ocrx_word' id='word_1_565' title='bbox 1400 1943 1413 1959; x_wconf 75' lang='lat' dir='ltr'>n</span> <span class='ocrx_word' id='word_1_566' title='bbox 1434 1934 1469 1961; x_wconf 87' lang='lat' dir='ltr'>de</span> <span class='ocrx_word' id='word_1_567' title='bbox 1491 1934 1613 1968; x_wconf 83' lang='lat' dir='ltr'>prefatis</span> <span class='ocrx_word' id='word_1_568' title='bbox 1633 1933 1729 1960; x_wconf 82' lang='lat' dir='ltr'>vineis</span> <span class='ocrx_word' id='word_1_569' title='bbox 1747 1933 1803 1960; x_wconf 90' lang='lat' dir='ltr'>sibi</span> <span class='ocrx_word' id='word_1_570' title='bbox 1829 1933 1905 1960; x_wconf 84' lang='lat' dir='ltr'>solvi</span> <span class='ocrx_word' id='word_1_571' title='bbox 1930 1942 1987 1959; x_wconf 89' lang='lat' dir='ltr'>non</span> <span class='ocrx_word' id='word_1_572' title='bbox 2011 1933 2178 1965; x_wconf 77' lang='lat' dir='ltr'>debuerint,</span> <span class='ocrx_word' id='word_1_573' title='bbox 2203 1942 2255 1960; x_wconf 90' lang='lat' dir='ltr'>nec</span> <span class='ocrx_word' id='word_1_574' title='bbox 2278 1942 2409 1968; x_wconf 87' lang='lat' dir='ltr'>unquam</span> 
     </span>
     <span class='ocr_line' id='line_1_75' title="bbox 1400 1982 2410 2017; baseline 0.001 -9"><span class='ocrx_word' id='word_1_575' title='bbox 1400 1992 1414 2009; x_wconf 89' lang='lat'>))</span> <span class='ocrx_word' id='word_1_576' title='bbox 1436 1984 1546 2010; x_wconf 78' lang='lat' dir='ltr'>fuerint</span> <span class='ocrx_word' id='word_1_577' title='bbox 1575 1984 1732 2017; x_wconf 71' lang='lat' dir='ltr'>persoluto,</span> <span class='ocrx_word' id='word_1_578' title='bbox 1762 1983 1839 2016; x_wconf 88' lang='lat' dir='ltr'>ipsas</span> <span class='ocrx_word' id='word_1_579' title='bbox 1866 1985 2028 2009; x_wconf 83' lang='lat' dir='ltr'>memorate</span> <span class='ocrx_word' id='word_1_580' title='bbox 2055 1983 2168 2017; x_wconf 85' lang='lat' dir='ltr'>capelle</span> <span class='ocrx_word' id='word_1_581' title='bbox 2196 1990 2209 2007; x_wconf 87' lang='lat'>»</span> <span class='ocrx_word' id='word_1_582' title='bbox 2234 1982 2410 2015; x_wconf 87' lang='lat' dir='ltr'>dimisisset,</span> 
     </span>
     <span class='ocr_line' id='line_1_76' title="bbox 1400 2031 2411 2066; baseline 0.001 -9"><span class='ocrx_word' id='word_1_583' title='bbox 1400 2039 1413 2057; x_wconf 84' lang='lat'>&lt;‹</span> <span class='ocrx_word' id='word_1_584' title='bbox 1435 2032 1598 2058; x_wconf 84' lang='lat' dir='ltr'>concedens</span> <span class='ocrx_word' id='word_1_585' title='bbox 1614 2031 1710 2057; x_wconf 90' lang='lat' dir='ltr'>eidem</span> <span class='ocrx_word' id='word_1_586' title='bbox 1733 2034 1765 2058; x_wconf 91' lang='lat' dir='ltr'>ut</span> <span class='ocrx_word' id='word_1_587' title='bbox 1787 2039 1836 2058; x_wconf 85' lang='lat' dir='ltr'>eas</span> <span class='ocrx_word' id='word_1_588' title='bbox 1857 2031 1955 2064; x_wconf 88' lang='lat' dir='ltr'>quiete</span> <span class='ocrx_word' id='word_1_589' title='bbox 1976 2034 2004 2057; x_wconf 91' lang='lat' dir='ltr'>et</span> <span class='ocrx_word' id='word_1_590' title='bbox 2019 2031 2140 2065; x_wconf 86' lang='lat' dir='ltr'>pacifice</span> <span class='ocrx_word' id='word_1_591' title='bbox 2161 2034 2301 2066; x_wconf 84' lang='lat' dir='ltr'>perpetuo</span> <span class='ocrx_word' id='word_1_592' title='bbox 2317 2032 2411 2066; x_wconf 86' lang='lat' dir='ltr'>possi-</span> 
     </span>
     <span class='ocr_line' id='line_1_77' title="bbox 1400 2079 2409 2114; baseline 0.002 -9"><span class='ocrx_word' id='word_1_593' title='bbox 1400 2089 1413 2105; x_wconf 79' lang='grc'>))</span> <span class='ocrx_word' id='word_1_594' title='bbox 1435 2081 1516 2106; x_wconf 84' lang='lat' dir='ltr'>deret</span> <span class='ocrx_word' id='word_1_595' title='bbox 1532 2088 1556 2112; x_wconf 86' lang='lat'>»,</span> <span class='ocrx_word' id='word_1_596' title='bbox 1569 2095 1603 2097; x_wconf 97' lang='lat'><strong>—</strong></span> <span class='ocrx_word' id='word_1_597' title='bbox 1619 2079 1767 2113; x_wconf 85' lang='lat' dir='ltr'>signifieat</span> <span class='ocrx_word' id='word_1_598' title='bbox 1783 2088 1812 2106; x_wconf 77' lang='lat' dir='ltr'>se</span> <span class='ocrx_word' id='word_1_599' title='bbox 1833 2079 1909 2113; x_wconf 86' lang='lat' dir='ltr'>quod</span> <span class='ocrx_word' id='word_1_600' title='bbox 1925 2087 1942 2106; x_wconf 90' lang='lat' dir='ltr'>a</span> <span class='ocrx_word' id='word_1_601' title='bbox 1957 2079 2036 2106; x_wconf 89' lang='lat' dir='ltr'>dicto</span> <span class='ocrx_word' id='word_1_602' title='bbox 2047 2087 2113 2113; x_wconf 85' lang='lat' dir='ltr'>rege</span> <span class='ocrx_word' id='word_1_603' title='bbox 2128 2088 2215 2114; x_wconf 84' lang='lat' dir='ltr'>super</span> <span class='ocrx_word' id='word_1_604' title='bbox 2229 2081 2282 2107; x_wconf 84' lang='lat' dir='ltr'>hoc</span> <span class='ocrx_word' id='word_1_605' title='bbox 2298 2081 2409 2108; x_wconf 82' lang='lat' dir='ltr'>factum</span> 
     </span>
     <span class='ocr_line' id='line_1_78' title="bbox 1400 2127 2411 2163; baseline 0.001 -8"><span class='ocrx_word' id='word_1_606' title='bbox 1400 2130 1506 2161; x_wconf 85' lang='lat' dir='ltr'>fuerat,</span> <span class='ocrx_word' id='word_1_607' title='bbox 1528 2128 1711 2155; x_wconf 88' lang='lat' dir='ltr'>confirmare.</span> <span class='ocrx_word' id='word_1_608' title='bbox 1734 2143 1766 2146; x_wconf 97' lang='lat'><strong>—</strong></span> <span class='ocrx_word' id='word_1_609' title='bbox 1791 2129 1879 2159; x_wconf 71' lang='lat' dir='ltr'>(REG.</span> <span class='ocrx_word' id='word_1_610' title='bbox 1903 2128 1946 2160; x_wconf 80' lang='lat'>19,</span> <span class='ocrx_word' id='word_1_611' title='bbox 1971 2129 1990 2154; x_wconf 86' lang='lat' dir='ltr'>f.</span> <span class='ocrx_word' id='word_1_612' title='bbox 2009 2127 2060 2154; x_wconf 88' lang='lat'>150</span> <span class='ocrx_word' id='word_1_613' title='bbox 2076 2127 2150 2163; x_wconf 79' lang='lat'>[144]</span> <span class='ocrx_word' id='word_1_614' title='bbox 2173 2131 2215 2161; x_wconf 81' lang='lat' dir='ltr'>r⁰;</span> <span class='ocrx_word' id='word_1_615' title='bbox 2236 2137 2306 2156; x_wconf 90' lang='lat' dir='ltr'>ann.</span> <span class='ocrx_word' id='word_1_616' title='bbox 2327 2129 2411 2162; x_wconf 85' lang='lat' dir='ltr'>XIII,</span> 
     </span>
     <span class='ocr_line' id='line_1_79' title="bbox 1400 2177 1860 2209; baseline -0.002 -4"><span class='ocrx_word' id='word_1_617' title='bbox 1400 2187 1424 2205; x_wconf 82' lang='lat' dir='ltr'>e.</span> <span class='ocrx_word' id='word_1_618' title='bbox 1442 2178 1510 2209; x_wconf 76' lang='lat'>2323</span> <span class='ocrx_word' id='word_1_619' title='bbox 1529 2192 1561 2196; x_wconf 82' lang='lat'>—-</span> <span class='ocrx_word' id='word_1_620' title='bbox 1578 2178 1735 2205; x_wconf 61' lang='lat' dir='ltr'>Porrnasr</span> <span class='ocrx_word' id='word_1_621' title='bbox 1750 2177 1860 2209; x_wconf 82' lang='grc'><strong>10845.)</strong></span> 
     </span>
    </p>
   </div>
   <div class='ocr_carea' id='block_1_17' title="bbox 1401 2279 2414 2419">
    <p class='ocr_par' dir='ltr' id='par_1_20' title="bbox 1401 2279 2414 2419">
     <span class='ocr_line' id='line_1_80' title="bbox 1443 2279 2414 2315; baseline 0.004 -10"><span class='ocrx_word' id='word_1_622' title='bbox 1443 2291 1455 2305; x_wconf 89' lang='lat'>«</span> <span class='ocrx_word' id='word_1_623' title='bbox 1481 2302 1500 2308; x_wconf 88' lang='lat'>..</span> <span class='ocrx_word' id='word_1_624' title='bbox 1528 2280 1627 2308; x_wconf 79' lang='lat' dir='ltr'>abbati</span> <span class='ocrx_word' id='word_1_625' title='bbox 1651 2283 1676 2307; x_wconf 78' lang='lat' dir='ltr'>ct</span> <span class='ocrx_word' id='word_1_626' title='bbox 1702 2279 1865 2307; x_wconf 76' lang='lat' dir='ltr'>conventui</span> <span class='ocrx_word' id='word_1_627' title='bbox 1894 2279 2138 2315; x_wconf 70' lang='lat' dir='ltr'>Simiyiensibus,</span> <span class='ocrx_word' id='word_1_628' title='bbox 2168 2280 2290 2308; x_wconf 77' lang='lat' dir='ltr'>ordinis</span> <span class='ocrx_word' id='word_1_629' title='bbox 2312 2281 2414 2309; x_wconf 77' lang='lat' dir='ltr'>sancti</span> 
     </span>
     <span class='ocr_line' id='line_1_81' title="bbox 1401 2331 2412 2369; baseline 0.001 -8"><span class='ocrx_word' id='word_1_630' title='bbox 1401 2333 1562 2367; x_wconf 76' lang='lat' dir='ltr'>Benedicti,</span> <span class='ocrx_word' id='word_1_631' title='bbox 1598 2333 1826 2369; x_wconf 74' lang='lat' dir='ltr'>I&#39;esprimiensis</span> <span class='ocrx_word' id='word_1_632' title='bbox 1847 2332 1981 2361; x_wconf 80' lang='lat' dir='ltr'>diocesis.</span> <span class='ocrx_word' id='word_1_633' title='bbox 2004 2331 2087 2362; x_wconf 88' lang='lat' dir='ltr'>Cum</span> <span class='ocrx_word' id='word_1_634' title='bbox 2106 2340 2125 2361; x_wconf 87' lang='lat' dir='ltr'>a</span> <span class='ocrx_word' id='word_1_635' title='bbox 2148 2331 2243 2362; x_wconf 87' lang='lat' dir='ltr'>nobis</span> <span class='ocrx_word' id='word_1_636' title='bbox 2265 2349 2313 2361; x_wconf 85' lang='lat'>—.</span> <span class='ocrx_word' id='word_1_637' title='bbox 2338 2333 2412 2362; x_wconf 76' lang='lat' dir='ltr'>Dat.</span> 
     </span>
     <span class='ocr_line' id='line_1_82' title="bbox 1403 2384 2311 2419; baseline -0.001 -4"><span class='ocrx_word' id='word_1_638' title='bbox 1403 2385 1571 2419; x_wconf 85' lang='lat' dir='ltr'>Laterani,</span> <span class='ocrx_word' id='word_1_639' title='bbox 1589 2386 1634 2415; x_wconf 89' lang='lat' dir='ltr'>VI</span> <span class='ocrx_word' id='word_1_640' title='bbox 1655 2385 1729 2414; x_wconf 90' lang='lat' dir='ltr'>idus</span> <span class='ocrx_word' id='word_1_641' title='bbox 1747 2384 1919 2419; x_wconf 80' lang='lat' dir='ltr'>februarii,</span> <span class='ocrx_word' id='word_1_642' title='bbox 1940 2393 2027 2414; x_wconf 86' lang='lat' dir='ltr'>anno</span> <span class='ocrx_word' id='word_1_643' title='bbox 2044 2384 2281 2415; x_wconf 88' lang='lat' dir='ltr'>tertiodecimo.</span> <span class='ocrx_word' id='word_1_644' title='bbox 2299 2397 2311 2412; x_wconf 70' lang='lat'>&gt;³</span> 
     </span>
    </p>
   </div>
   <div class='ocr_carea' id='block_1_18' title="bbox 1474 2583 2342 2618">
    <p class='ocr_par' dir='ltr' id='par_1_21' title="bbox 1474 2583 2342 2618">
     <span class='ocr_line' id='line_1_83' title="bbox 1474 2583 2342 2618; baseline 0 -6"><span class='ocrx_word' id='word_1_645' title='bbox 1474 2583 1595 2612; x_wconf 59' lang='lat'>50⁷2</span> <span class='ocrx_word' id='word_1_646' title='bbox 1943 2584 2064 2617; x_wconf 87' lang='lat' dir='ltr'>Latran,</span> <span class='ocrx_word' id='word_1_647' title='bbox 2081 2585 2115 2611; x_wconf 86' lang='lat'>27</span> <span class='ocrx_word' id='word_1_648' title='bbox 2130 2584 2248 2618; x_wconf 89' lang='lat' dir='ltr'>janvier</span> <span class='ocrx_word' id='word_1_649' title='bbox 2262 2585 2342 2612; x_wconf 86' lang='grc'><strong>1240.</strong></span> 
     </span>
    </p>
   </div>
   <div class='ocr_carea' id='block_1_19' title="bbox 1404 2644 2416 2971">
    <p class='ocr_par' dir='ltr' id='par_1_22' title="bbox 1404 2644 2416 2971">
     <span class='ocr_line' id='line_1_84' title="bbox 1440 2644 2416 2680; baseline 0 -7"><span class='ocrx_word' id='word_1_650' title='bbox 1440 2646 1585 2680; x_wconf 89' lang='lat' dir='ltr'>Episcopo</span> <span class='ocrx_word' id='word_1_651' title='bbox 1601 2644 1793 2678; x_wconf 84' lang='lat' dir='ltr'>Majoricensi</span> <span class='ocrx_word' id='word_1_652' title='bbox 1810 2644 1915 2671; x_wconf 86' lang='lat' dir='ltr'>scribit</span> <span class='ocrx_word' id='word_1_653' title='bbox 1931 2644 2001 2678; x_wconf 93' lang='lat' dir='ltr'>quid</span> <span class='ocrx_word' id='word_1_654' title='bbox 2018 2653 2101 2679; x_wconf 86' lang='lat' dir='ltr'>agere</span> <span class='ocrx_word' id='word_1_655' title='bbox 2117 2644 2222 2672; x_wconf 88' lang='lat' dir='ltr'>debeat</span> <span class='ocrx_word' id='word_1_656' title='bbox 2233 2654 2320 2680; x_wconf 90' lang='lat' dir='ltr'>super</span> <span class='ocrx_word' id='word_1_657' title='bbox 2334 2645 2416 2673; x_wconf 56' lang='lat' dir='ltr'>abso&gt;</span> 
     </span>
     <span class='ocr_line' id='line_1_85' title="bbox 1405 2693 2413 2728; baseline 0.001 -7"><span class='ocrx_word' id='word_1_658' title='bbox 1405 2695 1518 2722; x_wconf 85' lang='lat' dir='ltr'>lutione</span> <span class='ocrx_word' id='word_1_659' title='bbox 1533 2697 1561 2720; x_wconf 90' lang='lat' dir='ltr'>et</span> <span class='ocrx_word' id='word_1_660' title='bbox 1577 2693 1800 2728; x_wconf 86' lang='lat' dir='ltr'>dispensatione</span> <span class='ocrx_word' id='word_1_661' title='bbox 1815 2693 2026 2720; x_wconf 88' lang='lat' dir='ltr'>nonnullorum</span> <span class='ocrx_word' id='word_1_662' title='bbox 2039 2693 2213 2720; x_wconf 87' lang='lat' dir='ltr'>clericorum</span> <span class='ocrx_word' id='word_1_663' title='bbox 2227 2696 2255 2720; x_wconf 89' lang='lat' dir='ltr'>et</span> <span class='ocrx_word' id='word_1_664' title='bbox 2271 2694 2413 2722; x_wconf 85' lang='lat' dir='ltr'>laicorum</span> 
     </span>
     <span class='ocr_line' id='line_1_86' title="bbox 1404 2741 2414 2777; baseline -0.001 -7"><span class='ocrx_word' id='word_1_665' title='bbox 1404 2742 1612 2777; x_wconf 86' lang='lat' dir='ltr'>Majoricensis</span> <span class='ocrx_word' id='word_1_666' title='bbox 1628 2742 1762 2769; x_wconf 86' lang='lat' dir='ltr'>civitatis</span> <span class='ocrx_word' id='word_1_667' title='bbox 1778 2745 1806 2768; x_wconf 89' lang='lat' dir='ltr'>et</span> <span class='ocrx_word' id='word_1_668' title='bbox 1821 2742 1973 2773; x_wconf 77' lang='lat' dir='ltr'>dioecesis,</span> <span class='ocrx_word' id='word_1_669' title='bbox 1990 2741 2040 2776; x_wconf 93' lang='lat' dir='ltr'>qui</span> <span class='ocrx_word' id='word_1_670' title='bbox 2057 2750 2108 2776; x_wconf 92' lang='lat' dir='ltr'>pro</span> <span class='ocrx_word' id='word_1_671' title='bbox 2123 2742 2255 2769; x_wconf 89' lang='lat' dir='ltr'>violenta</span> <span class='ocrx_word' id='word_1_672' title='bbox 2271 2751 2414 2770; x_wconf 90' lang='lat' dir='ltr'>manuum</span> 
     </span>
     <span class='ocr_line' id='line_1_87' title="bbox 1405 2790 2416 2826; baseline 0.001 -8"><span class='ocrx_word' id='word_1_673' title='bbox 1405 2791 1566 2826; x_wconf 86' lang='lat' dir='ltr'>injectione</span> <span class='ocrx_word' id='word_1_674' title='bbox 1583 2791 1613 2817; x_wconf 88' lang='lat' dir='ltr'>in</span> <span class='ocrx_word' id='word_1_675' title='bbox 1634 2791 1755 2818; x_wconf 88' lang='lat' dir='ltr'>clericos</span> <span class='ocrx_word' id='word_1_676' title='bbox 1776 2793 1805 2818; x_wconf 89' lang='lat' dir='ltr'>et</span> <span class='ocrx_word' id='word_1_677' title='bbox 1824 2791 1899 2817; x_wconf 86' lang='lat' dir='ltr'>alias</span> <span class='ocrx_word' id='word_1_678' title='bbox 1914 2790 2067 2825; x_wconf 83' lang='lat' dir='ltr'>religiosas</span> <span class='ocrx_word' id='word_1_679' title='bbox 2085 2799 2233 2825; x_wconf 84' lang='lat' dir='ltr'>personas,</span> <span class='ocrx_word' id='word_1_680' title='bbox 2250 2800 2284 2818; x_wconf 90' lang='lat' dir='ltr'>ac</span> <span class='ocrx_word' id='word_1_681' title='bbox 2301 2799 2352 2826; x_wconf 91' lang='lat' dir='ltr'>pro</span> <span class='ocrx_word' id='word_1_682' title='bbox 2367 2800 2416 2819; x_wconf 89' lang='lat' dir='ltr'>ra—</span> 
     </span>
     <span class='ocr_line' id='line_1_88' title="bbox 1405 2839 2415 2876; baseline 0 -8"><span class='ocrx_word' id='word_1_683' title='bbox 1405 2840 1496 2876; x_wconf 81' lang='lat' dir='ltr'>pinis,</span> <span class='ocrx_word' id='word_1_684' title='bbox 1512 2840 1661 2867; x_wconf 82' lang='lat' dir='ltr'>incendiis</span> <span class='ocrx_word' id='word_1_685' title='bbox 1677 2842 1705 2866; x_wconf 88' lang='lat' dir='ltr'>et</span> <span class='ocrx_word' id='word_1_686' title='bbox 1726 2839 1900 2873; x_wconf 84' lang='lat' dir='ltr'>sacrilegiis,</span> <span class='ocrx_word' id='word_1_687' title='bbox 1918 2848 1972 2866; x_wconf 90' lang='lat' dir='ltr'>nec</span> <span class='ocrx_word' id='word_1_688' title='bbox 1988 2848 2045 2866; x_wconf 89' lang='lat' dir='ltr'>non</span> <span class='ocrx_word' id='word_1_689' title='bbox 2062 2848 2114 2874; x_wconf 87' lang='lat' dir='ltr'>pro</span> <span class='ocrx_word' id='word_1_690' title='bbox 2133 2848 2166 2866; x_wconf 87' lang='lat' dir='ltr'>eo</span> <span class='ocrx_word' id='word_1_691' title='bbox 2182 2840 2257 2874; x_wconf 88' lang='lat' dir='ltr'>quod</span> <span class='ocrx_word' id='word_1_692' title='bbox 2273 2840 2415 2874; x_wconf 80' lang='lat' dir='ltr'>Albigen—</span> 
     </span>
     <span class='ocr_line' id='line_1_89' title="bbox 1405 2887 2415 2922; baseline 0 -6"><span class='ocrx_word' id='word_1_693' title='bbox 1405 2889 1485 2917; x_wconf 86' lang='lat' dir='ltr'>sibus</span> <span class='ocrx_word' id='word_1_694' title='bbox 1510 2892 1613 2916; x_wconf 89' lang='lat' dir='ltr'>contra</span> <span class='ocrx_word' id='word_1_695' title='bbox 1642 2887 1806 2915; x_wconf 82' lang='lat' dir='ltr'>Ecclesiam</span> <span class='ocrx_word' id='word_1_696' title='bbox 1835 2888 2010 2921; x_wconf 86' lang='lat' dir='ltr'>astiterant,</span> <span class='ocrx_word' id='word_1_697' title='bbox 2041 2888 2104 2914; x_wconf 87' lang='lat' dir='ltr'>sive</span> <span class='ocrx_word' id='word_1_698' title='bbox 2134 2888 2210 2922; x_wconf 90' lang='lat' dir='ltr'>quod</span> <span class='ocrx_word' id='word_1_699' title='bbox 2243 2888 2415 2916; x_wconf 72' lang='lat' dir='ltr'>Sarracenit</span> 
     </span>
     <span class='ocr_line' id='line_1_90' title="bbox 1405 2936 2416 2971; baseline -0.001 -6"><span class='ocrx_word' id='word_1_700' title='bbox 1405 2939 1573 2965; x_wconf 85' lang='lat' dir='ltr'>detulerant</span> <span class='ocrx_word' id='word_1_701' title='bbox 1587 2936 1746 2971; x_wconf 89' lang='lat' dir='ltr'>prohibita,</span> <span class='ocrx_word' id='word_1_702' title='bbox 1759 2936 1961 2971; x_wconf 86' lang='lat' dir='ltr'>suspensionis</span> <span class='ocrx_word' id='word_1_703' title='bbox 1976 2940 2005 2963; x_wconf 89' lang='lat' dir='ltr'>et</span> <span class='ocrx_word' id='word_1_704' title='bbox 2021 2936 2338 2964; x_wconf 85' lang='lat' dir='ltr'>excommunicationis</span> <span class='ocrx_word' id='word_1_705' title='bbox 2351 2946 2416 2965; x_wconf 66' lang='lat' dir='ltr'>sen&gt;</span> 
     </span>
    </p>
   </div>
  </div>
 </body>
</html>
