2553 3526
131 277 187 308 325
934 269 1243 312 QUATORZIEME
1267 270 1425 306 ANNEE.
2164 292 2220 321 :32ss

131 343 228 381 gendi
248 343 313 373 sibi
332 351 507 381 personam
530 351 593 381 que
614 347 703 371 tanto
727 347 886 379 congruat
909 342 1002 371 oneri
1025 350 1061 371 ac
1080 341 1139 370 ho-

131 396 220 431 nori,
258 396 292 425 in
323 395 513 433 episcopum
543 400 574 424 et
603 399 785 432 pastorem,
824 394 1036 433 adjunctione
1073 402 1138 422 non

130 448 281 478 obstante
295 447 453 486 predicta,
465 451 659 485 potestatem
673 447 811 477 liberam
821 447 1020 477 concedatis.
1032 446 1138 476 eidem

130 501 292 530 facientes
313 504 450 535 tantum,
473 509 530 538 pro
552 500 705 538 expensis
728 500 926 530 necessariis
944 500 1012 538 J'am
1028 499 1136 533 factis,

130 554 169 584 de
184 554 280 584 bonis
297 554 504 592 episcopatus
524 553 748 588 Abilonensis,
773 558 932 591 quantum
957 552 1085 581 duobus
1102 560 1138 581 ex

129 607 212 645 ipsis
248 607 439 645 hujusmodi
470 607 639 643 negotium
676 606 952 644 prosequentibus
984 605 1137 639 sufficiat,

131 660 306 698 assignari,
334 660 489 698 ipsosque
511 669 609 698 super
634 659 848 698 proventibus
870 668 927 697 per
947 668 1002 688 vos
1027 658 1074 687 eis
1100 658 1137 687 de

130 712 300 743 voluntate
316 713 395 742 dicti
413 713 567 751 episcopi,
590 722 647 750 pro
664 712 817 750 expensis
833 712 867 740 in
886 711 1076 750 hujusmodi
1092 711 1138 740 fa-

131 765 258 796 ciendis
273 765 414 803 negotio,
435 765 626 802 assignatis,
641 774 706 795 non
724 765 922 803 pei-i‘nittatis
939 774 955 793 a
972 774 1137 803 quoquam

130 818 278 848 indebite
305 818 474 848 molestari
496 836 543 846 —.
574 819 648 847 Dat.
672 818 841 852 Laterani,
870 818 947 847 XVI
978 817 1136 846 kalendas

130 871 326 907 decembris,
345 881 432 901 anno
448 872 707 910 quartodecimo.
729 884 741 897 υ

199 1049 316 1078 5309

164 1113 309 1148 Episcopo
329 1114 493 1141 Humanati
518 1114 621 1141 scribit
640 1124 669 1141 se
686 1117 814 1141 castrum
838 1115 987 1141 Recanatc
1007 1124 1022 1141 a
1047 1114 1136 1147 juris-

127 1162 258 1189 dictione
273 1163 415 1189 ccclesiae
429 1163 610 1190 Humanatis
622 1163 765 1190 exemisse
780 1166 807 1190 et
821 1163 917 1189 sedem
932 1163 1132 1190 Auximanam

126 1211 200 1238 illuc
216 1211 450 1238 transferendam
473 1211 607 1244 duxisse;
632 1212 752 1238 interim
775 1214 873 1238 autem
898 1212 924 1238 ei
949 1212 1082 1245 indulget
1104 1214 1136 1238 ut

125 1269 227 1287 omnes
246 1263 405 1294 proventus
428 1260 609 1295 episcopales
632 1261 661 1287 in
684 1261 784 1287 eodem
808 1263 902 1287 castro
926 1260 1080 1294 percipiat.
1103 1275 1134 1277 —

126 1309 213 1341 (Bm.
230 1308 274 1340 20,
292 1310 312 1335 f.
329 1309 360 1335 31
379 1312 415 1340 r'³;
429 1318 499 1336 ann.
517 1310 600 1342 xlv,
618 1310 723 1341 c.170;
741 1325 775 1328 —
790 1309 1017 1338 Moamu1193.
1034 1312 1052 1336 1.
1069 1308 1135 1340 152ς

126 1372 159 1376 -
175 1358 359 1385 Romaniano
375 1357 442 1389 789;
461 1373 492 1376 —
507 1359 544 1384 cf.
562 1365 657 1389 snpra.
676 1362 704 1384 n¹'
720 1358 812 1389 5210.)

627 1052 748 1083 Latran,
766 1051 799 1077 15
813 1051 971 1078 novembre
985 1050 1063 1077 1240.

168 1471 181 1485 α
201 1481 221 1487 ..
237 1459 370 1497 episcopo
389 1459 598 1496 Humanaffi}
623 1459 840 1489 Attendentes
861 1461 1082 1490 constantiam
1106 1466 1137 1490 et

127 1507 353 1542 sinceritatem
377 1512 563 1541 devotionis
589 1516 620 1542 et
643 1512 719 1542 fidei
739 1522 837 1551 quam
855 1513 966 1543 dilecti
984 1514 1044 1543 tilii
1059 1523 1136 1544 con-

127 1564 241 1595 silium
256 1569 288 1594 et
303 1564 443 1603 populus
459 1565 732 1605 Recanatenjses]
759 1566 792 1594 in
816 1566 974 1596 fidelitate
997 1569 1137 1605 Aposto-

126 1618 191 1648 lice
212 1618 307 1648 Sedis
328 1623 443 1648 contra
459 1618 665 1648 Fridericum
683 1619 807 1648 dictum
827 1619 1057 1658 imperatorem
1079 1621 1137 1650 ob-

127 1679 279 1702 servasse
296 1676 490 1705 noscuntur,
509 1676 540 1701 et
561 1672 763 1702 detestantes
785 1673 1004 1710 proditionem
1025 1675 1137 1712 populi

126 1725 318 1759 Auximani,
337 1725 394 1764 qui
413 1725 499 1754 dicto
519 1725 697 1755 Friderico.
716 1725 812 1755 fidem
831 1731 861 1755 et
877 1726 1064 1757 libertatem
1084 1737 1134 1758 ec-

126 1777 349 1808 clesiasticam
378 1778 609 1816 persequenti,
639 1778 896 1817 dampnabiliter
921 1780 1134 1811 adheserunt.

126 1835 272 1861 castrum
288 1831 455 1860 Recanate
474 1840 492 1860 a
504 1831 738 1869 jurisdictione
756 1832 980 1872 Humanat[is]
998 1834 1136 1864 ecclesie

126 1884 309 1914 exemimus
326 1888 357 1913 et
373 1884 484 1914 sedem
502 1884 724 1914 Auximanam
740 1894 814 1914 cum
830 1886 984 1915 omnibus
1003 1887 1135 1925 juribus

126 1941 158 1967 et
179 1937 393 1976 pertinentiis
414 1937 484 1967 suis
505 1937 544 1966 ad
563 1942 707 1967 castrum
730 1938 838 1976 ipsum
857 1939 1010 1969 duximus
1028 1945 1136 1970 trans-

125 1990 307 2025 ferendam,
334 1990 381 2020 ita
408 1995 517 2019 tamen
544 1995 590 2025 ut,
620 1991 653 2019 in
680 1993 986 2029 recompensatione
1009 1994 1135 2032 jurium

126 2051 190 2082 que
214 2043 387 2073 Humanas
415 2043 557 2073 ecclesia
581 2043 616 2072 in
645 2044 731 2074 dicto
754 2049 862 2074 castro
884 2046 1040 2076 obtinuit.
1072 2047 1136 2076 sibi

126 2095 273 2135 aliquam
293 2101 420 2134 partem
442 2096 629 2126 Auximane
647 2097 801 2132 diocesis,
821 2107 894 2127 cum
917 2099 1068 2137 expedire
1087 2100 1136 2129 vi-

126 2149 285 2184 derimus,
312 2149 484 2187 assignare
507 2149 686 2188 possimus.
715 2151 852 2180 Interim
876 2156 995 2188 autem,
1024 2152 1083 2182 tibi
1107 2158 1137 2183 et

127 2202 266 2233 ecclesie
292 2206 346 2233 tue
369 2207 530 2242 quantum
554 2212 627 2233 cum
650 2204 717 2233 Deo
743 2213 937 2242 possumus,
963 2206 1137 2244 providere

126 2255 286 2292 volentes,
311 2256 514 2287 fraternitati
537 2261 591 2286 tue
615 2257 701 2295 quod
721 2266 835 2288 omnes
854 2264 1032 2296 proventus
1049 2260 1137 2298 epis-

127 2309 257 2348 copales
270 2309 304 2338 in
321 2309 407 2340 dicto
424 2314 531 2340 castro
547 2319 653 2348 usque
670 2310 710 2340 ad
725 2310 968 2349 beneplacitum
987 2317 1136 2343 nostrum

127 2362 297 2401 percipere
318 2362 440 2396 valeas,
465 2363 661 2393 auctoritate
682 2364 886 2401 presentium
911 2365 1132 2403 indulgemus.

127 2417 201 2446 Dat.
220 2416 386 2451 Laterani,
405 2417 500 2446 XVII
515 2416 674 2446 kalendas
689 2417 884 2453 decembris,
903 2428 989 2448 anno
1006 2424 1135 2458 quarto-

127 2469 267 2499 decimo.
287 2481 301 2495 »

197 2647 319 2675 5310

163 2710 394 2745 Archiepiscopo
408 2711 584 2742 Viennensi,
603 2720 656 2738 nec
676 2720 733 2738 non
755 2712 918 2740 Biterrensi
933 2717 961 2741 et
981 2714 1135 2742 Carcasso-

128 2758 213 2786 nensi
236 2759 381 2794 episcopis
406 2760 522 2794 repetit.
549 2760 648 2787 verbis
674 2761 775 2795 paucis
800 2762 933 2793 mutatis,
960 2764 1133 2790 mandatum

127 2807 189 2840 jam
200 2810 288 2834 antea
299 2808 336 2834 ad
351 2808 429 2842 ipsos
440 2808 598 2841 directum,
616 2817 705 2843 supra
718 2809 772 2836 sub
788 2818 909 2837 numero
925 2811 993 2838 5282
1007 2812 1132 2841 editum,

127 2855 164 2882 de
184 2855 364 2883 moderanda
386 2856 538 2883 taxatione
555 2856 592 2883 ab
610 2857 682 2891 ipsis
702 2858 870 2884 Auxitanae
886 2860 1067 2893 provinciae,
1084 2869 1135 2894 pro

128 2903 279 2930 solvendis
306 2904 425 2931 comitis
452 2904 565 2932 Montis
596 2906 692 2932 Fortis
722 2906 841 2939 debitis,
864 2907 1012 2941 imposita,
1036 2909 1136 2943 eisque

129 2951 274 2986 praecipit
296 2954 441 2986 quatenus
464 2953 540 2980 idem
568 2954 754 2986 mandatum,
778 2955 853 2988 quod
876 2956 1018 2983 hactenus
1037 2957 1135 2983 adim-

623 2649 743 2681 Latran,
760 2650 794 2676 16
811 2651 969 2678 novembre
985 2651 1063 2678 1240.

1222 343 1300 375 plere
1318 352 1373 369 nnn
1395 349 1581 377 curaverant,
1600 347 1675 373 intra
1693 352 1829 381 quattuor
1847 360 1959 377 menses
1981 356 2097 387 vxszwpii
2122 364 2220 388 pruru-

1221 394 1295 417 rent.
1312 406 1341 408 —
1353 393 1438 423 (um.
1457 393 1500 423 20,
1519 396 1537 420 t'.
1553 395 1583 420 31
1600 398 1640 424 r·‘';
1657 397 1980 430 ε11111.Χ1Υ,ι-.1ῖ1;ἶ
1998 401 2126 429 Momzsxc
2141 405 2219 433 1193,

1222 439 1240 464 1'.
1256 439 1319 470 156;
1338 455 1369 457 —
1386 443 1422 467 cs.
1440 450 1535 473 supra.
1554 451 1582 469 11.
1599 443 1667 470 3926
1683 448 1711 470 et
1726 445 1817 476 5282.)

1262 552 1274 565 «
1297 563 1316 568 ..
1335 543 1556 580 archiepisc-0110
1579 545 1747 579 Viennensi,
1771 552 1795 574 e!
1815 570 1833 574 ..
1852 548 2015 577 Biterrensi
2031 555 2056 578 et
2075 573 2093 578 ..
2112 552 2223 580 Carra-

1219 595 1339 622 sonent-i
1357 596 1512 632 episcopis.
1531 596 1617 625 Olim
1632 597 1723 627 vobis
1739 598 1889 628 dedimus
1914 602 2034 630 nostris
2050 602 2169 633 litteris
2188 605 2221 633 in

1221 646 1396 676 mandatis.
1414 652 1449 676 ut
1469 653 1540 677 octo
1562 649 1653 678 milia
1670 649 1828 680 librarum
1846 653 2088 684 Turonensium
2112 657 2222 686 minus

1220 703 1363 733 centum,
1388 709 1469 738 quas
1494 701 1614 730 nobilis
1638 702 1723 731 vir..
1743 713 1850 733 comes
1878 706 1997 735 Montis
2024 708 2140 743 Fortis,
2166 711 2222 748 qui

1220 760 1276 788 pro
1300 753 1431 789 negotio
1457 755 1545 791 pacis
1567 759 1595 783 et
1622 755 1697 785 fidei
1726 758 1888 795 quondam
1912 759 2110 797 inpartibus
2132 763 2223 792 Albi-

1220 805 1370 841 gensium
1402 806 1528 835 «liutius
1564 807 1743 838 laboravit.

1220 859 1342 886 nostris
1367 882 1387 887 ..

1784 812 2029 842 vina-rabilibus
2064 815 2222 845 fratrssius

1409 859 1656 898 archiepiscopo
1678 862 1917 900 Burdegaleusi
1941 871 1971 894 et
1990 891 2008 895 ..
2032 869 2222 904 Agonnensi

1219 911 1382 949 episcopo.
1402 912 1588 942 Raimundo
1607 914 1645 943 dc
1666 915 1806 945 Caturco
1829 916 1912 946 laico
1933 927 1968 947 ac
1994 921 2222 951 execuioi·ilms

1220 965 1408 993 testamenti
1426 965 1764 1003 quondamJohannis
1781 969 1926 998 Bistan.¹
1943 976 1970 1000 ct
1985 972 2079 1001 Petro
2093 973 2130 1002 de
2146 974 2222 1003 Bar-

1219 1014 1354 1049 neolis²,
1376 1018 1582 1048 infracertos
1600 1020 1757 1050 terminos
1778 1022 1903 1051 solvi-re
1924 1024 2104 1061 tenebatur,
2120 1027 2223 1056 Vien-

1220 1071 1344 1100 nensis.
1364 1071 1579 1107 Arelatensis,
1603 1073 1844 1106 Narbonensis,
1866 1077 2029 1105 Auxitane
2052 1083 2078 1107 et
2098 1079 2223 1109 Burde-

1219 1124 1365 1161 galensis
1403 1125 1666 1162 provinciarum,
1697 1131 1726 1156 et
1757 1127 1959 1163 Albifaensis.
1998 1130 2221 1161 Caturcensis.

1219 1178 1427 1207 Mimatensis
1452 1182 1483 1207 et
1505 1178 1732 1209 Ruthencnsis
1752 1180 1945 1220 dioc[esun1]
1962 1183 2122 1213 ecclesiis.
2144 1194 2223 1222 pen-

1218 1231 1299 1259 satis
1312 1230 1526 1260 facultatibus
1541 1232 1743 1261 earumdem.
1757 1234 2223 1275 proportionaliterimponere

1217 1283 1393 1315 deberetis,
1411 1283 1508 1313 dictis
1529 1284 1748 1315 creditoribus
1770 1287 1996 1323 persolvenda.
2020 1298 2131 1319 earum
2152 1300 2224 1328 pre-

1217 1336 1300 1366 latos
1317 1336 1357 1365 ad
1376 1336 1419 1367 id,
1444 1337 1626 1367 monitione
1649 1338 1821 1375 premissa,
1847 1349 1903 1377 per
1924 1350 2097 1371 censuram
2120 1343 2224 1373 eccle-

1218 1390 1398 1419 siasticam.
1418 1389 1638 1427 appellatione
1661 1392 1851 1429 postposita,
1876 1394 2110 1431 compellendo.
2130 1396 2223 1426 Post-

1218 1443 1350 1472 modum
1370 1452 1456 1478 vero,
1478 1443 1724 1473 venerabilibus
1748 1445 1906 1475 fratribus
1933 1448 2054 1477 nostris
2074 1472 2091 1477 ..
2114 1449 2222 1479 archi-

1218 1497 1370 1535 episcopo
1394 1497 1571 1531 Auxitano,
1593 1506 1651 1526 nec
1669 1506 1732 1526 non
1751 1498 1914 1537 episcopis
1933 1505 1961 1529 et
1981 1500 2055 1529 aliis
2074 1502 2221 1539 prelatis.

1218 1550 1372 1588 capitulis
1396 1554 1424 1580 et
1447 1550 1665 1579 conventibus
1682 1551 1846 1581 Auxitane
1866 1554 2033 1590 provincie
2051 1564 2107 1592 pro
2124 1565 2160 1585 eo
2184 1557 2224 1585 ad

1219 1608 1365 1633 nostram
1382 1603 1587 1633 audientiam
1603 1603 1857 1641 appellantibus.
1879 1606 1964 1644 quod
1982 1616 2046 1636 vos.
2070 1608 2154 1638 sicut
2171 1618 2223 1639 as-

1217 1657 1388 1690 serebant,
1424 1656 1583 1686 tenuitate
1611 1662 1829 1694 proventuum
1867 1659 2080 1689 ecclesiarum
2117 1661 2223 1699 ipsius

1218 1710 1386 1748 provincie
1413 1718 1477 1739 non
1504 1714 1655 1747 pensata,
1684 1710 1752 1739 illis
1782 1713 1978 1750 contemptis
2004 1722 2063 1743 nec
2087 1715 2221 1750 vocatis,

1218 1763 1308 1792 mille
1321 1772 1356 1792 ac
1369 1763 1569 1801 quingentas
1585 1763 1688 1792 libras
1704 1764 1946 1794 Turonensium
1964 1767 2073 1796 minus
2089 1768 2223 1805 provide

1218 1816 1452 1854 imposueratis
1471 1816 1577 1845 eidem
1595 1817 1775 1853 provincie,
1794 1819 1984 1847 memoratis
2003 1820 2222 1850 creditoribus

1218 1870 1351 1899 nomine
1379 1870 1485 1908 ipsius
1510 1870 1641 1899 comitis
1663 1870 1897 1908 persolvendas
1916 1882 1922 1900 :
1944 1882 2002 1902 nos
2025 1874 2221 1904 taxationem

1218 1927 1362 1953 vestram
1387 1923 1494 1952 eidem
1519 1923 1688 1960 provincie
1718 1923 1906 1961 impositam
1931 1925 2083 1955 duximus
2111 1928 2223 1957 mode-

1218 1976 1366 2010 randam,
1385 1980 1568 2005 statuentes
1586 1980 1631 2005 ut.
1651 1977 1832 2005 venerabili
1850 1978 1951 2007 fratre
1970 1984 2080 2008 nostro
2098 2003 2116 2008 ..
2137 1980 2223 2018 epis-

1219 2038 1297 2067 copo
1314 2029 1516 2063 Lectorensi,
1540 2029 1608 2067 qui.
1633 2038 1690 2066 pro
1714 2030 1784 2059 suis
1804 2035 1834 2059 et
1853 2031 1990 2061 ecclesie
2009 2041 2066 2061 sue
2086 2034 2225 2070 negotiis

1219 2082 1275 2111 diu
1295 2082 1381 2119 apud
1398 2081 1514 2111 Sedem
1529 2081 1751 2119 Apostolicam
1764 2083 1975 2114 constitutus.
1995 2085 2106 2121 gravia
2123 2086 2226 2115 subiit

1219 2144 1320 2165 onera
1342 2143 1570 2172 expensarum,
1599 2143 1665 2164 una
1688 2144 1761 2164 cum
1786 2144 1844 2165 sua
1871 2136 1994 2166 diocesi
2017 2147 2034 2166 a
2055 2139 2226 2168 contribu-

1221 2188 1308 2218 tione
1325 2187 1515 2227 hujusmodi
1542 2187 1703 2217 absoluto.
1729 2197 1765 2218 ex
1786 2189 1833 2218 eis
1853 2194 1984 2219 centum
2004 2195 2031 2220 et
2059 2191 2225 2230 quinqua-

1220 2242 1310 2279 ginta
1328 2240 1534 2271 venerabiles
1554 2241 1673 2270 fratres
1690 2241 1794 2270 nostri
1816 2264 1834 2270 ..
1854 2242 2122 2281 archiepiscopus
2139 2245 2224 2274 Nar-

1219 2294 1388 2329 bonensis,
1411 2294 1447 2324 C.
1472 2298 1504 2323 et
1527 2295 1561 2323 L.
1588 2317 1607 2322 ..
1625 2294 1818 2329 Tolosanus,
1839 2295 1874 2324 C.
1902 2318 1920 2324 ..
1946 2297 2165 2333 Agcnnensis.
2186 2298 2221 2328 C.

1220 2358 1295 2378 vero
1312 2348 1414 2377 libras
1434 2370 1453 2375 ..
1474 2347 1679 2377 pictavensis
1702 2348 1857 2386 episcopi.
1882 2349 1982 2386 priori
2003 2350 2052 2379 eis
2070 2350 2223 2388 imposita

1220 2402 1384 2431 taxatione
1406 2406 1546 2435 servata,
1566 2402 1702 2439 prefatis
1719 2402 1948 2431 creditoribus.
1969 2403 2100 2432 nomine
2117 2403 2223 2440 ipsius

1219 2455 1360 2490 comitis,
1387 2455 1458 2483 sIne
1479 2453 1627 2492 qualibet
1648 2454 1839 2484 difficultate
1862 2455 2045 2492 persolvere
2068 2465 2223 2493 procura-

1219 2513 1309 2543 rent;
1337 2512 1468 2546 propter
1494 2507 1578 2545 quod
1612 2507 1704 2536 vobis
1736 2508 1965 2537 mandavimus
1993 2513 2027 2537 ut
2058 2510 2221 2546 prefatum

1219 2561 1505 2599 archiepiscopum
1535 2560 1735 2589 Auxitanum
1763 2565 1793 2589 et
1825 2561 1896 2599 ejus
1923 2561 2126 2598 provinciam
2157 2566 2222 2591 ter-

1219 2615 1320 2644 minis
1340 2614 1530 2644 constitutis
1552 2623 1569 2642 a
1591 2613 1684 2642 vobis
1704 2614 1747 2642 M.
1774 2613 1876 2643 libras
1897 2613 2023 2643 solvere
2048 2615 2220 2651 cogeretis,

1218 2668 1379 2697 facientes
1396 2666 1566 2696 residuum
1584 2666 1668 2695 dicte
1684 2666 1823 2704 pecunie
1844 2667 2033 2696 memoratis
2050 2667 2220 2697 creditori-

1217 2721 1279 2751 bus
1304 2721 1397 2759 juxta
1425 2719 1644 2749 ordinationis
1671 2723 1778 2748 vestre
1808 2723 1952 2749 tenorem
1979 2720 2050 2749 sine
2076 2719 2222 2758 qualibet

1251 2828 1271 2850 1.
1289 2827 1362 2850 Dans
1378 2826 1403 2849 la
1420 2825 1496 2856 pieee
1512 2825 1572 2849 39ῗῦ
1589 2832 1594 2848 :
1619 2835 1629 2846 u
1647 2825 1785 2855 quondam
1800 2825 1934 2848 Johannis
1952 2825 2055 2848 Bistani
2070 2832 2098 2852 ²>;
2114 2826 2181 2849 dans
2197 2826 2221 2848 la

1219 2872 1294 2902 piece
1311 2870 1369 2894 5282
1387 2877 1392 2893 :
1411 2879 1421 2892 (ι
1439 2870 1572 2900 quondam
1588 2869 1722 2893 Johannis
1737 2868 1832 2892 Biston
1848 2878 1871 2892 n.

1248 2915 1273 2938 2.
1287 2915 1359 2938 Dans
1371 2915 1395 2937 la
1408 2913 1483 2944 picce
1495 2913 1572 2938 3926:
1589 2921 1599 2935 «
1614 2913 1694 2937 Petro
1707 2913 1740 2936 de
1754 2913 1878 2936 Barneol.
1892 2921 1903 2935 »
1916 2921 1921 2943 ς
1933 2914 2000 2937 dans
2014 2915 2039 2937 la
2053 2914 2128 2944 piece
2142 2914 2220 2938 5252:

1218 2969 1230 2982 «ι
1249 2960 1330 2983 Petro
1346 2959 1379 2982 de
1397 2958 1524 2982 Borneol.
1542 2966 1563 2981 υ.
