2553 3526
152 277 189 308 33
999 264 1234 303 TREIZIEME
1258 263 1416 299 ANNEE.
2213 271 2250 300 34

152 344 240 382 regis
256 344 410 378 illustris,
426 343 579 373 traditam
598 352 616 372 a
630 342 770 372 Domino
782 341 969 371 seculorum
989 346 1159 375 recognos-

152 406 226 435 cere
243 397 405 430 videatur,
433 396 528 426 debet
554 396 659 434 ipsam
682 395 717 424 in
735 395 806 433 ejus
833 392 1049 431 beneplacitis
1069 400 1160 421 exer-

153 459 236 485 cere,
263 449 431 487 diligendo
445 449 622 488 justitiam,
650 457 712 486 que
729 447 906 484 diligentes
924 455 957 475 se
974 445 1111 482 diligw.
1131 448 1162 473 et

153 503 320 537 sectando,
339 512 403 541 que
420 502 505 532 valet
517 502 557 531 ad
574 501 696 535 onmia,
712 501 880 538 pietatem.
895 499 944 528 Ad
960 498 1046 536 quod
1063 497 1161 527 etiam

153 555 327 586 recolende
340 555 498 585 memorie
511 554 760 592 progenitorum
774 561 908 581 suorum
926 550 1072 588 exempla
1089 559 1163 579 eum

155 608 275 638 debent
293 608 414 637 fortius
434 607 593 637 animare.
619 606 753 645 quibus,
777 604 966 643 hujusmodi
984 602 1163 632 virtutibus

155 661 340 698 insignitis,
354 660 468 689 divina
484 659 715 688 munificentia
728 658 892 695 condigna
906 656 1031 695 premia
1043 664 1164 686 recom-

156 723 312 753 pensans,
332 723 397 743 non
421 713 528 744 solum
545 712 669 743 terreni
686 712 779 749 regni
797 711 917 741 solium
938 709 1166 740 confirmavit2

157 767 293 801 eisdem,
319 767 376 797 sed
399 767 508 802 etiam,
529 771 601 804 post
620 765 810 803 temporalis
834 764 898 793 vite
922 763 1162 801 compendium,

156 820 247 859 ipsos
264 820 303 849 ad
320 824 432 850 eterne
456 818 630 849 felicitatis
651 818 771 855 gaudia
792 817 938 846 creditur
961 816 1165 854 perduxisse.

158 873 320 903 Miramur
332 877 442 902 autem
455 872 552 911 quod,
575 872 646 906 hee,
667 871 753 901 sicut
770 870 969 908 accepimus,
986 878 1050 898 non
1065 873 1169 898 atten-

155 926 250 961 dens,
269 930 384 955 contra
397 925 637 955 monasterium
652 924 764 955 Sancti
777 923 912 953 Vedasti
926 921 1167 955 Atrebatensis,

159 979 246 1018 quod
274 979 314 1009 ad
337 979 521 1009 Romanam
542 977 736 1008 Ecclesiam,
763 981 799 1006 ut
820 976 952 1010 dicitur,
981 975 1071 1004 nullo
1095 984 1168 1012 per-

157 1031 243 1062 tinet
259 1031 438 1066 mediante,
456 1031 609 1066 aliorum,
631 1034 666 1059 ut
683 1030 861 1063 credimus,
881 1028 1021 1058 consilio
1038 1028 1167 1061 ductus,

160 1084 306 1115 extendit
322 1084 438 1114 illicite
451 1093 586 1114 manum
604 1092 709 1113 suam.
724 1083 806 1113 Cum
822 1082 909 1112 enim
923 1082 1028 1111 eidem
1041 1090 1169 1110 monas·

158 1137 243 1168 terio
257 1137 297 1167 ab
309 1137 465 1167 omnibus
482 1137 539 1176 qui
554 1145 680 1167 merces
693 1141 806 1165 emunt
821 1135 870 1165 vel
884 1135 1030 1164 vendunt
1042 1135 1076 1163 in
1092 1134 1171 1163 civi-

159 1194 225 1220 tate
259 1190 487 1225 Atrebatensi,
528 1190 672 1228 exceptis
710 1189 909 1227 quibusdam
950 1188 1170 1226 privilegiatis

159 1243 321 1282 personis,
341 1243 531 1273 theloneum
549 1243 719 1277 debeatur,
738 1242 823 1280 quod
842 1246 890 1271 est
911 1241 1121 1279 potissimum
1140 1245 1168 1270 et

159 1296 365 1326 fructuosius
388 1297 476 1326 inter
501 1295 584 1325 alios
608 1295 714 1333 ipsius
741 1294 935 1324 monasterii
965 1294 1113 1323 redditus
1142 1298 1172 1323 et

161 1354 352 1388 proventus,
379 1349 466 1379 idem
496 1349 626 1379 dilectis
652 1348 730 1377 tiliis
759 1371 778 1376 ..
801 1347 912 1377 abbati
938 1352 969 1377 et
994 1347 1172 1377 conventui

161 1402 241 1432 dieti
257 1402 453 1432 monasterii
470 1402 662 1440 quominus,
682 1401 864 1431 secundum
883 1401 1054 1438 antiquam
1069 1404 1100 1430 et
1116 1409 1172 1438 ap-

161 1455 333 1493 probatam
362 1454 648 1485 consuetudinem.
681 1454 841 1483 adversus
870 1453 1023 1482 homines
1054 1453 1171 1491 ipsius,

162 1507 355 1547 hujusmodi
371 1507 518 1538 thelonei
536 1507 712 1543 debitores,
732 1507 787 1546 jus
804 1515 900 1536 suum
922 1506 955 1535 in
977 1507 1048 1535 soro
1069 1505 1174 1535 eccle-

163 1561 299 1591 siastico
310 1565 565 1600 prosequantur,
582 1560 729 1590 indebite
744 1569 778 1589 se
793 1560 938 1598 opponit,
957 1559 1057 1589 minis
1074 1559 1175 1589 inter-

164 1613 282 1653 positis
304 1613 509 1652 prohibendo
534 1622 573 1643 ne
596 1613 676 1643 alibi
700 1622 799 1652 qnam
821 1613 856 1642 in
874 1613 966 1642 curia
986 1622 1045 1642 sua
1062 1617 1176 1642 contra

163 1667 240 1698 illos
260 1667 403 1697 audeant
423 1667 578 1705 experiri.
602 1667 698 1697 Unde
718 1666 881 1703 contingit
899 1666 985 1705 quod
1002 1666 1102 1695 etiam
1125 1665 1177 1694 illi

165 1720 223 1760 qui
235 1720 427 1750 theloneum
444 1721 553 1759 ipsum
570 1721 663 1759 prius
687 1720 760 1750 sine
780 1719 974 1749 difficultate
991 1719 1174 1754 solvebant,

165 1773 244 1803 facti
271 1777 349 1803 sunt
373 1773 408 1802 in
435 1773 506 1812 ejus
530 1773 695 1803 solutione
723 1772 876 1802 difficiles
902 1777 932 1802 et
960 1772 1112 1807 rebelles,
1147 1776 1178 1801 et

165 1826 283 1858 exinde
302 1826 573 1865 dampnificatuni
595 1830 645 1856 est
660 1826 805 1863 graviter
829 1826 1067 1855 monasterium
1085 1830 1178 1855 ante-

166 1879 303 1909 dictum.
323 1879 420 1909 Dirui
437 1888 567 1918 quoque
590 1879 668 1909 fecit
685 1879 844 1917 quosdam
866 1888 977 1908 muros
995 1882 1085 1916 porte
1110 1888 1178 1907 mo-

164 1935 304 1965 nasterii
322 1934 461 1973 predicti
478 1934 662 1972 contiguos,
684 1938 714 1964 et
730 1934 902 1973 cujusdam
917 1934 1034 1963 domus
1051 1942 1176 1963 eorum.

165 1993 198 2018 et
213 1997 271 2026 per
293 2011 312 2016 ..
332 1988 480 2017 balivum
504 1997 602 2018 suum
619 1987 872 2017 Atrebatensem
893 1987 1047 2025 occupari
1070 1992 1179 2016 curtes

166 2045 198 2071 et
222 2041 389 2079 quendam
418 2040 527 2070 locum
557 2040 715 2078 ipsorum.
747 2040 803 2078 qui
832 2040 1013 2077 vulgariter
1044 2040 1179 2077 Riparia

165 2098 386 2132 nuncupatur,
422 2098 453 2123 et
485 2102 540 2123 eos
573 2093 710 2131 spoliari
745 2093 917 2131 temporali
944 2093 1180 2131 jurisdictione

166 2151 254 2177 terre
276 2147 383 2185 ipsius
407 2146 603 2176 monasterii
630 2155 693 2185 que
716 2146 805 2176 infra
827 2146 1063 2183 bannileugam
1084 2148 1182 2177 Atre-

166 2199 365 2240 batenjsem]
384 2200 557 2235 consistit3
583 2209 619 2229 ac
638 2200 787 2229 feudales
810 2200 874 2229 sibi
892 2200 1066 2230 constituit
1082 2209 1182 2238 quas-

169 2252 244 2283 dam
270 2252 501 2291 possessiones
528 2253 634 2291 ipsius
662 2253 857 2282 monasterii
881 2253 1075 2287 censuales;
1099 2253 1182 2282 alias

170 2305 219 2336 eis
236 2305 380 2343 dampna
394 2305 508 2343 gravia
528 2309 559 2335 et
575 2305 717 2344 injurias
734 2305 920 2338 inserendo,
939 2314 1002 2344 que
1019 2305 1182 2335 tediosum

170 2362 258 2389 esset
277 2368 335 2397 per
355 2358 489 2397 singula
510 2359 691 2389 recenseri.
716 2359 798 2390 Cum
823 2359 925 2395 igitur
948 2369 1022 2389 eum
1046 2359 1183 2389 sinceri-

171 2412 249 2442 tatis
274 2411 423 2442 brachiis
447 2412 674 2450 amplexemur
690 2417 721 2441 et
744 2413 909 2450 prosecuti
928 2413 1092 2442 fuerimus
1109 2421 1183 2450 pre-

170 2465 321 2503 rogativa
343 2465 448 2503 gratie
474 2465 641 2503 specialis.
665 2470 695 2495 et
723 2470 786 2495 tam
811 2465 910 2495 saluti
932 2475 990 2495 sue
1011 2475 1109 2504 quam
1131 2466 1183 2494 in-

171 2518 369 2556 dempnitati
400 2518 549 2557 ejusdem
581 2518 776 2548 monasterii
806 2519 978 2556 providere
1005 2528 1043 2549 ex
1074 2519 1183 2549 debito

169 2570 349 2610 pastoralis
372 2570 473 2600 officii
499 2574 681 2606 teneamur,
705 2571 876 2609 cupientes
899 2576 934 2601 ut
958 2572 1147 2601 retrahatur
1166 2581 1184 2601 a

129 2662 133 2666 .
172 2623 281 2653 noxiis
296 2627 328 2653 et
344 2623 384 2653 ad
401 2622 562 2653 salutaria
578 2623 752 2661 dirigatur.
767 2629 797 2654 et
810 2624 1048 2654 monasterium
1062 2625 1181 2663 ipsum,

172 2675 226 2706 cui
252 2679 344 2706 tanto
369 2676 476 2714 magis
500 2676 534 2705 in
555 2676 629 2715 jure
654 2686 713 2706 suo
737 2681 888 2706 tenemur
909 2677 1035 2712 adesse,
1061 2681 1185 2716 quanto

172 2728 363 2767 specialius,
396 2733 432 2759 ut
462 2729 595 2765 dicitur,
632 2729 673 2758 ad
703 2734 848 2759 nostram
879 2730 1064 2759 dinoscitur
1092 2739 1185 2768 spec-

173 2786 243 2812 tare
278 2781 427 2818 tutelam,
457 2787 608 2812 servetur
637 2781 796 2812 illesum:
826 2782 1060 2820 n0[bilitatem]
1091 2791 1186 2812 suam

207 2908 229 2932 1.
246 2907 288 2932 cf.
305 2907 394 2933 PROV.
408 2908 483 2938 VIII,
503 2909 545 2937 173
564 2908 648 2932 ΜΑΤΤ.
661 2909 694 2937 V,
712 2909 757 2936 46:
776 2909 903 2939 Luc.V1,
919 2909 957 2933 32.

206 2952 230 2976 2.
245 2951 288 2977 Cf.
304 2952 315 2976 1
331 2952 418 2976 Pam.
434 2958 506 2982 xxn,
522 2952 560 2977 10.

299 3001 486 3033 GREGOIRE
505 3009 555 3039 lx,
574 3012 592 3034 t.
613 3009 661 3034 111.

1245 335 1434 374 ro[gamus],
1456 335 1652 374 mo[nemus]
1668 340 1697 365 et
1713 335 1883 364 hortamur
1898 340 2031 370 attentem
2050 337 2170 365 nostris
2186 337 2250 365 sibi

1245 388 1361 417 dantes
1378 388 1499 418 litteris
1518 389 1549 417 in
1578 389 1742 417 mandatis
1766 393 1811 422 ut,
1837 389 1864 416 si
1891 393 1939 417 est
1962 389 2019 423 ita,
2044 389 2251 418 ‹forisiderato

1246 442 1425 479 prudenter
1453 442 1538 480 quod
1569 442 1730 471 Dominus
1761 441 1941 470 honoratur
1967 446 1995 471 et
2022 442 2189 479 spernitur
2218 443 2250 471 iu

1247 494 1422 525 ministris.
1455 495 1618 532 predictos
1648 495 1800 524 abbatem
1837 499 1867 523 et
1903 499 2100 523 conventum
2139 499 2253 523 contra

1248 547 1414 585 quoslibet
1436 548 1650 586 injuriawres
1673 557 1749 577 suos
1776 556 1874 585 super
1895 547 1965 585 ipso
1982 547 2134 577 theloneo
2151 547 2253 577 libere

1249 601 1417 638 permittat.
1434 601 1466 629 in
1491 602 1559 630 soro
1581 600 1806 630 ecclesiastico
1829 600 1982 638 experiri.
2006 609 2053 633 ac,
2076 600 2115 629 ab
2141 609 2253 630 eorum

1250 653 1402 683 molestia.
1418 654 1669 692 ‹.·on«1uiesc‹;·ns,
1691 653 1800 682 taliter
1817 653 1864 683 eis
1884 653 2068 682 satisfaciat
2085 653 2122 682 [le
2142 653 2254 691 damp-

1251 706 1303 735 nis
1323 711 1353 735 et
1369 707 1503 745 injuriis
1523 707 1687 742 irrogatis,
1708 706 1794 744 quod
1815 715 1879 735 non
1898 710 1962 735 tam
1980 706 2113 735 divitias
2131 710 2255 743 tempo-

1251 758 1337 789 rales
1363 768 1461 797 quam
1484 759 1649 798 justitiam
1673 759 1810 796 diligere
1834 758 2074 796 comprobetur,
2098 758 2254 796 quoniam

1252 812 1315 841 ista
1331 811 1487 841 liberabit
1504 822 1521 841 a
1548 816 1663 845 morte,
1684 811 1740 840 ille
1765 820 1840 840 vero
1864 811 1898 840 in
1918 811 1969 840 die
1992 820 2055 840 non
2077 811 2256 848 proderunt

1252 865 1400 894 ultionis.
1415 865 1579 899 Ceterum,
1597 869 1900 903 quantumcumque
1913 864 2021 902 ipsum
2039 864 2169 893 sincera.
2185 864 2256 893 dili-

1253 927 1369 955 gamus
1396 918 1428 946 in
1449 918 1589 947 Domino
1609 918 1744 947 caritate
1762 921 1792 946 et
1813 926 1871 946 suo
1888 917 2016 946 deferre
2035 917 2174 946 velimus
2198 917 2257 946 bo-

1255 971 1338 1005 nori,
1357 972 1435 1009 quia
1458 976 1566 1001 tamen
1594 971 1693 1000 saluti
1717 980 1775 1000 sue
1799 979 1863 999 non
1888 970 2017 1008 expedit
2035 974 2069 999 ut
2092 970 2122 999 ci
2145 975 2258 999 contra,

1254 1024 1433 1053 Dominum
1459 1024 1638 1058 deseratur,
1663 1023 1859 1052 mandamus
1890 1027 2065 1060 quatenus,
2095 1023 2122 1051 si
2152 1022 2259 1051 dictus

1254 1085 1363 1106 comes
1386 1076 1577 1106 mandatum
1602 1080 1750 1105 nostrum
1777 1075 1959 1112 neglexerit
1980 1074 2170 1112 adimplere.
2190 1084 2256 1110 vos,

1254 1129 1416 1167 inquisita
1438 1128 1615 1165 diligenter
1634 1137 1732 1166 super
1758 1127 1930 1166 premissis
1955 1127 1993 1156 de
2017 1127 2114 1165 plano
2142 1131 2172 1156 et
2189 1127 2261 1157 sine

1255 1182 1395 1220 strepitu
1418 1182 1536 1220 judicii
1565 1182 1712 1215 veritate,
1744 1190 1807 1219 que
1840 1180 2047 1216 inveneritis,
2081 1180 2175 1209 nobis
2205 1190 2262 1218 per

1256 1240 1382 1264 vestras
1412 1235 1540 1264 litteras
1568 1234 1709 1264 fideliter
1734 1233 1906 1269 intimetis,
1934 1237 1980 1265 ut,
2007 1242 2064 1271 per
2088 1242 2143 1262 vos
2168 1233 2262 1270 plene

1256 1288 1423 1322 instructi,
1443 1297 1541 1326 super
1557 1288 1623 1317 hiis
1641 1288 1855 1325 disponamus
1873 1287 1958 1316 sicut
1975 1286 2156 1315 viderimus
2171 1295 2263 1324 cxpe-

1256 1342 1338 1371 dire.
1358 1342 1496 1371 Interim
1514 1350 1590 1371 vero
1603 1350 1666 1371 non
1679 1340 1879 1379 permittatis
1895 1344 2008 1369 contra
2025 1339 2263 1369 monasterium

1256 1395 1366 1433 ipsum
1397 1394 1523 1432 aliquid
1555 1398 1677 1424 temere
1707 1393 1872 1422 innovari.
1903 1392 2169 1423 Contradietores
2201 1396 2262 1421 etc.

1258 1449 1396 1479 Proviso
1414 1457 1453 1478 ne
1470 1448 1503 1477 in
1524 1452 1644 1477 terram
1669 1447 1774 1485 ipsius
1797 1446 1927 1476 comitis
1951 1450 2012 1475 etc.
2035 1445 2127 1482 Quod
2152 1445 2180 1474 si
2199 1453 2264 1474 non

1258 1510 1373 1531 omnes
1391 1505 1451 1531 etc.
1470 1502 1544 1530 Dat.
1569 1500 1736 1536 Laterani,
1758 1500 1803 1529 VI
1829 1498 1904 1528 idus
1927 1498 2017 1534 maii,
2046 1506 2131 1527 anno
2154 1497 2267 1527 tertio-

1259 1554 1398 1585 decimo.
1420 1566 1433 1580 »

1331 1754 1443 1781 4841
1876 1752 1997 1783 Latran,
2012 1751 2027 1777 4
2044 1750 2102 1777 mai
2117 1750 2195 1776 1239.

1296 1816 1406 1844 Abbati
1436 1816 1607 1842 [nonasterii
1640 1815 1812 1842 Rosaeensis
1839 1816 1884 1846 (z
1910 1814 1945 1840 de
1971 1814 2121 1844 Rosazzo),
2156 1811 2268 1838 ordinis

1262 1866 1357 1893 saneti
1375 1865 1541 1897 Benedicti,
1556 1864 1764 1898 Aquilegensis
1778 1863 1933 1892 dioecesis,
1948 1861 2096 1895 significat
2119 1870 2148 1887 se
2171 1861 2272 1887 indul-

1263 1923 1328 1948 gere
1345 1917 1375 1940 ut
1393 1914 1454 1947 ipse
1468 1916 1496 1940 et
1512 1913 1606 1947 ipsius
1626 1920 1818 1943 successores,
1842 1920 1855 1936 «
1868 1911 1975 1945 quibus
1996 1910 2094 1937 baculi
2116 1908 2271 1944 pastoralis

1265 1972 1277 1988 n
1299 1966 1327 1990 et
1343 1963 1587 1989 vestimentorum
1607 1961 1825 1996 pontificalium
1842 1969 1912 1987 usus
1928 1968 1944 1986 a
1967 1959 2042 1986 Sede
2060 1958 2231 1993 Apostolica
2245 1965 2271 1989 ι),

1264 2016 1293 2039 ut
1313 2012 1374 2046 ipse
1390 2011 1480 2038 abbas
1496 2010 1654 2042 asserebat,
1673 2011 1767 2036 fuerat
1781 2017 1946 2040 concessus,
1964 2007 2133 2034 «sandaliis
2149 2010 2177 2033 et
2191 2015 2273 2040 cyro-

1266 2070 1278 2086 »
1301 2061 1394 2088 thecis
1411 2060 1441 2086 in
1458 2060 1613 2086 missarum
1632 2058 1872 2092 sollempnibus»
1889 2057 1932 2083 uti
1950 2057 2072 2090 possint.
2085 2071 2116 2074 -
2129 2056 2214 2087 (HEG.
2228 2055 2273 2087 19,

1266 2112 1285 2137 f.
1304 2108 1498 2143 112[106]1·⁰;
1516 2117 1585 2135 ann.
1603 2108 1685 2139 XIII,
1702 2116 1726 2134 c.
1742 2107 1798 2137 40.)

1309 2231 1320 2244 t(
1349 2241 1368 2246 ..
1390 2218 1491 2246 abbati
1514 2217 1693 2245 monasterii
1714 2215 1897 2250 Roxanensis,
1922 2214 2041 2242 ordinis
2059 2213 2158 2241 samm*
2184 2213 2275 2240 Benc-

1267 2272 1350 2307 (licii,
1382 2271 1589 2307 Aquiteyeasis
1618 2269 1753 2297 diocesis.
1781 2268 1848 2296 Tue
1880 2265 2054 2304 probitatis
2085 2265 2202 2294 merita
2223 2281 2270 2292 ω.

1267 2325 1341 2354 Dat.
1359 2323 1524 2357 Laterani,
1546 2323 1612 2352 IIII
1630 2330 1734 2351 nonas
1753 2320 1844 2355 maii,
1862 2328 1949 2348 anno
1967 2318 2202 2348 tertiodecimo.
2221 2329 2232 2343 η

1338 2523 1454 2550 4842

1304 2587 1405 2613 Electo
1415 2583 1584 2612 Coloniensi
1598 2591 1611 2607 (ι
1622 2581 1791 2609 conserendi
1805 2589 1894 2607 unam
1908 2578 2084 2613 prebendam
2099 2577 2129 2603 in
2144 2576 2277 2610 qualibet

1269 2644 1281 2661 ι)
1303 2633 1494 2661 conventuali
1511 2631 1635 2658 ecclesia
1649 2640 1662 2656 n
1679 2629 1862 2657 Uoltiniensis
1877 2637 1890 2653 (ι
1905 2627 2038 2655 civitatis
2055 2629 2083 2653 et
2098 2625 2233 2657 diocesis,
2248 2626 2278 2650 et

1865 2519 1985 2549 Latran,
2003 2516 2036 2543 10
2050 2516 2107 2542 mai
2126 2516 2203 2542 1239.

1269 2693 1282 2710 »
1303 2685 1334 2711 in
1351 2683 1460 2710 eisdem
1476 2682 1599 2708 civitate
1613 2689 1646 2707 ao
1659 2679 1769 2706 diocesi
1783 2682 1841 2705 tres
1855 2678 2016 2711 dignitates
2031 2685 2102 2710 quas
2117 2675 2158 2702 ibi
2172 2682 2277 2701 vacare

1269 2741 1282 2758 ))
1304 2731 1475 2765 eontigerit,
1494 2729 1624 2764 personis
1642 2728 1782 2755 litteratis
1800 2730 1827 2754 et
1844 2726 1957 2753 idoneis
1975 2733 1999 2757 ι),
2020 2725 2191 2751 facultatem
2208 2731 2277 2749 eon-

1269 2781 1358 2808 cedit.
1376 2794 1408 2798 —
1425 2780 1510 2809 (Rae.
1526 2778 1569 2810 19,
1587 2778 1606 2804 f.
1625 2777 1675 2804 112
1691 2775 1764 2811 [106]
1782 2779 1822 2807 r‘';
1839 2783 1908 2802 ann.
1926 2774 2008 2805 XIII,
2025 2782 2049 2799 c.
2067 2773 2124 2803 41.)

1311 2902 1323 2915 «
1351 2911 1370 2916 ..
1388 2889 1476 2916 electo
1503 2886 1684 2915 Coloniensi.
1713 2885 1757 2914 Ut
1784 2892 1820 2913 eo
1845 2881 1987 2912 subditis
2013 2897 2061 2908 -.
2090 2881 2162 2908 Dat.
2184 2879 2278 2907 Late-

1271 2941 1356 2975 rani,
1371 2941 1416 2971 VI
1436 2939 1510 2968 idus
1527 2938 1619 2973 maii,
1640 2946 1726 2967 anno
1746 2934 1984 2966 tertiodecimo.
2006 2945 2018 2958 »

2147 2997 2159 3019 3
