2553 3526
126 311 183 341 229
932 298 1243 343 QUATORZIEME
1266 299 1424 335 ΑΝΝΕΕ.
2164 316 2219 346 030

126 377 197 407 suis
219 375 410 405 duxerimus
434 374 702 403 committendam
726 384 732 402 :
753 373 986 412 jurisdictione
1004 371 1134 401 tandem

126 429 274 467 ipsorum
294 436 352 466 per
371 427 500 456 litteras
526 435 608 465 quas
634 435 732 464 super
754 426 815 455 hoc
834 425 1018 455 venerabili
1040 424 1135 453 fratri

127 486 239 511 nostro
257 503 277 509 ..
293 479 540 517 archiepiscopo
557 479 743 508 Senonensi
761 478 954 508 direximus,
972 481 1134 511 revocata,

129 557 150 563 ..
173 533 274 563 abbas
293 532 439 571 ejusdem
461 531 599 562 ecclesie
621 531 656 560 in
676 531 842 569 Egidium,
865 530 1062 563 Guidonem,
1079 530 1137 559 Ja-

127 587 245 616 cobum
267 590 299 616 et
324 585 517 619 Robertum,
543 585 719 614 canonicos
738 584 855 622 ipsius,
879 583 935 621 qui
956 592 1013 620 pro
1032 582 1137 611 refor-

127 639 273 669 matione
290 638 481 677 hujusmodi
498 637 710 669 insistebant,
733 637 771 666 de
792 636 889 669 sacto,
908 644 981 665 cum
1004 635 1042 664 de
1062 635 1136 673 jure

128 701 193 722 non
206 696 328 730 posset,
342 690 518 720 amotionis
530 699 548 719 a
559 690 640 719 locis
653 698 767 719 eorum
781 693 811 718 et
823 688 1137 718 excommunicatio-

128 744 182 774 nis
205 743 390 774 sententias
411 742 614 772 fulminavit.
640 742 789 779 Cumque
809 741 1028 779 postmodum,
1051 741 1137 770 dicto

128 796 246 827 abbate
261 805 360 834 super
373 795 605 825 observatione
617 794 764 832 ipsarum
779 803 796 822 a
809 793 904 822 nobis
921 793 955 822 in
969 793 1137 822 communi

128 850 235 880 forma
262 849 392 879 litteras
417 849 627 886 impetrante,
655 847 733 876 dicti
753 846 904 876 canonici
926 846 965 875 ad
991 852 1137 875 nostram

128 902 331 942 presentiam
360 901 591 935 accessissent,
623 900 700 930 licet
727 900 775 930 eis
804 909 839 929 ac
868 900 1137 938 procuratoribus

129 955 258 986 abbatis
273 955 432 994 ejusdem,
450 959 527 984 tunc
543 954 628 992 apud
644 954 760 984 Sedem
778 953 1000 991 Apostolicam
1018 953 1138 982 consti-

127 1009 220 1045 tutis,
257 1008 414 1038 dilectum
450 1007 556 1037 filium
584 1011 734 1037 nostrum
767 1006 1013 1045 S[iuibaldum],
1049 1006 1137 1035 tituli

128 1062 242 1093 Sancti
266 1061 438 1091 Laurentii
464 1061 498 1090 in
527 1060 654 1090 Lucina
676 1059 896 1098 presbiterum
923 1058 1136 1093 cardinalem,

127 1114 316 1145 dederimus
333 1113 518 1144 auditorem
536 1123 542 1142 2
557 1117 665 1142 tamen
684 1112 924 1142 nichilominus
936 1111 1138 1141 venerabilis

126 1168 230 1197 frater
250 1171 363 1197 noster
391 1190 410 1195 ..
435 1165 644 1196 Tusculanus
667 1165 856 1203 episcopus,
882 1165 976 1203 cujus
1001 1165 1136 1194 ordina-

127 1220 211 1250 tioni
231 1224 262 1250 et
278 1219 490 1257 dispositioni
509 1227 608 1257 super
625 1218 815 1256 hujusmodi
833 1218 964 1255 negotio
981 1222 1011 1247 et
1029 1217 1138 1255 ipsum

125 1272 408 1311 contingentibus,
434 1272 554 1310 prefati
575 1271 727 1301 canonici
750 1275 780 1300 et
801 1276 1030 1309 procuratores
1045 1271 1138 1309 jura-

125 1330 237 1356 mento
262 1325 400 1363 prestito
426 1334 460 1355 se
484 1324 691 1354 concorditer
714 1323 953 1358 submiserunt,
983 1324 1138 1353 omnibus

125 1378 248 1409 litteris
264 1387 347 1417 quas
364 1378 540 1413 habebant,
560 1377 593 1406 in
609 1377 757 1416 ejusdem
774 1377 928 1406 manibus
946 1377 1137 1414 resignatis,

102 1460 106 1464 ,
127 1431 272 1470 prefatos
295 1431 472 1461 canonicos
495 1430 534 1460 ab
555 1430 934 1460 excommunicationum
963 1430 1139 1459 sententiis

127 1492 211 1522 quas
227 1483 335 1513 dictus
351 1483 452 1513 abbas
471 1482 590 1512 tulerat
607 1483 640 1512 in
665 1483 808 1517 eosdem,
829 1483 867 1512 de
890 1482 1025 1521 speciali
1046 1492 1139 1512 man-

126 1536 203 1566 dato
223 1541 334 1566 nostro
352 1536 393 1565 ad
408 1536 570 1566 cautelam
589 1535 740 1570 absolvit,
760 1536 918 1565 ordinans
935 1536 1022 1574 quod
1039 1536 1139 1573 digna

129 1589 324 1624 satisfactio,
345 1589 373 1619 si
394 1593 561 1619 constaret
586 1589 675 1627 ipsos
693 1589 782 1627 juste
803 1589 922 1626 ligatos
945 1589 1060 1623 fuisse,
1087 1589 1140 1618 in-

125 1643 323 1682 jungeretur
339 1642 480 1678 eisdem;
504 1642 654 1681 alioquin
676 1651 792 1680 penam
813 1652 878 1672 non
899 1642 1057 1673 deberent
1077 1642 1139 1672 ali-

130 1705 229 1735 quam
253 1695 438 1732 sustinere;
470 1696 586 1726 statuit
620 1695 719 1725 etiam
745 1699 780 1725 ut
812 1696 850 1725 de
878 1696 1031 1734 expensis
1057 1705 1139 1734 quas

129 1749 193 1788 ipsi
221 1749 368 1779 fecerant
390 1749 425 1778 in
452 1748 643 1787 hujusmodi
669 1749 899 1786 prosecutione
927 1749 1068 1786 negotii,
1100 1749 1140 1778 ad

128 1802 305 1832 arbitrium
321 1802 523 1832 venerabilis
540 1802 653 1831 fratris
668 1802 773 1831 nostri
790 1825 808 1830 ..
825 1801 1065 1840 archiepiscopi
1079 1804 1139 1832 Ro-

129 1855 356 1893 thomagensis
376 1860 407 1885 et
425 1855 535 1885 dilecti
563 1855 625 1884 filii
647 1878 666 1884 ..
692 1855 812 1893 prioris
835 1855 1049 1893 provincialis
1074 1856 1139 1885 fra-

128 1913 215 1938 trum
232 1908 360 1938 ordinis
386 1908 634 1938 Predicatorum
655 1908 689 1936 in
714 1908 862 1943 Francia,
886 1908 924 1937 (10
944 1908 1039 1937 bonis
1061 1908 1140 1937 dicti

127 1961 324 1991 monasterii
346 1961 576 1999 provideretur
601 1961 660 1996 eis,
686 1965 781 1999 prout
806 1961 840 1990 in
867 1962 973 1999 ipsius
995 1962 1139 2000 episcopi

127 2014 250 2045 litteris
271 2023 370 2052 super
394 2014 456 2044 hoc
481 2014 642 2044 confectis
667 2014 789 2043 dicitur
809 2014 941 2052 plenius
962 2015 1138 2045 contineri.

128 2068 269 2097 Demum
287 2075 376 2102 vero,
394 2075 468 2096 cum
486 2075 545 2097 nos
558 2066 728 2105 jamdictis
747 2066 996 2105 archiepiscopo
1015 2067 1140 2097 Retho-

128 2119 281 2158 magensi
296 2123 328 2150 et
343 2119 447 2158 priori
465 2129 502 2149 ac
515 2120 643 2158 prefato
657 2120 768 2149 abbati
785 2121 1024 2150 correctionem
1041 2126 1071 2151 et
1088 2130 1140 2151 re-

128 2173 362 2203 formationem
375 2173 482 2211 ipsius
498 2172 637 2203 ecclesie
652 2173 712 2203 sub
725 2178 814 2203 certa
827 2174 933 2203 forma
949 2174 1140 2204 duxerimus

128 2225 415 2261 committendam,
441 2226 555 2256 eodem
580 2226 689 2264 priore
714 2226 754 2255 ad
776 2227 893 2257 Sedem
918 2227 1140 2265 Apostolicam

129 2283 203 2318 post
220 2279 412 2308 citationem
436 2279 579 2317 partium
596 2280 763 2314 veniente,
785 2289 848 2309 non
868 2280 930 2309 suit
948 2281 1088 2310 ulterius
1105 2281 1139 2310 in

131 2332 263 2370 negotio
278 2332 350 2370 ipso
367 2341 570 2370 processum.
587 2333 723 2367 Verum,
742 2334 914 2363 cumidem
928 2334 1039 2369 abbas,
1056 2335 1141 2364 sicut

130 2385 329 2424 accepimus,
349 2386 553 2416 correctione
570 2386 727 2424 indigeat,
746 2392 776 2416 et
788 2396 845 2424 per
861 2387 983 2417 dictum
997 2388 1139 2425 priorem

130 2446 168 2467 ac
188 2446 246 2475 per
265 2437 406 2467 eundem
427 2437 728 2475 Rothomagensem
752 2438 1049 2476 archiepiscopum.
1068 2438 1140 2477 plu-

130 2489 224 2520 ribus
241 2490 515 2528 occupationibus
534 2490 726 2528 impeditos,
751 2491 920 2528 negotium
940 2491 1049 2529 ipsum
1074 2501 1140 2522 non

130 2543 247 2581 possit,
271 2546 307 2572 ut
330 2542 432 2580 exigit
456 2542 595 2573 ecclesie
617 2543 804 2581 supradicte
827 2544 1019 2574 necessitas.
1042 2554 1141 2582 expe—

131 2595 208 2631 diri,
226 2604 297 2631 nos,
318 2604 418 2634 super
431 2595 492 2625 hoc
506 2595 653 2626 volentes
670 2596 708 2625 de
727 2596 1023 2635 circumspectione
1046 2598 1141 2628 Sedis

131 2647 319 2686 Apostolice
349 2647 538 2686 providere,
568 2648 762 2678 discretioni
792 2654 917 2684 vestre,
953 2650 987 2678 in
1020 2650 1142 2680 virtute

131 2701 332 2736 obedientie,
353 2710 410 2739 per
429 2700 610 2739 apostolica
633 2701 756 2738 scripta
776 2702 988 2740 precipiendo
1004 2704 1142 2733 manda-

132 2762 206 2783 mus
223 2757 400 2792 quatenus‚
417 2753 637 2791 personaliter
656 2754 849 2783 accedentes
869 2755 909 2783 ad
926 2755 1032 2784 locum
1054 2761 1085 2785 et
1103 2756 1141 2786 de

132 2811 221 2837 statu
241 2806 348 2844 ipsius
370 2806 509 2836 ecclesie
533 2806 571 2836 de
598 2806 695 2844 plano
717 2810 748 2836 et
773 2807 845 2836 sine
865 2808 1005 2846 strepitu
1023 2808 1143 2847 judicii

132 2859 275 2890 sollicite
302 2859 529 2897 inquirentes,
562 2863 593 2888 et.
623 2858 784 2889 habentes
814 2869 870 2897 pre
899 2861 1005 2890 oculis
1036 2861 1142 2890 solum

132 2913 250 2948 Deum,
268 2912 442 2949 corrigatis
462 2916 492 2941 et
514 2911 702 2941 reformetis
725 2912 860 2947 ibidem,
890 2917 955 2942 tam
976 2913 1010 2942 in
1037 2914 1142 2951 capite

133 2974 232 3004 quam
259 2964 294 2994 in
319 2964 490 3000 membris,
517 2973 581 3003 que
603 2965 817 2994 correctionis
842 2969 873 2995 et
895 2966 1142 2996 reformationis

1217 371 1323 400 officio
1337 372 1495 402 noveritis
1509 373 1670 410 indigere.
1684 374 1761 403 Illos
1774 379 1881 405 autem
1893 386 1973 414 quos
1984 378 2059 407 ind·¹
2072 381 2220 411 videritis

1218 424 1426 459 amovendos,
1449 425 1644 462 singillatim
1661 426 1693 455 in
1712 426 1787 456 aliis
1802 430 2012 459 monasteriis
2029 432 2079 460 sui
2095 433 2220 462 ordinis

1218 475 1429 507 collocantes,
1450 477 1532 507 alios
1550 478 1637 508 viros
1655 478 1828 516 religiosos
1842 481 1987 519 eJ'usdem
2010 484 2146 521 ordinis,
2171 496 2221 515 re-

1219 528 1390 565 gularibus
1413 531 1578 561 institutis
1603 532 1794 565 instructos,
1822 534 1878 571 qui
1902 535 1969 563 vita
1991 537 2145 573 prodessc¹
2172 548 2222 568 va-

1218 581 1307 611 leant
1333 588 1364 612 et
1390 584 1547 622 exemplo,
1575 585 1707 615 aliunde
1737 592 1936 624 assumptos,
1967 598 2002 617 ac
2029 589 2110 619 alios
2143 600 2222 629 quos

1218 634 1353 665 idoneos
1371 637 1540 671 noveritis,
1558 647 1620 667 non
1644 639 1788 668 minores
1810 639 1927 676 viginti
1947 642 2094 680 quinque
2113 645 2221 679 annis,

1219 696 1252 715 in
1280 689 1455 718 canonicos
1485 690 1670 720 instituatis
1697 691 1831 721 ibidem.
1858 694 2022 729 Preterca,
2050 704 2122 724 cum
2146 697 2224 726 dicti

1219 742 1370 771 canonici
1388 751 1451 771 non
1471 742 1614 772 habeant
1636 745 1814 782 proprium,
1838 755 1996 783 expensas
2018 750 2223 779 necessarias

1220 794 1259 822 ab
1278 794 1325 823 eis
1342 799 1473 832 propter
1490 795 1550 825 hoc
1567 796 1670 825 factas
1687 801 1717 826 et
1735 797 1769 825 in
1794 803 1959 835 posterum
1982 800 2161 835 faciendas,
2184 803 2224 831 ad

1220 847 1395 876 arbitrium
1413 854 1557 878 vestrum
1578 849 1708 879 faciatis
1730 850 1853 880 eisdem
1878 852 1915 881 de
1936 852 2031 882 bonis
2049 854 2154 891 ipsius
2172 865 2224 885 cc-

1220 899 1319 929 clesie
1336 900 1535 936 ministrari3
1555 902 1714 931 attentius
1731 903 1895 940 provisuri
1913 913 1951 934 ne
1971 905 2052 943 ipsis
2069 916 2149 944 quos
2169 917 2225 945 per

1221 962 1276 982 vos
1294 953 1332 982 ad
1350 962 1409 982 sua
1424 953 1495 983 loca
1508 955 1638 983 restitui
1655 955 1817 989 volumus,
1834 956 1918 986 dicte
1932 958 2069 988 ecclesie
2086 968 2226 990 conven-

1221 1010 1273 1035 tus
1292 1006 1479 1035 communio
1502 1007 1728 1042 subtrabatur,
1752 1013 1782 1037 et
1806 1009 1891 1046 quod
1908 1009 1992 1039 bona
2009 1011 2155 1049 ejusdcm
2172 1022 2224 1042 ec-

1221 1058 1321 1087 010510
1342 1058 1477 1087 interim
1495 1059 1634 1089 alienari
1652 1065 1817 1098 nequeant
1834 1061 1884 1090 vel
1903 1063 2068 1094 consumi:
2092 1073 2155 1093 non
2173 1066 2225 1094 ob-

1221 1111 1387 1140 stantibus
1418 1111 1586 1149 aliquibus
1617 1112 1739 1142 litteris
1772 1122 1870 1151 super
1899 1114 1966 1144 hiis
1994 1116 2177 1153 impetratis
2208 1128 2225 1147 a

1222 1164 1304 1194 Sede
1328 1164 1527 1201 Apostolica,
1554 1164 1604 1194 vel
1629 1165 1728 1194 etiam
1749 1166 1978 1204 impetrandis,
2004 1178 2067 1206 que
2090 1170 2127 1199 de
2153 1180 2226 1207 prc-

1221 1217 1371 1247 sentibus
1404 1217 1533 1255 plenam
1564 1226 1627 1247 non
1658 1218 1798 1248 fecerint
1829 1221 2048 1255 mentionem,
2081 1232 2118 1251 ea
2152 1232 2226 1253 vero

1221 1279 1284 1308 que
1302 1270 1389 1299 circa
1406 1271 1642 1300 correctionem
1665 1275 1695 1300 et
1715 1272 1984 1303 reformationem
2007 1275 2153 1312 ejusdem
2175 1286 2227 1305 ec-

1221 1323 1320 1352 clesie
1337 1323 1484 1360 legitime
1501 1323 1662 1353 duxeritis
1679 1324 1862 1360 statuenda,
1887 1326 2011 1354 servari
2028 1327 2226 1356 inviolabili-

1222 1381 1270 1406 ter
1291 1376 1467 1411 facientes,
1492 1376 1750 1406 contradictores
1775 1381 1835 1406 etc.
1864 1377 2032 1413 Ceterum,
2065 1380 2092 1408 si
2119 1380 2226 1410 dictus

1221 1429 1322 1458 abbas
1340 1429 1463 1458 eisdem
1481 1429 1650 1459 canonicis
1672 1430 1895 1467 exceptionem
1915 1433 2227 1463 excommunicatio-

1222 1482 1274 1511 nis
1293 1486 1445 1520 opponat,
1465 1492 1504 1511 ne
1521 1487 1652 1520 propter
1668 1482 1729 1512 hoc
1749 1483 1852 1521 possit
1874 1484 2027 1522 impediri
2045 1486 2225 1523 negotium,

1222 1536 1250 1565 si
1267 1546 1322 1566 eos
1341 1536 1538 1565 inveneritis
1551 1537 1640 1575 juste
1656 1536 1786 1573 ligatos,
1804 1537 1886 1574 ipsis
1902 1538 1995 1576 juxta
2009 1539 2145 1568 formam
2168 1540 2227 1569 Ec-

1222 1590 1322 1620 clesie
1335 1589 1555 1619 absolutionis
1572 1589 1770 1619 beneficium
1782 1590 1981 1628 impendatis
1999 1596 2029 1620 et
2045 1591 2228 1630 injungatis·

1222 1644 1346 1674 eisdem
1366 1643 1452 1681 quod
1475 1643 1514 1672 de
1534 1643 1608 1682 jure
1632 1643 1733 1673 fuerit
1755 1643 2015 1682 injungendum,
2038 1646 2228 1676 mandatum

1222 1702 1372 1727 nostrum
1386 1696 1495 1726 taliter
1512 1696 1692 1734 impleturi,
1704 1701 1739 1726 ut
1758 1706 1814 1735 per
1826 1697 1978 1727 effectum
1996 1699 2104 1736 operis
2121 1703 2229 1737 pateat

1222 1750 1307 1788 quod
1321 1750 1407 1779 circa
1419 1749 1523 1779 zelum
1537 1750 1747 1779 rectitudinis
1760 1750 1852 1780 vobis
1865 1751 1908 1780 sit
1920 1751 2049 1780 affectio
2062 1752 2226 1789 specialis.

1222 1804 1295 1832 Dat.
1313 1803 1478 1837 Laterani,
1495 1803 1523 1832 V
1539 1802 1697 1832 kalendas
1714 1803 1811 1837 maii,
1830 1811 1916 1833 anno
1933 1804 2190 1841 quartodecimo.
2213 1816 2225 1831 »

1293 1981 1345 2008 5¹
1356 1981 1408 2008 5¹
1834 1981 1955 2010 Latran,
1969 1981 1985 2007 5
2003 1982 2060 2007 mai
2078 1982 2156 2008 1240.

1258 2042 1402 2076 Episcopo
1418 2041 1604 2072 Belvacensi,
1630 2056 1661 2059 —
1680 2049 1758 2073 cum,
1776 2041 1829 2067 etsi
1852 2041 1881 2067 in
1903 2042 2078 2069 Belvacensi
2095 2043 2230 2076 ecclesia,

1222 2100 1239 2117 a
1261 2094 1392 2124 tempore
1418 2091 1500 2123 cujus
1527 2099 1583 2116 non
1610 2089 1744 2116 exstabat
1770 2090 1923 2121 memoria,
1952 2091 2050 2124 plures
2072 2092 2231 2125 praepositi

1223 2140 1418 2171 exstitissent,
1435 2137 1545 2173 M[ilo],
1565 2138 1756 2165 Belvacensis
1773 2138 1936 2172 episcopus,
1954 2140 2084 2172 ejusdem
2103 2140 2231 2174 episcopi

1224 2188 1437 2223 praedecessor,
1454 2190 1482 2213 et
1499 2188 1680 2214 Belvacense
1696 2187 1860 2221 capitulum
1878 2187 1941 2213 sine
1957 2196 2043 2214 causa
2059 2188 2229 2215 rationabili

1222 2237 1397 2263 statuissent
1422 2244 1457 2262 ne
1483 2235 1641 2269 praepositi
1661 2235 1786 2261 ulterius
1809 2235 1839 2261 in
1861 2235 1961 2261 eadem
1979 2236 2103 2262 ecclesia
2123 2240 2229 2269 essent,

1223 2285 1491 2319 praepositurarum
1518 2284 1683 2311 redditibus
1708 2284 1785 2310 inter
1811 2284 1967 2310 canonicos
1996 2284 2174 2317 distributis,
2198 2301 2229 2303 —

1222 2336 1395 2361 facultatem
1420 2334 1554 2360 concedit
1573 2334 1687 2360 easdem
1712 2334 1926 2367 praeposituras
1946 2334 1982 2360 ad
2005 2336 2113 2360 statum
2132 2335 2230 2368 pristi-

1223 2392 1293 2410 num
1313 2383 1483 2409 reducendi.
1509 2397 1539 2400 —
1566 2383 1652 2414 (Reo.
1679 2381 1722 2414 20,
1743 2383 1763 2408 f.
1784 2382 1800 2408 6
1820 2385 1863 2414 v⁴²3
1885 2390 1954 2408 ann.
1978 2382 2060 2415 XIV,
2084 2391 2108 2408 c.
2129 2383 2179 2415 283
2196 2398 2230 2400 —

1223 2432 1355 2459 Monimo
1374 2431 1452 2463 1193,
1470 2431 1489 2457 f.
1506 2431 1563 2461 24.)

1266 2545 1279 2559 «
1300 2556 1319 2561 ..
1336 2534 1468 2570 episcopo
1484 2533 1666 2561 Bezvacensz'.
1686 2532 1754 2560 Tua
1772 2530 1867 2560 nobis
1883 2531 2075 2560 fraternitas
2090 2548 2139 2559 —.
2155 2531 2228 2560 Dat.

1224 2585 1389 2620 Laterani,
1424 2586 1472 2614 ΙΙΙ
1505 2593 1608 2613 nonas
1639 2583 1731 2617 maii,
1768 2583 1978 2620 pontificatus
2010 2583 2114 2612 nostri
2144 2592 2230 2613 anno

1224 2639 1480 2677 quartodecimo.
1502 2650 1514 2663 ι)

1295 2810 1414 2838 5152

1261 2872 1369 2899 Abbati
1388 2872 1423 2898 de
1436 2871 1572 2897 Nucariis
1588 2873 1616 2896 et
1630 2869 1837 2896 archidiacono
1850 2868 2053 2895 Xanctoneusi
2068 2869 2229 2895 committit

1226 2920 1419 2948 decidendam
1437 2928 1554 2946 causam
1570 2919 1647 2945 inter
1661 2917 1797 2944 abbatem
1815 2919 2050 2950 conventumque
2068 2917 2229 2943 Lucionen-

1226 2978 1281 3002 ses,
1296 2977 1331 2995 ex
1346 2977 1405 2996 una
1421 2970 1514 3002 parte,
1535 2970 1563 2994 et
1583 2967 1751 3001 episcopum
1774 2965 1990 2997 pictavensem,
2010 2965 2065 2991 1001
2082 2965 2229 2992 dioecesa—

1836 2808 1956 2840 Latran,
1973 2808 1989 2833 2
2004 2807 2063 2833 mai
2078 2808 2156 2834 1240.
