2553 3526
283 294 338 323 ‘287
1011 284 1250 317 Recis'rnns
1273 283 1327 312 DE
1351 275 1572 313 GREGOIRE
1598 284 1654 313 ix.
2325 284 2384 314 283

354 360 473 389 5259

320 422 473 455 Magistris
506 421 606 448 Leoni.
642 419 795 453 Bajocensi
823 417 978 444 canonico.
1006 416 1232 442 Bartholomaeo
1257 413 1292 438 de

285 471 453 498 Ferentino.
482 469 629 496 Meldensi
658 468 811 494 canonico,
838 470 865 493 et
892 466 1129 493 Bartholomaeo,
1153 461 1294 489 canonico

285 520 413 547 Sanctae
429 518 577 546 Caeciliae
591 518 626 543 de
641 517 729 544 L'rbe.
748 516 879 542 Parisius
891 513 1154 541 commorantibus,
1173 510 1295 537 mandat

285 571 429 601 quatenus
444 566 644 600 ¹suspensionis
661 568 688 591 et
707 562 1025 591 excommunicationis
1041 560 1204 587 sententias
1223 567 1294 593 quas

285 617 374 643 abbas
400 620 428 642 ct
451 615 529 649 prior
553 615 588 640 dc
611 614 698 640 Valle
720 613 863 643 Richerii,
891 611 1061 645 Bajocensis
1086 609 1239 640 dioecesis,
1263 608 1294 634 in

841 358 961 386 Latran,
979 356 1012 382 13
1028 355 1127 387 juillet
1142 351 1219 378 1240.

286 666 459 699 magistrum
486 665 606 690 Petrum
631 663 666 689 de
687 663 785 695 Papa,
810 661 1053 687 archidiaconum
1075 658 1215 685 ecclcsiae
1238 657 1296 683 Ro-

285 713 486 745 thomacensis
507 713 535 738 in
554 711 732 745 Vulgassino
755 709 968 740 Normanniae,
996 708 1203 735 tulminarant,
1227 705 1297 739 quia

286 762 415 795 ejusdem
438 760 639 787 archidiaconi
658 762 826 793 procurator
843 757 1021 792 presbyteris
1040 757 1075 782 de
1097 755 1295 789 Stripiniaco,

286 811 545 838 archidiaconatus
565 810 667 844 ipsius,
685 823 717 827 —
734 809 782 842 qui
806 807 969 842 presbyteri
990 806 1233 833 archidiaconum
1250 804 1296 838 ip-

287 869 363 891 sum,
385 861 533 886 volentem
552 859 581 885 in
601 867 698 885 eorum
725 857 847 884 ecclesia
865 856 1047 882 visitationis
1069 855 1195 880 unicium
1214 861 1297 879 exer-

288 918 362 939 cere,
383 909 541 935 admittere
564 909 729 935 noluerant.
753 921 784 923 —
806 914 903 931 coram
926 904 998 938 ipsis
1019 903 1125 930 abbate
1148 906 1176 929 et
1202 902 1297 936 priore

288 958 471 992 respondere.
489 957 565 983 sicut
582 964 634 982 nec
653 955 741 982 etiam
762 954 927 985 tenebatur,
944 954 1140 981 recusaverat,
1157 950 1297 977 nuntient

288 1015 344 1033 non
366 1007 475 1035 valere,
499 1008 527 1031 et
549 1008 656 1039 partes,
678 1004 707 1030 id
729 1006 771 1030 est
793 1002 977 1036 praedictum
1001 1000 1244 1027 archidiaconum
1269 1001 1297 1025 et

288 1057 434 1090 praefatos
458 1054 657 1088 presbyteros,
683 1052 718 1078 ad
746 1060 870 1078 examen
895 1050 999 1076 decani
1025 1049 1128 1076 Sancti
1155 1047 1297 1074 Germani

287 1102 540 1131 Autisiodorensis
568 1100 746 1128 Parisieneis
774 1100 894 1133 ejusque
919 1099 1097 1132 collegarum
1125 1097 1296 1125 remittant:

288 1153 421 1186 alioquin
438 1159 604 1186 processum
623 1150 839 1184 praedictorum
854 1147 970 1174 abbatis
987 1150 1015 1173 et
1033 1147 1138 1180 prioris
1156 1145 1191 1172 de
1210 1145 1298 1171 Valle

289 1200 422 1227 Rieherii
440 1200 551 1226 faciant
567 1198 726 1225 observari.
748 1212 777 1215 —-
795 1197 882 1227 (Rae.
905 1195 950 1227 20,
969 1196 988 1222 1'.
1005 1196 1036 1221 21
1056 1198 1100 1226 v⁰;
1125 1203 1194 1221 ann.
1215 1193 1297 1223 XIV,

290 1259 314 1276 c.
335 1250 409 1279 125.)

332 1378 344 1391 <t
363 1365 519 1402 illzzqislris
534 1363 810 1399 Leoni,l3ajoce›1szt.
831 1358 1062 1400 Bzzrth[ol0me0]
1077 1361 1110 1388 de
1127 1359 1295 1388 Ferentino.

288 1419 441 1449 illeldensi.
459 1423 484 1446 el
496 1414 738 1455 Bai—tatolomeot
754 1416 861 1445 Sancte
876 1415 981 1444 Cecilie
994 1414 1027 1442 de
1045 1413 1116 1442 Urbe
1130 1413 1296 1441 canonicis.

290 1473 430 1501 Parisius
441 1470 709 1499 commorantibus
723 1468 871 1498 Dilectus
884 1467 974 1497 filius
986 1467 1144 1504 magister
1157 1465 1300 1505 P[etrus]

291 1525 329 1554 de
363 1525 466 1562 Papa,
499 1522 753 1553 archidiaconus
783 1520 923 1550 ecclesie
958 1518 1236 1556 Rothomagensis
1266 1518 1301 1546 in

292 1576 493 1615 VVlgasin[o]
511 1575 726 1610 Normannie,
743 1584 800 1604 sua
818 1573 912 1603 nobis
929 1573 1088 1611 petitione
1106 1571 1303 1601 monstravit

292 1631 389 1670 quod.
414 1639 488 1660 cum
512 1630 582 1668 ipse
606 1638 704 1667 super
727 1627 958 1657 observatione
986 1626 1151 1656 sententie
1173 1634 1303 1655 excom-

292 1683 531 1714 municationis
551 1691 649 1721 quam
674 1682 707 1710 in
729 1681 930 1719 presbiteros
954 1680 992 1709 de
1014 1679 1226 1717 Stripiniaco,
1251 1678 1303 1707 sui

291 1737 593 1770 archidiaconatus,
610 1744 667 1773 pro
679 1744 716 1764 eo
729 1734 814 1772 quod
826 1734 944 1772 ipsum.
962 1733 1127 1762 volentem
1143 1732 1176 1761 in
1190 1740 1303 1761 eorum

292 1790 441 1825 ecclesia,
462 1794 555 1828 prout
579 1788 619 1818 ad
642 1797 716 1818 eum
734 1787 913 1825 spectabat,
933 1785 1137 1815 visitationis
1159 1785 1304 1814 officium

292 1853 454 1875 exercere.
470 1843 642 1872 admittere
656 1841 845 1871 noluerunt.
858 1839 990 1879 justitia
1003 1839 1123 1869 tulerat
1140 1839 1302 1875 exigente,

293 1899 333 1928 ad
352 1921 371 1926 ..
398 1897 558 1927 decanum
583 1895 695 1926 Sancti
721 1894 879 1924 Germani
901 1892 1188 1922 Autisiodorensis
1210 1891 1304 1921 Pari-

293 1951 416 1981 siensis
434 1955 464 1979 et
481 1958 558 1979 suos
575 1948 718 1985 collegas
736 1952 865 1977 nostras
882 1946 1010 1976 litteras
1028 1946 1236 1984 impetrasset
1257 1955 1263 1973 :
1284 1968 1303 1973 ..

294 2008 485 2043 procurator
501 2003 648 2040 ipsorum
666 2001 936 2039 presbiterorum.
955 2004 1027 2038 post
1044 2008 1213 2029 recessum
1230 2007 1305 2036 pro-

294 2057 455 2087 curatoris
476 2056 540 2086 sui.
559 2064 657 2093 super
681 2054 794 2084 eadem
818 2053 995 2083 sententia.
1017 2061 1116 2091 quam
1138 2051 1304 2082 archidia-

294 2119 412 2141 conum
430 2110 539 2148 ipsum
554 2109 587 2137 in
602 2108 677 2138 illos
692 2107 808 2136 tulisse
824 2106 963 2141 dicebat,
981 2105 1106 2135 nullam
1122 2105 1156 2134 in
1174 2105 1305 2134 eosdem

294 2164 471 2193 habentem
485 2161 754 2201 jurisdictionem
775 2160 990 2189 ordinariam.
1017 2167 1076 2188 nec
1101 2159 1200 2188 etiam
1217 2157 1306 2187 dele-

295 2222 416 2255 gatam,
440 2216 569 2245 litteras
591 2215 674 2244 alias
699 2223 715 2243 a
743 2213 837 2243 nobis
863 2213 903 2242 ad
920 2236 939 2242 ..
959 2213 1121 2242 decanum
1144 2212 1306 2242 Cenoma-

296 2279 433 2300 nensem
451 2275 481 2299 et
497 2269 568 2307 ejus
581 2267 782 2307 conjudices.
797 2266 887 2295 nulla
902 2266 939 2295 de
957 2265 1124 2304 prioribus
1138 2264 1306 2294 mentione

295 2324 420 2354 habita.
439 2321 640 2361 impetravit.
653 2320 782 2357 Quibus
801 2343 820 2349 ..
835 2319 945 2349 abbati
960 2324 990 2349 et
1010 2319 1145 2356 ..priori
1163 2318 1200 2348 de
1213 2318 1307 2348 Valle

296 2377 457 2408 Richerii.
476 2375 670 2414 Baj0censis
689 2373 843 2407 diocesis,
861 2372 1146 2402 committentibus
1163 2371 1309 2401 totaliter

295 2432 384 2461 vices
401 2439 490 2463 suas,
512 2429 591 2468 quia
610 2427 712 2457 iidem
734 2427 835 2456 abbas
858 2431 889 2456 et
907 2426 997 2464 prior
1014 2426 1123 2463 ipsum
1141 2424 1308 2454 archidia-

296 2493 416 2514 conum
433 2492 531 2521 super
547 2481 662 2511 eadem
679 2480 845 2510 sententia
869 2488 978 2509 coram
1001 2488 1035 2508 se
1057 2478 1154 2507 dictis
1180 2477 1308 2516 presbi-

297 2538 376 2568 teris
400 2535 600 2574 respondere
622 2534 792 2572 cogebant,
817 2541 1017 2571 quamquam
1039 2535 1232 2570 procurator
1254 2540 1308 2560 eo-

296 2599 370 2620 rum
393 2590 427 2619 in
444 2589 517 2628 jure
539 2588 712 2617 confessus
736 2587 837 2616 fuerit
863 2594 973 2616 coram
998 2585 1046 2615 eis
1073 2594 1172 2623 super
1194 2584 1308 2614 eodem

296 2644 424 2673 litteras
442 2642 569 2680 priores
593 2641 697 2670 fuisse
723 2640 761 2669 de
784 2648 950 2669 consensu
966 2642 1216 2677 procuratorum
1234 2646 1308 2675 par-

298 2697 381 2726 tium
411 2696 451 2725 ad
476 2695 558 2724 alios
585 2694 716 2733 judices
743 2694 936 2731 impetratas
963 2702 968 2720 :
996 2691 1135 2730 predicti
1163 2691 1308 2721 decanus

298 2749 411 2780 Sancti
433 2748 591 2779 Germani
614 2752 645 2777 et
670 2747 721 2777 sui
747 2746 880 2783 college,
907 2745 1076 2775 intellecto
1099 2744 1228 2774 litteras
1251 2744 1308 2773 ob-

298 2807 405 2833 tentas
423 2801 461 2831 ad
480 2801 569 2839 ipsos
589 2809 661 2830 esse
678 2800 816 2838 priores.
839 2808 903 2838 que
926 2799 1062 2828 suerunt
1079 2798 1179 2827 etiam
1198 2797 1309 2827 abbati

298 2862 329 2887 et
344 2856 447 2894 priori
464 2855 602 2893 prefatis
619 2853 793 2893 injudicio
807 2856 1004 2891 presentate,
1021 2861 1057 2881 ac
1071 2851 1157 2890 quod
1174 2851 1212 2881 de
1226 2850 1309 2889 ipsis

298 2911 331 2939 in
342 2908 497 2939 secundis
511 2907 602 2937 nulla
610 2907 735 2936 mentio
748 2906 937 2936 haberetur.
953 2905 1173 2934 inhibuerunt
1184 2904 1309 2934 eisdem

298 2962 409 2992 abbati
432 2966 462 2991 et
481 2961 583 2999 priori
600 2968 640 2989 ne
657 2968 714 2998 per
731 2958 921 2998 hujusmodi
944 2957 1073 2988 litteras
1097 2957 1238 2987 eundem
1256 2965 1309 2985 ar-

1376 349 1607 379 chidiaconum
1624 359 1734 379 coram
1750 359 1784 379 se
1805 354 1891 380 stare
1906 350 1975 389 Juri
1994 359 2092 388 super
2109 350 2196 380 dicta
2218 351 2384 381 sententia

1377 407 1573 433 coartarent.
1591 403 1816 439 decernentes,
1837 403 1865 433 si
1882 412 1977 433 secus
1993 408 2233 441 presumerent.
2251 404 2384 434 irritum

1377 460 1408 485 et
1434 456 1552 486 inane:
1580 456 1831 491 nichilominus,
1859 456 1938 495 quia
1964 456 2103 486 minime
2128 456 2169 486 ab
2193 456 2386 495 hujusmodi

1378 510 1625 547 presumptione
1644 509 1830 543 cessabant,
1853 510 1887 538 in
1909 518 1975 541 eos,
1996 510 2023 539 si
2041 509 2182 539 ulterius
2204 519 2302 548 super
2324 509 2384 540 hoc

1378 562 1612 599 procederent,
1651 563 2004 592 excommunicationis
2044 563 2244 593 sententiam
2277 564 2386 601 profe-

1378 615 1493 645 rendo.
1512 616 1574 646 Sed
1591 616 1729 654 predicti
1753 615 1854 646 abbas
1874 620 1905 646 et
1928 616 2028 654 prior,
2049 616 2134 654 parti
2157 616 2294 646 adverse
2313 616 2387 655 plus

1379 668 1488 698 debito
1505 669 1704 699 favorabiles
1728 669 1918 699 existentes.
1938 669 2112 707 vilipensis
2131 669 2334 700 inhibitione
2350 679 2387 700 ac

1379 722 1720 752 excommunicatione
1736 723 1920 761 premissis.
1944 727 2161 752 memoratum
2182 723 2388 754 archidiaco—

1380 783 1459 803 num
1485 774 1546 804 sub
1574 775 1715 805 diversis
1741 776 1894 805 terminis
1922 776 1960 805 ad
1985 775 2056 805 loca
2083 775 2222 806 deserta.
2252 776 2309 805 ubi
2328 785 2388 807 nec

1380 827 1525 865 hospitia
1538 837 1595 858 nec
1611 828 1675 857 alia
1690 829 1877 858 necessaria
1889 833 2040 867 poterant
2051 829 2208 863 inveniri,
2223 829 2390 860 malitiose

1381 880 1572 915 trahebant,
1597 886 1633 911 ut
1655 881 1790 911 divisim
1811 891 1910 920 super
1934 883 2061 920 prefata
2084 883 2251 912 sententia
2273 892 2390 921 supra-

1381 933 1478 963 dictis
1494 934 1690 972 presbiteris
1713 935 1943 973 responderet;
1965 940 1995 965 et
2016 936 2094 974 quia
2115 935 2263 974 ejusdem
2279 935 2391 965 archi-

1381 986 1512 1016 diaconi
1528 992 1721 1025 procurator
1741 996 1850 1017 coram
1864 987 1912 1017 eis
1929 987 2129 1026 respondere
2147 987 2289 1022 nolebat,
2306 988 2394 1018 sicut

1381 1049 1441 1070 nec
1458 1041 1753 1070 etiamtenebatnr.
1771 1041 1805 1070 in
1821 1041 2092 1071 archidiaconum
2109 1042 2228 1079 ipsum,
2242 1041 2277 1071 in
2294 1051 2393 1080 quem

1382 1093 1507 1123 nullam
1527 1093 1694 1124 habebant
1706 1094 1986 1133 jurisdictionem,
2005 1094 2043 1124 de
2061 1095 2157 1130 sacto,
2177 1103 2251 1124 cum
2267 1095 2305 1125 de
2318 1095 2394 1134 jure

1382 1155 1446 1176 non
1465 1152 1613 1185 possent,
1639 1147 1871 1185 suspensionis
1894 1152 1924 1177 et
1947 1148 2300 1178 excommunicationis
2317 1157 2392 1178 sen-

1383 1200 1503 1230 tentias
1521 1200 1754 1230 fulminarunt.
1773 1201 1882 1237 Quare
1903 1201 1990 1230 idem
2011 1201 2266 1231 archidiaconus
2282 1201 2395 1231 hurni-

1382 1253 1458 1283 liter
1475 1253 1654 1291 postulavit
1672 1253 1737 1283 sibi
1757 1263 1856 1292 super
1872 1253 1938 1283 hiis
1956 1263 2012 1292 per
2031 1254 2148 1284 Sedem
2170 1254 2393 1293 Apostolicam

1383 1307 1559 1344 provideri.
1589 1307 1751 1344 Quocirca
1776 1307 1972 1337 mandamus
2003 1312 2178 1346 quatenus,
2205 1309 2234 1338 si
2259 1314 2309 1338 est
2336 1309 2394 1340 ita.

1383 1360 1567 1390 sententias
1586 1360 1748 1390 dictorum
1772 1360 1901 1390 abbatis
1925 1365 1956 1390 et
1979 1361 2109 1399 prioris,
2135 1366 2165 1391 et
2190 1362 2218 1391 si
2237 1362 2318 1400 quid
2339 1371 2397 1400 per

1383 1414 1451 1443 eos¹
1464 1414 1671 1451 postmodum
1685 1414 1793 1444 extitit
1803 1419 2041 1453 attemptatum,
2058 1415 2252 1445 nuntiantes
2263 1415 2396 1454 penitus

1385 1476 1449 1496 non
1474 1466 1598 1502 valere,
1623 1472 1732 1505 partes
1761 1467 1800 1496 ad
1826 1468 2016 1497 eorumdem
2041 1467 2158 1497 decani
2182 1468 2294 1498 Sancti
2316 1469 2397 1499 Ger-

1385 1520 1475 1549 mani
1492 1525 1521 1550 et
1539 1520 1741 1558 collegarum
1764 1521 1834 1559 ejus
1859 1521 2038 1551 remittatis
2065 1529 2212 1556 examen,
2235 1521 2396 1552 facientes

1386 1574 1581 1603 auctoritate
1599 1578 1712 1603 nostra
1731 1574 1892 1611 prefatam
1912 1583 2026 1603 eorum
2044 1574 2397 1604 excommunicationis

1386 1627 1602 1656 sententiam.
1621 1627 1707 1656 sicut
1728 1627 1973 1656 rationabiliter
1996 1631 2043 1656 est
2065 1626 2204 1664 prolata,
2234 1636 2339 1666 usque
2359 1627 2399 1657 ad

1387 1680 1650 1710 satisfactionem
1676 1680 1873 1717 condignam
1895 1697 1933 1700 —
1958 1679 2146 1715 observari3
2173 1679 2333 1719 alioquin.
2362 1689 2401 1710 ea

1387 1733 1481 1762 irrita
1499 1733 1663 1767 nuntiata,
1682 1738 1791 1771 partes
1815 1733 1855 1762 ad
1880 1733 2064 1771 sepedictos
2087 1733 2239 1763 abbatem
2258 1738 2288 1763 et
2311 1734 2400 1772 prio-

1388 1795 1456 1815 rem
1479 1786 1687 1816 remittentes
1706 1786 1849 1822 easdem,
1875 1795 2066 1824 processum
2090 1795 2215 1821 eorum,
2243 1787 2329 1816 sicut
2351 1792 2402 1817 est

1387 1839 1571 1877 legitimus,
1611 1839 1780 1869 observari
1816 1857 1854 1861 —-
1883 1839 2030 1874 faciatis,
2069 1839 2326 1879 impe[trantem]
2364 1840 2399 1869 in

1388 1892 1565 1931 ex[pensis]
1596 1892 1781 1932 le[gitimis]
1808 1893 2135 1933 condemp[nantes];
2162 1893 2400 1923 constitutione

1389 1946 1427 1975 de
1447 1946 1575 1975 duabus
1592 1946 1690 1975 dietis
1710 1946 1795 1985 [etc.,
1815 1955 1919 1984 usque
1936 1945 1956 1985 2]
1974 1946 2149 1976 dummodo
2165 1946 2253 1976 ultra
2269 1947 2398 1976 tertiam

1389 1999 1440 2029 vel
1461 2004 1612 2038 quartam
1637 1999 1785 2039 al[iquis]
1806 2000 1894 2036 [et-c.,
1920 1991 2068 2038 usque'2]
2089 2008 2153 2029 non
2177 1999 2328 2029 trahatur
2350 2017 2397 2029 -—.

1390 2053 1462 2082 Dat.
1482 2053 1648 2082 Laterani.
1669 2054 1717 2083 III
1734 2053 1808 2082 idus
1821 2053 1910 2092 julii,
1930 2062 2016 2083 anno
2033 2053 2292 2092 quartodecimo.
2313 2066 2324 2079 n

1461 2252 1583 2280 528ss
1952 2253 2072 2285 Latran,
2088 2253 2121 2280 18
2137 2254 2236 2287 juillet
2250 2254 2327 2280 1240.

1426 2315 1584 2350 Episcopos
1618 2324 1668 2350 per
1698 2316 1862 2342 marchiam
1890 2317 2110 2343 Anconitanam
2147 2317 2321 2344 constitutos
2356 2327 2401 2344 re-

1392 2364 1549 2398 prehendit
1565 2365 1640 2398 quod
1663 2365 1837 2392 mandatum
1855 2374 1940 2392 suum
1962 2374 2049 2400 super
2069 2365 2262 2393 distinctione
2283 2366 2403 2393 habitus

1391 2413 1590 2440 Eremitarum
1613 2413 1712 2440 fratris
1728 2414 1872 2441 Johannis
1889 2414 1976 2446 Boni,
1994 2414 2107 2441 ordinis
2122 2415 2218 2441 sancti
2232 2415 2401 2449 Augustini,

1391 2462 1427 2488 ab
1444 2462 1547 2488 habitu
1567 2463 1692 2489 fratrum
1711 2462 1874 2492 Minorum.
1894 2463 2014 2497 exsequi
2029 2463 2198 2495 omiserint,
2220 2464 2261 2490 eis
2280 2464 2402 2491 mandat

1392 2513 1535 2543 quatenus
1554 2510 1590 2536 ad
1607 2510 1825 2537 exsecutionem
1850 2511 1982 2544 ejusdem
2001 2511 2134 2538 mandati
2158 2511 2222 2537 sine
2244 2520 2324 2538 mora
2339 2520 2402 2546 pro-

1391 2559 1507 2585 cedant.
1526 2573 1557 2577 —
1576 2559 1663 2589 (Περ.
1680 2559 1724 2591 20,
1742 2560 1762 2585 f.
1779 2559 1813 2585 22
1829 2562 1868 2591 r·;
1892 2568 1961 2586 ann.
1980 2559 2062 2591 XIV,
2085 2568 2109 2586 c.
2128 2559 2195 2591 126;
2216 2575 2247 2578 —
2269 2559 2402 2587 Mommu

1393 2608 1470 2640 1193,
1484 2609 1503 2634 t.
1519 2608 1569 2640 78,
1589 2623 1619 2626 —
1638 2608 1794 2635 Pomusr
1810 2608 1912 2639 10917:
1931 2623 1962 2627 ——
1979 2610 2016 2635 cf.
2035 2616 2131 2640 supra,
2145 2612 2173 2634 n⁰
2188 2609 2282 2640 5122.)

1434 2736 1446 2749 (ι
1482 2724 1636 2761 Εριῗεεορίε
1669 2733 1723 2761 per
1750 2725 1975 2753 Anconitanam
2011 2725 2185 2753 marchiam
2217 2725 2402 2753 constitutis.

1392 2777 1580 2814 Apparente
1601 2777 1723 2806 dudum
1746 2777 1780 2806 in
1804 2794 1852 2807 -—-.
1876 2778 1948 2806 Dat.
1973 2777 2140 2813 Laterani,
2161 2778 2221 2807 XV
2243 2777 2403 2808 kalendas

1393 2830 1536 2867 augusti,
1558 2839 1645 2860 anno
1662 2829 1920 2868 quartodecimo.
1942 2842 1954 2856 ›>

1426 2964 1446 2986 t.
1465 2964 1519 2991 Sic,
1535 2964 1670 2994 peut-etre
1687 2970 1756 2993 pour
1774 2969 1829 2986 eas.
