<?xml version="1.0" encoding="UTF-8"?>
<!DOCTYPE html PUBLIC "-//W3C//DTD XHTML 1.0 Transitional//EN"
    "http://www.w3.org/TR/xhtml1/DTD/xhtml1-transitional.dtd">
<html xmlns="http://www.w3.org/1999/xhtml" xml:lang="en" lang="en">
 <head>
  <title>
</title>
<meta http-equiv="Content-Type" content="text/html;charset=utf-8" />
  <meta name='ocr-system' content='tesseract 3.04.00' />
  <meta name='ocr-capabilities' content='ocr_page ocr_carea ocr_par ocr_line ocrx_word'/>
</head>
<body>
  <div class='ocr_page' id='page_1' title='image "./lesregistresdegr03cathuoft_0152.png"; bbox 0 0 2553 3526; ppageno 0'>
   <div class='ocr_carea' id='block_1_1' title="bbox 281 268 2382 315">
    <p class='ocr_par' dir='ltr' id='par_1_1' title="bbox 281 268 2382 315">
     <span class='ocr_line' id='line_1_1' title="bbox 281 268 2382 315; baseline -0 -6"><span class='ocrx_word' id='word_1_1' title='bbox 281 285 338 315; x_wconf 65' lang='lat'>&lt;233</span> <span class='ocrx_word' id='word_1_2' title='bbox 1009 277 1248 310; x_wconf 73' lang='lat' dir='ltr'>REGIsTREs</span> <span class='ocrx_word' id='word_1_3' title='bbox 1270 276 1325 305; x_wconf 82' lang='lat' dir='ltr'>DE</span> <span class='ocrx_word' id='word_1_4' title='bbox 1351 268 1573 306; x_wconf 80' lang='lat' dir='ltr'>GREGOIRE</span> <span class='ocrx_word' id='word_1_5' title='bbox 1598 278 1654 307; x_wconf 80' lang='lat' dir='ltr'>ix.</span> <span class='ocrx_word' id='word_1_6' title='bbox 2326 279 2382 308; x_wconf 64' lang='lat'>*284</span> 
     </span>
    </p>
   </div>
   <div class='ocr_carea' id='block_1_2' title="bbox 282 345 1300 1292">
    <p class='ocr_par' dir='ltr' id='par_1_2' title="bbox 282 345 1300 1292">
     <span class='ocr_line' id='line_1_2' title="bbox 282 345 1289 391; baseline -0.012 -8"><span class='ocrx_word' id='word_1_7' title='bbox 282 353 430 391; x_wconf 68' lang='lat' dir='ltr'>speciali,</span> <span class='ocrx_word' id='word_1_8' title='bbox 450 353 495 381; x_wconf 82' lang='lat' dir='ltr'>ita</span> <span class='ocrx_word' id='word_1_9' title='bbox 521 356 555 381; x_wconf 88' lang='lat' dir='ltr'>ut</span> <span class='ocrx_word' id='word_1_10' title='bbox 571 351 659 380; x_wconf 90' lang='lat' dir='ltr'>idem</span> <span class='ocrx_word' id='word_1_11' title='bbox 675 351 726 385; x_wconf 76' lang='lat' dir='ltr'>G.‚</span> <span class='ocrx_word' id='word_1_12' title='bbox 746 349 872 379; x_wconf 85' lang='lat' dir='ltr'>ratione</span> <span class='ocrx_word' id='word_1_13' title='bbox 894 352 1101 386; x_wconf 72' lang='lat' dir='ltr'>personatus,</span> <span class='ocrx_word' id='word_1_14' title='bbox 1119 345 1200 374; x_wconf 82' lang='lat' dir='ltr'>duas</span> <span class='ocrx_word' id='word_1_15' title='bbox 1219 352 1289 381; x_wconf 87' lang='lat' dir='ltr'>par-</span> 
     </span>
     <span class='ocr_line' id='line_1_3' title="bbox 284 396 1289 443; baseline -0.011 -7"><span class='ocrx_word' id='word_1_16' title='bbox 284 411 331 436; x_wconf 83' lang='lat' dir='ltr'>tes</span> <span class='ocrx_word' id='word_1_17' title='bbox 343 405 491 435; x_wconf 88' lang='lat' dir='ltr'>omnium</span> <span class='ocrx_word' id='word_1_18' title='bbox 505 408 722 443; x_wconf 77' lang='lat' dir='ltr'>proventuum</span> <span class='ocrx_word' id='word_1_19' title='bbox 736 407 765 431; x_wconf 86' lang='lat' dir='ltr'>et</span> <span class='ocrx_word' id='word_1_20' title='bbox 783 401 1018 431; x_wconf 77' lang='lat' dir='ltr'>obventionum</span> <span class='ocrx_word' id='word_1_21' title='bbox 1033 399 1138 437; x_wconf 88' lang='lat' dir='ltr'>ipsius</span> <span class='ocrx_word' id='word_1_22' title='bbox 1152 396 1289 427; x_wconf 78' lang='lat' dir='ltr'>ecclesie</span> 
     </span>
     <span class='ocr_line' id='line_1_4' title="bbox 283 450 1290 498; baseline -0.012 -9"><span class='ocrx_word' id='word_1_23' title='bbox 283 459 453 498; x_wconf 82' lang='lat' dir='ltr'>percipiat.</span> <span class='ocrx_word' id='word_1_24' title='bbox 473 457 580 487; x_wconf 88' lang='lat' dir='ltr'>dictus</span> <span class='ocrx_word' id='word_1_25' title='bbox 603 465 677 486; x_wconf 83' lang='lat' dir='ltr'>vero</span> <span class='ocrx_word' id='word_1_26' title='bbox 695 457 732 485; x_wconf 88' lang='lat' dir='ltr'>D.</span> <span class='ocrx_word' id='word_1_27' title='bbox 757 455 898 488; x_wconf 73' lang='lat' dir='ltr'>tertiam,</span> <span class='ocrx_word' id='word_1_28' title='bbox 917 453 1049 482; x_wconf 80' lang='lat' dir='ltr'>nomine</span> <span class='ocrx_word' id='word_1_29' title='bbox 1066 450 1189 480; x_wconf 82' lang='lat' dir='ltr'>vicarie</span> <span class='ocrx_word' id='word_1_30' title='bbox 1208 459 1213 477; x_wconf 88' lang='lat'>:</span> <span class='ocrx_word' id='word_1_31' title='bbox 1235 457 1290 478; x_wconf 84' lang='lat' dir='ltr'>vo-</span> 
     </span>
     <span class='ocr_line' id='line_1_5' title="bbox 283 501 1292 548; baseline -0.011 -6"><span class='ocrx_word' id='word_1_32' title='bbox 283 512 389 542; x_wconf 87' lang='lat' dir='ltr'>lentes</span> <span class='ocrx_word' id='word_1_33' title='bbox 413 515 448 540; x_wconf 85' lang='lat' dir='ltr'>ut</span> <span class='ocrx_word' id='word_1_34' title='bbox 474 509 663 548; x_wconf 85' lang='lat' dir='ltr'>hujusmodi</span> <span class='ocrx_word' id='word_1_35' title='bbox 687 507 831 546; x_wconf 76' lang='lat' dir='ltr'>provisio</span> <span class='ocrx_word' id='word_1_36' title='bbox 854 515 918 536; x_wconf 92' lang='lat' dir='ltr'>non</span> <span class='ocrx_word' id='word_1_37' title='bbox 948 505 1054 535; x_wconf 87' lang='lat' dir='ltr'>solnm</span> <span class='ocrx_word' id='word_1_38' title='bbox 1080 504 1122 533; x_wconf 86' lang='lat' dir='ltr'>sit</span> <span class='ocrx_word' id='word_1_39' title='bbox 1143 504 1202 537; x_wconf 78' lang='lat' dir='ltr'>eis,</span> <span class='ocrx_word' id='word_1_40' title='bbox 1235 501 1292 532; x_wconf 87' lang='lat' dir='ltr'>sed</span> 
     </span>
     <span class='ocr_line' id='line_1_6' title="bbox 284 555 1293 599; baseline -0.01 -6"><span class='ocrx_word' id='word_1_41' title='bbox 284 565 401 594; x_wconf 85' lang='lat' dir='ltr'>etiam.</span> <span class='ocrx_word' id='word_1_42' title='bbox 430 564 620 592; x_wconf 82' lang='lat' dir='ltr'>interventu</span> <span class='ocrx_word' id='word_1_43' title='bbox 646 562 811 599; x_wconf 85' lang='lat' dir='ltr'>ipsorum.</span> <span class='ocrx_word' id='word_1_44' title='bbox 842 564 951 589; x_wconf 82' lang='lat' dir='ltr'>vestro</span> <span class='ocrx_word' id='word_1_45' title='bbox 979 556 1180 587; x_wconf 85' lang='lat' dir='ltr'>monasterio</span> <span class='ocrx_word' id='word_1_46' title='bbox 1203 555 1293 584; x_wconf 86' lang='lat' dir='ltr'>fruc-</span> 
     </span>
     <span class='ocr_line' id='line_1_7' title="bbox 284 608 1292 650; baseline -0.011 -3"><span class='ocrx_word' id='word_1_47' title='bbox 284 622 390 647; x_wconf 84' lang='lat' dir='ltr'>tuosa.</span> <span class='ocrx_word' id='word_1_48' title='bbox 410 615 589 646; x_wconf 87' lang='lat' dir='ltr'>eorundem</span> <span class='ocrx_word' id='word_1_49' title='bbox 615 619 643 643; x_wconf 86' lang='lat' dir='ltr'>et</span> <span class='ocrx_word' id='word_1_50' title='bbox 666 613 785 643; x_wconf 85' lang='lat' dir='ltr'>vestris</span> <span class='ocrx_word' id='word_1_51' title='bbox 807 610 1106 650; x_wconf 77' lang='lat' dir='ltr'>supplicationibus</span> <span class='ocrx_word' id='word_1_52' title='bbox 1127 608 1292 641; x_wconf 67' lang='lat' dir='ltr'>inclinati,</span> 
     </span>
     <span class='ocr_line' id='line_1_8' title="bbox 284 665 1294 705; baseline -0.01 -5"><span class='ocrx_word' id='word_1_53' title='bbox 284 670 479 700; x_wconf 81' lang='lat' dir='ltr'>auctoritate</span> <span class='ocrx_word' id='word_1_54' title='bbox 499 668 591 697; x_wconf 79' lang='lat' dir='ltr'>vobis</span> <span class='ocrx_word' id='word_1_55' title='bbox 613 667 817 705; x_wconf 85' lang='lat' dir='ltr'>presentium</span> <span class='ocrx_word' id='word_1_56' title='bbox 836 665 1048 702; x_wconf 76' lang='lat' dir='ltr'>indulgemus</span> <span class='ocrx_word' id='word_1_57' title='bbox 1064 668 1109 698; x_wconf 71' lang='lat' dir='ltr'>ut,</span> <span class='ocrx_word' id='word_1_58' title='bbox 1130 671 1205 692; x_wconf 80' lang='lat' dir='ltr'>cum</span> <span class='ocrx_word' id='word_1_59' title='bbox 1220 670 1294 699; x_wconf 85' lang='lat' dir='ltr'>pre-</span> 
     </span>
     <span class='ocr_line' id='line_1_9' title="bbox 285 715 1294 756; baseline -0.009 -4"><span class='ocrx_word' id='word_1_60' title='bbox 285 723 405 752; x_wconf 78' lang='lat' dir='ltr'>dictam</span> <span class='ocrx_word' id='word_1_61' title='bbox 429 721 602 752; x_wconf 85' lang='lat' dir='ltr'>ecclesiam</span> <span class='ocrx_word' id='word_1_62' title='bbox 631 729 746 749; x_wconf 80' lang='lat' dir='ltr'>vacare</span> <span class='ocrx_word' id='word_1_63' title='bbox 772 718 956 756; x_wconf 75' lang='lat' dir='ltr'>contigerit.</span> <span class='ocrx_word' id='word_1_64' title='bbox 989 725 1061 747; x_wconf 83' lang='lat' dir='ltr'>eam</span> <span class='ocrx_word' id='word_1_65' title='bbox 1083 717 1118 745; x_wconf 90' lang='lat' dir='ltr'>in</span> <span class='ocrx_word' id='word_1_66' title='bbox 1146 715 1294 754; x_wconf 88' lang='lat' dir='ltr'>proprios</span> 
     </span>
     <span class='ocr_line' id='line_1_10' title="bbox 286 767 1297 809; baseline -0.01 -3"><span class='ocrx_word' id='word_1_67' title='bbox 286 785 366 806; x_wconf 82' lang='lat' dir='ltr'>usus</span> <span class='ocrx_word' id='word_1_68' title='bbox 382 780 582 809; x_wconf 62' lang='lat' dir='ltr'>convertere,</span> <span class='ocrx_word' id='word_1_69' title='bbox 603 783 639 803; x_wconf 85' lang='lat' dir='ltr'>ac</span> <span class='ocrx_word' id='word_1_70' title='bbox 657 773 851 802; x_wconf 81' lang='lat' dir='ltr'>auctoritate</span> <span class='ocrx_word' id='word_1_71' title='bbox 866 776 978 801; x_wconf 83' lang='lat' dir='ltr'>nostra</span> <span class='ocrx_word' id='word_1_72' title='bbox 994 770 1100 808; x_wconf 86' lang='lat' dir='ltr'>ipsius</span> <span class='ocrx_word' id='word_1_73' title='bbox 1116 767 1297 807; x_wconf 74' lang='lat' dir='ltr'>possessio-</span> 
     </span>
     <span class='ocr_line' id='line_1_11' title="bbox 288 820 1296 865; baseline -0.009 -7"><span class='ocrx_word' id='word_1_74' title='bbox 288 838 363 859; x_wconf 87' lang='lat' dir='ltr'>nem</span> <span class='ocrx_word' id='word_1_75' title='bbox 381 828 511 865; x_wconf 70' lang='lat' dir='ltr'>ingredi</span> <span class='ocrx_word' id='word_1_76' title='bbox 531 832 561 857; x_wconf 89' lang='lat' dir='ltr'>et</span> <span class='ocrx_word' id='word_1_77' title='bbox 575 827 673 857; x_wconf 84' lang='lat' dir='ltr'>etiam</span> <span class='ocrx_word' id='word_1_78' title='bbox 691 826 846 855; x_wconf 81' lang='lat' dir='ltr'>retinere.</span> <span class='ocrx_word' id='word_1_79' title='bbox 866 833 929 853; x_wconf 89' lang='lat' dir='ltr'>non</span> <span class='ocrx_word' id='word_1_80' title='bbox 946 823 1098 853; x_wconf 86' lang='lat' dir='ltr'>obstante</span> <span class='ocrx_word' id='word_1_81' title='bbox 1115 820 1296 851; x_wconf 84' lang='lat' dir='ltr'>cont-radic-</span> 
     </span>
     <span class='ocr_line' id='line_1_12' title="bbox 287 873 1297 920; baseline -0.01 -8"><span class='ocrx_word' id='word_1_82' title='bbox 287 883 375 912; x_wconf 87' lang='lat' dir='ltr'>tione</span> <span class='ocrx_word' id='word_1_83' title='bbox 393 881 515 920; x_wconf 86' lang='lat' dir='ltr'>aliqua.</span> <span class='ocrx_word' id='word_1_84' title='bbox 541 880 645 909; x_wconf 83' lang='lat' dir='ltr'>libere</span> <span class='ocrx_word' id='word_1_85' title='bbox 669 879 819 909; x_wconf 84' lang='lat' dir='ltr'>valeatis.</span> <span class='ocrx_word' id='word_1_86' title='bbox 843 877 1012 915; x_wconf 74' lang='lat' dir='ltr'>assignata</span> <span class='ocrx_word' id='word_1_87' title='bbox 1037 880 1146 905; x_wconf 81' lang='lat' dir='ltr'>tamen</span> <span class='ocrx_word' id='word_1_88' title='bbox 1173 873 1297 903; x_wconf 85' lang='lat' dir='ltr'>vicario</span> 
     </span>
     <span class='ocr_line' id='line_1_13' title="bbox 287 926 1297 974; baseline -0.009 -10"><span class='ocrx_word' id='word_1_89' title='bbox 287 935 344 974; x_wconf 85' lang='lat' dir='ltr'>qui</span> <span class='ocrx_word' id='word_1_90' title='bbox 363 944 420 973; x_wconf 91' lang='lat' dir='ltr'>pro</span> <span class='ocrx_word' id='word_1_91' title='bbox 438 939 583 972; x_wconf 85' lang='lat' dir='ltr'>tempore</span> <span class='ocrx_word' id='word_1_92' title='bbox 607 932 803 963; x_wconf 85' lang='lat' dir='ltr'>deservierit</span> <span class='ocrx_word' id='word_1_93' title='bbox 825 931 858 960; x_wconf 97' lang='grc'>111</span> <span class='ocrx_word' id='word_1_94' title='bbox 880 930 1005 960; x_wconf 86' lang='lat' dir='ltr'>eadem.</span> <span class='ocrx_word' id='word_1_95' title='bbox 1027 929 1064 958; x_wconf 84' lang='lat' dir='ltr'>de</span> <span class='ocrx_word' id='word_1_96' title='bbox 1082 926 1297 966; x_wconf 82' lang='lat' dir='ltr'>proventibus</span> 
     </span>
     <span class='ocr_line' id='line_1_14' title="bbox 287 979 1298 1028; baseline -0.01 -10"><span class='ocrx_word' id='word_1_97' title='bbox 287 988 436 1028; x_wconf 84' lang='lat' dir='ltr'>ejusdem</span> <span class='ocrx_word' id='word_1_98' title='bbox 463 986 613 1017; x_wconf 77' lang='lat' dir='ltr'>ecclesie.</span> <span class='ocrx_word' id='word_1_99' title='bbox 644 985 804 1023; x_wconf 83' lang='lat' dir='ltr'>portione,</span> <span class='ocrx_word' id='word_1_100' title='bbox 833 983 919 1013; x_wconf 88' lang='lat' dir='ltr'>unde</span> <span class='ocrx_word' id='word_1_101' title='bbox 947 990 1091 1020; x_wconf 74' lang='lat' dir='ltr'>congrue</span> <span class='ocrx_word' id='word_1_102' title='bbox 1117 979 1298 1011; x_wconf 86' lang='lat' dir='ltr'>sustentari</span> 
     </span>
     <span class='ocr_line' id='line_1_15' title="bbox 288 1033 1299 1078; baseline -0.008 -9"><span class='ocrx_word' id='word_1_103' title='bbox 288 1041 406 1075; x_wconf 83' lang='lat' dir='ltr'>valeat,</span> <span class='ocrx_word' id='word_1_104' title='bbox 427 1044 457 1070; x_wconf 89' lang='lat' dir='ltr'>et</span> <span class='ocrx_word' id='word_1_105' title='bbox 475 1040 551 1078; x_wconf 84' lang='lat' dir='ltr'>jura</span> <span class='ocrx_word' id='word_1_106' title='bbox 572 1037 772 1077; x_wconf 81' lang='lat' dir='ltr'>episcopalia</span> <span class='ocrx_word' id='word_1_107' title='bbox 789 1036 915 1066; x_wconf 76' lang='lat' dir='ltr'>solvere</span> <span class='ocrx_word' id='word_1_108' title='bbox 933 1044 969 1065; x_wconf 83' lang='grc'>30</span> <span class='ocrx_word' id='word_1_109' title='bbox 985 1035 1050 1064; x_wconf 83' lang='grc'><strong>3113</strong></span> <span class='ocrx_word' id='word_1_110' title='bbox 1069 1033 1207 1063; x_wconf 79' lang='lat' dir='ltr'>ecclesie</span> <span class='ocrx_word' id='word_1_111' title='bbox 1224 1041 1299 1070; x_wconf 87' lang='lat' dir='ltr'>pre-</span> 
     </span>
     <span class='ocr_line' id='line_1_16' title="bbox 288 1085 1299 1130; baseline -0.01 -6"><span class='ocrx_word' id='word_1_112' title='bbox 288 1095 354 1124; x_wconf 82' lang='lat' dir='ltr'>fate</span> <span class='ocrx_word' id='word_1_113' title='bbox 371 1102 472 1123; x_wconf 84' lang='lat' dir='ltr'>onera</span> <span class='ocrx_word' id='word_1_114' title='bbox 486 1096 694 1130; x_wconf 65' lang='lat' dir='ltr'>supportare,</span> <span class='ocrx_word' id='word_1_115' title='bbox 714 1090 803 1120; x_wconf 84' lang='lat' dir='ltr'>salva</span> <span class='ocrx_word' id='word_1_116' title='bbox 820 1089 965 1128; x_wconf 89' lang='lat' dir='ltr'>predicto</span> <span class='ocrx_word' id='word_1_117' title='bbox 986 1089 1044 1118; x_wconf 89' lang='lat' dir='ltr'>D..</span> <span class='ocrx_word' id='word_1_118' title='bbox 1067 1087 1144 1117; x_wconf 89' lang='lat' dir='ltr'>dum</span> <span class='ocrx_word' id='word_1_119' title='bbox 1161 1085 1299 1116; x_wconf 85' lang='lat' dir='ltr'>eandem</span> 
     </span>
     <span class='ocr_line' id='line_1_17' title="bbox 289 1139 1299 1182; baseline -0.01 -5"><span class='ocrx_word' id='word_1_120' title='bbox 289 1147 471 1178; x_wconf 85' lang='lat' dir='ltr'>obtinuerit</span> <span class='ocrx_word' id='word_1_121' title='bbox 494 1145 663 1180; x_wconf 72' lang='lat' dir='ltr'>vicariam,</span> <span class='ocrx_word' id='word_1_122' title='bbox 689 1144 839 1182; x_wconf 82' lang='lat' dir='ltr'>portione</span> <span class='ocrx_word' id='word_1_123' title='bbox 862 1151 960 1181; x_wconf 82' lang='lat' dir='ltr'>quam</span> <span class='ocrx_word' id='word_1_124' title='bbox 981 1141 1045 1171; x_wconf 82' lang='lat' dir='ltr'>sibi</span> <span class='ocrx_word' id='word_1_125' title='bbox 1068 1141 1105 1170; x_wconf 88' lang='lat' dir='ltr'>de</span> <span class='ocrx_word' id='word_1_126' title='bbox 1127 1139 1210 1178; x_wconf 88' lang='lat' dir='ltr'>ipsis</span> <span class='ocrx_word' id='word_1_127' title='bbox 1228 1147 1299 1176; x_wconf 90' lang='lat' dir='ltr'>pro-</span> 
     </span>
     <span class='ocr_line' id='line_1_18' title="bbox 290 1192 1300 1235; baseline -0.01 -5"><span class='ocrx_word' id='word_1_128' title='bbox 290 1200 444 1230; x_wconf 85' lang='lat' dir='ltr'>ventibus</span> <span class='ocrx_word' id='word_1_129' title='bbox 470 1199 624 1229; x_wconf 79' lang='lat' dir='ltr'>duximus</span> <span class='ocrx_word' id='word_1_130' title='bbox 646 1197 882 1235; x_wconf 76' lang='lat' dir='ltr'>assignandam</span> <span class='ocrx_word' id='word_1_131' title='bbox 903 1213 951 1224; x_wconf 90' lang='lat'>—.</span> <span class='ocrx_word' id='word_1_132' title='bbox 978 1196 1051 1224; x_wconf 88' lang='lat' dir='ltr'>Dat.</span> <span class='ocrx_word' id='word_1_133' title='bbox 1082 1192 1248 1227; x_wconf 74' lang='lat' dir='ltr'>Laterani,</span> <span class='ocrx_word' id='word_1_134' title='bbox 1272 1192 1300 1220; x_wconf 72' lang='lat' dir='ltr'>V</span> 
     </span>
     <span class='ocr_line' id='line_1_19' title="bbox 290 1251 884 1292; baseline -0.008 -9"><span class='ocrx_word' id='word_1_135' title='bbox 290 1254 364 1283; x_wconf 86' lang='lat' dir='ltr'>idus</span> <span class='ocrx_word' id='word_1_136' title='bbox 378 1253 466 1292; x_wconf 73' lang='lat' dir='ltr'>julii,</span> <span class='ocrx_word' id='word_1_137' title='bbox 488 1261 574 1282; x_wconf 86' lang='lat' dir='ltr'>anno</span> <span class='ocrx_word' id='word_1_138' title='bbox 592 1251 851 1290; x_wconf 82' lang='lat' dir='ltr'>quartodecimo.</span> <span class='ocrx_word' id='word_1_139' title='bbox 873 1262 884 1275; x_wconf 67' lang='lat'>&gt;³</span> 
     </span>
    </p>
   </div>
   <div class='ocr_carea' id='block_1_3' title="bbox 361 1440 477 1468">
    <p class='ocr_par' dir='ltr' id='par_1_3' title="bbox 361 1440 477 1468">
     <span class='ocr_line' id='line_1_20' title="bbox 361 1440 477 1468; baseline -0.009 -1"><span class='ocrx_word' id='word_1_140' title='bbox 361 1440 477 1468; x_wconf 72' lang='grc'><strong>5251</strong></span> 
     </span>
    </p>
   </div>
   <div class='ocr_carea' id='block_1_4' title="bbox 327 1495 1300 1536">
    <p class='ocr_par' dir='ltr' id='par_1_4' title="bbox 327 1495 1300 1536">
     <span class='ocr_line' id='line_1_21' title="bbox 327 1495 1300 1536; baseline -0.008 -8"><span class='ocrx_word' id='word_1_141' title='bbox 327 1501 471 1536; x_wconf 80' lang='lat' dir='ltr'>Episcopo</span> <span class='ocrx_word' id='word_1_142' title='bbox 484 1501 660 1528; x_wconf 82' lang='lat' dir='ltr'>Placentino</span> <span class='ocrx_word' id='word_1_143' title='bbox 673 1500 795 1526; x_wconf 87' lang='lat' dir='ltr'>mandat</span> <span class='ocrx_word' id='word_1_144' title='bbox 811 1502 955 1532; x_wconf 85' lang='lat' dir='ltr'>quatenus</span> <span class='ocrx_word' id='word_1_145' title='bbox 969 1497 1005 1524; x_wconf 87' lang='lat' dir='ltr'>ad</span> <span class='ocrx_word' id='word_1_146' title='bbox 1021 1496 1236 1530; x_wconf 84' lang='lat' dir='ltr'>depositionem</span> <span class='ocrx_word' id='word_1_147' title='bbox 1254 1495 1300 1523; x_wconf 63' lang='lat' dir='ltr'>P„</span> 
     </span>
    </p>
   </div>
   <div class='ocr_carea' id='block_1_5' title="bbox 850 1433 1228 1468">
    <p class='ocr_par' dir='ltr' id='par_1_5' title="bbox 850 1433 1228 1468">
     <span class='ocr_line' id='line_1_22' title="bbox 850 1433 1228 1468; baseline -0.011 -5"><span class='ocrx_word' id='word_1_148' title='bbox 850 1437 970 1465; x_wconf 81' lang='lat' dir='ltr'>Latran,</span> <span class='ocrx_word' id='word_1_149' title='bbox 986 1435 1018 1461; x_wconf 84' lang='grc'>12</span> <span class='ocrx_word' id='word_1_150' title='bbox 1034 1435 1133 1468; x_wconf 87' lang='lat' dir='ltr'>juillet</span> <span class='ocrx_word' id='word_1_151' title='bbox 1150 1433 1228 1460; x_wconf 80' lang='grc'><strong>1240.</strong></span> 
     </span>
    </p>
   </div>
   <div class='ocr_carea' id='block_1_6' title="bbox 292 1545 1303 1729">
    <p class='ocr_par' dir='ltr' id='par_1_6' title="bbox 292 1545 1303 1729">
     <span class='ocr_line' id='line_1_23' title="bbox 292 1545 1302 1586; baseline -0.008 -8"><span class='ocrx_word' id='word_1_152' title='bbox 292 1551 468 1586; x_wconf 74' lang='lat' dir='ltr'>presbyteri,</span> <span class='ocrx_word' id='word_1_153' title='bbox 486 1549 680 1577; x_wconf 79' lang='lat' dir='ltr'>Placentinae</span> <span class='ocrx_word' id='word_1_154' title='bbox 697 1548 849 1579; x_wconf 87' lang='lat' dir='ltr'>dioecesis,</span> <span class='ocrx_word' id='word_1_155' title='bbox 861 1547 897 1573; x_wconf 84' lang='lat' dir='ltr'>de</span> <span class='ocrx_word' id='word_1_156' title='bbox 911 1546 1073 1573; x_wconf 81' lang='lat' dir='ltr'>homicidio</span> <span class='ocrx_word' id='word_1_157' title='bbox 1087 1545 1220 1578; x_wconf 76' lang='lat' dir='ltr'>legitime</span> <span class='ocrx_word' id='word_1_158' title='bbox 1235 1552 1302 1570; x_wconf 83' lang='lat' dir='ltr'>con-</span> 
     </span>
     <span class='ocr_line' id='line_1_24' title="bbox 292 1593 1301 1632; baseline -0.008 -6"><span class='ocrx_word' id='word_1_159' title='bbox 292 1600 377 1631; x_wconf 74' lang='lat' dir='ltr'>victi,</span> <span class='ocrx_word' id='word_1_160' title='bbox 396 1614 426 1617; x_wconf 93' lang='lat'><em>-</em></span> <span class='ocrx_word' id='word_1_161' title='bbox 446 1607 519 1632; x_wconf 84' lang='lat' dir='ltr'>quae</span> <span class='ocrx_word' id='word_1_162' title='bbox 538 1598 698 1632; x_wconf 78' lang='lat' dir='ltr'>depositio,</span> <span class='ocrx_word' id='word_1_163' title='bbox 720 1596 903 1631; x_wconf 82' lang='lat' dir='ltr'>impediente</span> <span class='ocrx_word' id='word_1_164' title='bbox 925 1603 1094 1629; x_wconf 72' lang='lat' dir='ltr'>guerrarum</span> <span class='ocrx_word' id='word_1_165' title='bbox 1116 1593 1301 1623; x_wconf 78' lang='lat' dir='ltr'>discrimine,</span> 
     </span>
     <span class='ocr_line' id='line_1_25' title="bbox 293 1643 1303 1682; baseline -0.007 -8"><span class='ocrx_word' id='word_1_166' title='bbox 293 1649 424 1675; x_wconf 88' lang='lat' dir='ltr'>nondum</span> <span class='ocrx_word' id='word_1_167' title='bbox 455 1650 589 1682; x_wconf 83' lang='lat' dir='ltr'>potuerat</span> <span class='ocrx_word' id='word_1_168' title='bbox 619 1646 800 1673; x_wconf 81' lang='lat' dir='ltr'>exsecutioni</span> <span class='ocrx_word' id='word_1_169' title='bbox 833 1645 986 1677; x_wconf 81' lang='lat' dir='ltr'>mandari,</span> <span class='ocrx_word' id='word_1_170' title='bbox 1022 1659 1053 1661; x_wconf 89' lang='grc'>-</span> <span class='ocrx_word' id='word_1_171' title='bbox 1086 1643 1233 1677; x_wconf 87' lang='lat' dir='ltr'>procedat.</span> <span class='ocrx_word' id='word_1_172' title='bbox 1269 1657 1303 1659; x_wconf 97' lang='lat'><strong>—</strong></span> 
     </span>
     <span class='ocr_line' id='line_1_26' title="bbox 293 1690 1256 1729; baseline -0.008 -5"><span class='ocrx_word' id='word_1_173' title='bbox 293 1698 379 1729; x_wconf 66' lang='lat' dir='ltr'>(Res.</span> <span class='ocrx_word' id='word_1_174' title='bbox 396 1696 440 1727; x_wconf 87' lang='grc'>20,</span> <span class='ocrx_word' id='word_1_175' title='bbox 460 1698 478 1722; x_wconf 84' lang='lat' dir='ltr'>f.</span> <span class='ocrx_word' id='word_1_176' title='bbox 495 1696 530 1722; x_wconf 85' lang='grc'>20</span> <span class='ocrx_word' id='word_1_177' title='bbox 545 1699 590 1727; x_wconf 76' lang='lat' dir='ltr'>v⁰;</span> <span class='ocrx_word' id='word_1_178' title='bbox 608 1703 677 1721; x_wconf 84' lang='lat' dir='ltr'>ann.</span> <span class='ocrx_word' id='word_1_179' title='bbox 696 1695 778 1726; x_wconf 78' lang='lat' dir='ltr'>XIV,</span> <span class='ocrx_word' id='word_1_180' title='bbox 796 1704 820 1720; x_wconf 88' lang='grc'>0.</span> <span class='ocrx_word' id='word_1_181' title='bbox 839 1693 904 1725; x_wconf 82' lang='grc'><strong>118;</strong></span> <span class='ocrx_word' id='word_1_182' title='bbox 922 1708 955 1711; x_wconf 30' lang='grc' dir='ltr'><strong><em>β</em></strong></span> <span class='ocrx_word' id='word_1_183' title='bbox 972 1693 1129 1719; x_wconf 72' lang='lat' dir='ltr'>PoTTnAsT</span> <span class='ocrx_word' id='word_1_184' title='bbox 1146 1690 1256 1720; x_wconf 77' lang='grc'><strong>10915.)</strong></span> 
     </span>
    </p>
   </div>
   <div class='ocr_carea' id='block_1_7' title="bbox 293 1806 1304 1902">
    <p class='ocr_par' dir='ltr' id='par_1_7' title="bbox 293 1806 1304 1902">
     <span class='ocr_line' id='line_1_27' title="bbox 335 1806 1304 1850; baseline -0.007 -10"><span class='ocrx_word' id='word_1_185' title='bbox 335 1826 346 1838; x_wconf 87' lang='lat'>«</span> <span class='ocrx_word' id='word_1_186' title='bbox 369 1835 388 1841; x_wconf 85' lang='lat'>..</span> <span class='ocrx_word' id='word_1_187' title='bbox 406 1813 538 1850; x_wconf 73' lang='lat' dir='ltr'>episeopo</span> <span class='ocrx_word' id='word_1_188' title='bbox 559 1811 748 1839; x_wconf 75' lang='lat' dir='ltr'>Placentino.</span> <span class='ocrx_word' id='word_1_189' title='bbox 772 1809 815 1838; x_wconf 81' lang='lat' dir='ltr'>Ex</span> <span class='ocrx_word' id='word_1_190' title='bbox 837 1807 959 1837; x_wconf 82' lang='lat' dir='ltr'>litteris</span> <span class='ocrx_word' id='word_1_191' title='bbox 977 1811 1031 1836; x_wconf 87' lang='lat' dir='ltr'>tue</span> <span class='ocrx_word' id='word_1_192' title='bbox 1047 1825 1096 1834; x_wconf 95' lang='lat'>—.</span> <span class='ocrx_word' id='word_1_193' title='bbox 1115 1807 1187 1835; x_wconf 83' lang='lat' dir='ltr'>Dat.</span> <span class='ocrx_word' id='word_1_194' title='bbox 1208 1806 1304 1834; x_wconf 83' lang='lat' dir='ltr'>Late-</span> 
     </span>
     <span class='ocr_line' id='line_1_28' title="bbox 293 1860 1077 1902; baseline -0.011 -6"><span class='ocrx_word' id='word_1_195' title='bbox 293 1866 376 1896; x_wconf 82' lang='lat' dir='ltr'>rani.</span> <span class='ocrx_word' id='word_1_196' title='bbox 400 1865 467 1895; x_wconf 85' lang='lat' dir='ltr'>IIII</span> <span class='ocrx_word' id='word_1_197' title='bbox 484 1864 558 1893; x_wconf 89' lang='lat' dir='ltr'>idus</span> <span class='ocrx_word' id='word_1_198' title='bbox 572 1863 660 1902; x_wconf 85' lang='lat' dir='ltr'>julii,</span> <span class='ocrx_word' id='word_1_199' title='bbox 680 1871 765 1891; x_wconf 81' lang='lat' dir='ltr'>anno</span> <span class='ocrx_word' id='word_1_200' title='bbox 785 1860 1043 1900; x_wconf 80' lang='lat' dir='ltr'>quartodecimo.</span> <span class='ocrx_word' id='word_1_201' title='bbox 1065 1872 1077 1885; x_wconf 85' lang='lat'>»</span> 
     </span>
    </p>
   </div>
   <div class='ocr_carea' id='block_1_8' title="bbox 364 2051 486 2080">
    <p class='ocr_par' dir='ltr' id='par_1_8' title="bbox 364 2051 486 2080">
     <span class='ocr_line' id='line_1_29' title="bbox 364 2051 486 2080; baseline -0.025 0"><span class='ocrx_word' id='word_1_202' title='bbox 364 2051 486 2080; x_wconf 88' lang='grc'><strong>5252</strong></span> 
     </span>
    </p>
   </div>
   <div class='ocr_carea' id='block_1_9' title="bbox 294 2107 1304 2241">
    <p class='ocr_par' dir='ltr' id='par_1_9' title="bbox 294 2107 1304 2241">
     <span class='ocr_line' id='line_1_30' title="bbox 330 2107 1304 2147; baseline -0.007 -6"><span class='ocrx_word' id='word_1_203' title='bbox 330 2114 439 2141; x_wconf 79' lang='lat' dir='ltr'>Abbati</span> <span class='ocrx_word' id='word_1_204' title='bbox 457 2117 485 2140; x_wconf 85' lang='lat' dir='ltr'>et</span> <span class='ocrx_word' id='word_1_205' title='bbox 502 2113 590 2147; x_wconf 79' lang='lat' dir='ltr'>priori</span> <span class='ocrx_word' id='word_1_206' title='bbox 609 2112 780 2139; x_wconf 84' lang='lat' dir='ltr'>monasterii</span> <span class='ocrx_word' id='word_1_207' title='bbox 794 2110 1013 2138; x_wconf 84' lang='lat' dir='ltr'>Athanaccnsis</span> <span class='ocrx_word' id='word_1_208' title='bbox 1027 2107 1257 2144; x_wconf 71' lang='lat' dir='ltr'>[Lugdunensis]</span> <span class='ocrx_word' id='word_1_209' title='bbox 1276 2112 1304 2134; x_wconf 87' lang='lat' dir='ltr'>et</span> 
     </span>
     <span class='ocr_line' id='line_1_31' title="bbox 294 2160 1303 2194; baseline -0.007 -4"><span class='ocrx_word' id='word_1_210' title='bbox 294 2164 434 2191; x_wconf 81' lang='lat' dir='ltr'>sacristae</span> <span class='ocrx_word' id='word_1_211' title='bbox 452 2162 555 2189; x_wconf 73' lang='lat' dir='ltr'>Sancti</span> <span class='ocrx_word' id='word_1_212' title='bbox 568 2161 653 2188; x_wconf 84' lang='lat' dir='ltr'>Pauli</span> <span class='ocrx_word' id='word_1_213' title='bbox 670 2160 876 2194; x_wconf 68' lang='lat' dir='ltr'>Lugdunensis</span> <span class='ocrx_word' id='word_1_214' title='bbox 890 2160 1009 2186; x_wconf 81' lang='lat' dir='ltr'>mandat</span> <span class='ocrx_word' id='word_1_215' title='bbox 1025 2161 1169 2193; x_wconf 84' lang='lat' dir='ltr'>quatenus</span> <span class='ocrx_word' id='word_1_216' title='bbox 1185 2166 1303 2184; x_wconf 83' lang='lat' dir='ltr'>causam</span> 
     </span>
     <span class='ocr_line' id='line_1_32' title="bbox 295 2207 1303 2241; baseline -0.007 -2"><span class='ocrx_word' id='word_1_217' title='bbox 295 2212 449 2239; x_wconf 80' lang='lat' dir='ltr'>electionis</span> <span class='ocrx_word' id='word_1_218' title='bbox 465 2212 496 2238; x_wconf 92' lang='lat' dir='ltr'>in</span> <span class='ocrx_word' id='word_1_219' title='bbox 513 2210 637 2237; x_wconf 85' lang='lat' dir='ltr'>ecclesia</span> <span class='ocrx_word' id='word_1_220' title='bbox 654 2209 852 2237; x_wconf 85' lang='lat' dir='ltr'>Lausanensi.</span> <span class='ocrx_word' id='word_1_221' title='bbox 875 2223 906 2226; x_wconf 88' lang='lat'>—</span> <span class='ocrx_word' id='word_1_222' title='bbox 928 2208 996 2235; x_wconf 87' lang='lat' dir='ltr'>aliis</span> <span class='ocrx_word' id='word_1_223' title='bbox 1012 2208 1081 2237; x_wconf 59' lang='lat' dir='ltr'>Pir,</span> <span class='ocrx_word' id='word_1_224' title='bbox 1099 2207 1303 2241; x_wconf 88' lang='lat' dir='ltr'>primicerium</span> 
     </span>
    </p>
   </div>
   <div class='ocr_carea' id='block_1_10' title="bbox 845 2046 1231 2081">
    <p class='ocr_par' dir='ltr' id='par_1_10' title="bbox 845 2046 1231 2081">
     <span class='ocr_line' id='line_1_33' title="bbox 845 2046 1231 2081; baseline -0.008 -6"><span class='ocrx_word' id='word_1_225' title='bbox 845 2050 966 2080; x_wconf 84' lang='lat' dir='ltr'>Latran,</span> <span class='ocrx_word' id='word_1_226' title='bbox 988 2048 1022 2074; x_wconf 85' lang='lat'>10</span> <span class='ocrx_word' id='word_1_227' title='bbox 1037 2048 1136 2081; x_wconf 90' lang='lat' dir='ltr'>juillet</span> <span class='ocrx_word' id='word_1_228' title='bbox 1152 2046 1231 2073; x_wconf 75' lang='grc'><strong>1210.</strong></span> 
     </span>
    </p>
   </div>
   <div class='ocr_carea' id='block_1_11' title="bbox 295 2255 1306 2782">
    <p class='ocr_par' dir='ltr' id='par_1_11' title="bbox 295 2255 1306 2782">
     <span class='ocr_line' id='line_1_34' title="bbox 295 2255 1305 2292; baseline -0.007 -3"><span class='ocrx_word' id='word_1_229' title='bbox 295 2263 472 2292; x_wconf 82' lang='lat' dir='ltr'>Metensem,</span> <span class='ocrx_word' id='word_1_230' title='bbox 489 2261 568 2287; x_wconf 87' lang='lat' dir='ltr'>aliis.</span> <span class='ocrx_word' id='word_1_231' title='bbox 585 2260 621 2286; x_wconf 90' lang='lat' dir='ltr'>de</span> <span class='ocrx_word' id='word_1_232' title='bbox 642 2259 765 2286; x_wconf 80' lang='lat' dir='ltr'>consilio</span> <span class='ocrx_word' id='word_1_233' title='bbox 783 2257 998 2292; x_wconf 82' lang='lat' dir='ltr'>archiepiscopi</span> <span class='ocrx_word' id='word_1_234' title='bbox 1016 2256 1170 2283; x_wconf 85' lang='lat' dir='ltr'>Bisuntini</span> <span class='ocrx_word' id='word_1_235' title='bbox 1187 2259 1215 2282; x_wconf 86' lang='lat' dir='ltr'>et</span> <span class='ocrx_word' id='word_1_236' title='bbox 1231 2255 1305 2290; x_wconf 91' lang='lat' dir='ltr'>epis-</span> 
     </span>
     <span class='ocr_line' id='line_1_35' title="bbox 295 2306 1304 2346; baseline -0.009 -7"><span class='ocrx_word' id='word_1_237' title='bbox 295 2312 359 2346; x_wconf 85' lang='lat' dir='ltr'>copi</span> <span class='ocrx_word' id='word_1_238' title='bbox 383 2309 594 2344; x_wconf 78' lang='lat' dir='ltr'>Lingonensis,</span> <span class='ocrx_word' id='word_1_239' title='bbox 621 2309 720 2335; x_wconf 83' lang='lat' dir='ltr'>minus</span> <span class='ocrx_word' id='word_1_240' title='bbox 746 2307 886 2334; x_wconf 83' lang='lat' dir='ltr'>canonice</span> <span class='ocrx_word' id='word_1_241' title='bbox 909 2310 1057 2333; x_wconf 85' lang='lat' dir='ltr'>cantorem</span> <span class='ocrx_word' id='word_1_242' title='bbox 1085 2306 1304 2338; x_wconf 60' lang='lat' dir='ltr'>Lausanensem</span> 
     </span>
     <span class='ocr_line' id='line_1_36' title="bbox 295 2354 1305 2394; baseline -0.008 -7"><span class='ocrx_word' id='word_1_243' title='bbox 295 2360 485 2394; x_wconf 78' lang='lat' dir='ltr'>eligentibus,</span> <span class='ocrx_word' id='word_1_244' title='bbox 503 2373 533 2376; x_wconf 84' lang='lat'>—</span> <span class='ocrx_word' id='word_1_245' title='bbox 551 2358 739 2389; x_wconf 78' lang='lat' dir='ltr'>examinent;</span> <span class='ocrx_word' id='word_1_246' title='bbox 757 2360 816 2383; x_wconf 91' lang='lat' dir='ltr'>tam</span> <span class='ocrx_word' id='word_1_247' title='bbox 835 2356 1009 2382; x_wconf 74' lang='lat' dir='ltr'>electoribus</span> <span class='ocrx_word' id='word_1_248' title='bbox 1026 2363 1114 2389; x_wconf 84' lang='lat' dir='ltr'>quam</span> <span class='ocrx_word' id='word_1_249' title='bbox 1131 2354 1233 2380; x_wconf 85' lang='lat' dir='ltr'>electis</span> <span class='ocrx_word' id='word_1_250' title='bbox 1250 2357 1305 2380; x_wconf 81' lang='lat' dir='ltr'>ter-</span> 
     </span>
     <span class='ocr_line' id='line_1_37' title="bbox 296 2402 1305 2443; baseline -0.008 -7"><span class='ocrx_word' id='word_1_251' title='bbox 296 2410 411 2436; x_wconf 85' lang='lat' dir='ltr'>minum</span> <span class='ocrx_word' id='word_1_252' title='bbox 429 2407 660 2443; x_wconf 90' lang='lat' dir='ltr'>peremptorium</span> <span class='ocrx_word' id='word_1_253' title='bbox 675 2406 837 2439; x_wconf 71' lang='lat' dir='ltr'>assignent,</span> <span class='ocrx_word' id='word_1_254' title='bbox 855 2414 910 2439; x_wconf 76' lang='lat' dir='ltr'>quo</span> <span class='ocrx_word' id='word_1_255' title='bbox 927 2405 983 2438; x_wconf 88' lang='lat' dir='ltr'>ipsi</span> <span class='ocrx_word' id='word_1_256' title='bbox 1000 2404 1087 2430; x_wconf 82' lang='lat' dir='ltr'>electi</span> <span class='ocrx_word' id='word_1_257' title='bbox 1102 2402 1305 2437; x_wconf 75' lang='lat' dir='ltr'>personaliter,</span> 
     </span>
     <span class='ocr_line' id='line_1_38' title="bbox 295 2452 1305 2490; baseline -0.009 -4"><span class='ocrx_word' id='word_1_258' title='bbox 295 2460 434 2486; x_wconf 79' lang='lat' dir='ltr'>electores</span> <span class='ocrx_word' id='word_1_259' title='bbox 451 2465 519 2483; x_wconf 86' lang='lat' dir='ltr'>vero</span> <span class='ocrx_word' id='word_1_260' title='bbox 536 2464 586 2490; x_wconf 91' lang='lat' dir='ltr'>per</span> <span class='ocrx_word' id='word_1_261' title='bbox 602 2460 803 2490; x_wconf 77' lang='lat' dir='ltr'>procuratores</span> <span class='ocrx_word' id='word_1_262' title='bbox 826 2455 944 2481; x_wconf 84' lang='lat' dir='ltr'>idoneos</span> <span class='ocrx_word' id='word_1_263' title='bbox 960 2453 1120 2487; x_wconf 86' lang='lat' dir='ltr'>apostolico</span> <span class='ocrx_word' id='word_1_264' title='bbox 1136 2452 1305 2485; x_wconf 81' lang='lat' dir='ltr'>conspectui</span> 
     </span>
     <span class='ocr_line' id='line_1_39' title="bbox 295 2501 1306 2542; baseline -0.008 -8"><span class='ocrx_word' id='word_1_265' title='bbox 295 2517 325 2534; x_wconf 88' lang='lat' dir='ltr'>se</span> <span class='ocrx_word' id='word_1_266' title='bbox 345 2508 547 2542; x_wconf 83' lang='lat' dir='ltr'>praesentent;</span> <span class='ocrx_word' id='word_1_267' title='bbox 566 2505 706 2539; x_wconf 84' lang='lat' dir='ltr'>praefatis</span> <span class='ocrx_word' id='word_1_268' title='bbox 720 2504 942 2537; x_wconf 80' lang='lat' dir='ltr'>archiepiscopo</span> <span class='ocrx_word' id='word_1_269' title='bbox 956 2506 983 2529; x_wconf 85' lang='lat' dir='ltr'>et</span> <span class='ocrx_word' id='word_1_270' title='bbox 997 2502 1132 2536; x_wconf 87' lang='lat' dir='ltr'>episcopo</span> <span class='ocrx_word' id='word_1_271' title='bbox 1149 2501 1306 2527; x_wconf 83' lang='lat' dir='ltr'>inhibeant</span> 
     </span>
     <span class='ocr_line' id='line_1_40' title="bbox 297 2550 1304 2587; baseline -0.008 -3"><span class='ocrx_word' id='word_1_272' title='bbox 297 2567 332 2584; x_wconf 90' lang='lat' dir='ltr'>ne</span> <span class='ocrx_word' id='word_1_273' title='bbox 348 2557 472 2584; x_wconf 83' lang='lat' dir='ltr'>ulterius</span> <span class='ocrx_word' id='word_1_274' title='bbox 492 2556 523 2582; x_wconf 93' lang='lat' dir='ltr'>in</span> <span class='ocrx_word' id='word_1_275' title='bbox 545 2555 644 2582; x_wconf 87' lang='lat' dir='ltr'>eodem</span> <span class='ocrx_word' id='word_1_276' title='bbox 671 2554 787 2587; x_wconf 76' lang='lat' dir='ltr'>negotio</span> <span class='ocrx_word' id='word_1_277' title='bbox 810 2553 983 2587; x_wconf 83' lang='lat' dir='ltr'>procedant;</span> <span class='ocrx_word' id='word_1_278' title='bbox 1006 2552 1075 2578; x_wconf 88' lang='lat' dir='ltr'>aliis</span> <span class='ocrx_word' id='word_1_279' title='bbox 1099 2550 1248 2577; x_wconf 83' lang='lat' dir='ltr'>mandatis</span> <span class='ocrx_word' id='word_1_280' title='bbox 1269 2550 1304 2576; x_wconf 81' lang='lat' dir='ltr'>ad</span> 
     </span>
     <span class='ocr_line' id='line_1_41' title="bbox 296 2599 1305 2639; baseline -0.008 -6"><span class='ocrx_word' id='word_1_281' title='bbox 296 2607 374 2633; x_wconf 89' lang='lat' dir='ltr'>idem</span> <span class='ocrx_word' id='word_1_282' title='bbox 392 2605 541 2639; x_wconf 74' lang='lat' dir='ltr'>negotium</span> <span class='ocrx_word' id='word_1_283' title='bbox 560 2603 789 2638; x_wconf 85' lang='lat' dir='ltr'>pertinentibus,</span> <span class='ocrx_word' id='word_1_284' title='bbox 806 2602 941 2635; x_wconf 80' lang='lat' dir='ltr'>adjectis.</span> <span class='ocrx_word' id='word_1_285' title='bbox 960 2616 991 2619; x_wconf 98' lang='lat'>—</span> <span class='ocrx_word' id='word_1_286' title='bbox 1005 2602 1092 2633; x_wconf 65' lang='lat' dir='ltr'>(Risu.</span> <span class='ocrx_word' id='word_1_287' title='bbox 1106 2600 1150 2632; x_wconf 86' lang='grc'>20,</span> <span class='ocrx_word' id='word_1_288' title='bbox 1174 2599 1241 2626; x_wconf 62' lang='lat'>1220</span> <span class='ocrx_word' id='word_1_289' title='bbox 1256 2606 1305 2630; x_wconf 81' lang='lat' dir='ltr'>v⁰;</span> 
     </span>
     <span class='ocr_line' id='line_1_42' title="bbox 296 2647 1304 2686; baseline -0.007 -5"><span class='ocrx_word' id='word_1_290' title='bbox 296 2664 366 2682; x_wconf 85' lang='lat' dir='ltr'>ann.</span> <span class='ocrx_word' id='word_1_291' title='bbox 381 2655 463 2686; x_wconf 63' lang='lat' dir='ltr'>xlv,</span> <span class='ocrx_word' id='word_1_292' title='bbox 481 2653 586 2683; x_wconf 84' lang='grc'><strong>0.119;</strong></span> <span class='ocrx_word' id='word_1_293' title='bbox 602 2667 634 2670; x_wconf 95' lang='grc'>-</span> <span class='ocrx_word' id='word_1_294' title='bbox 650 2652 783 2678; x_wconf 69' lang='lat' dir='ltr'>MOREAU</span> <span class='ocrx_word' id='word_1_295' title='bbox 796 2651 875 2683; x_wconf 84' lang='lat'>1193,</span> <span class='ocrx_word' id='word_1_296' title='bbox 889 2652 908 2676; x_wconf 79' lang='lat' dir='ltr'>f.</span> <span class='ocrx_word' id='word_1_297' title='bbox 921 2651 971 2681; x_wconf 72' lang='lat'>75;</span> <span class='ocrx_word' id='word_1_298' title='bbox 988 2647 1304 2680; x_wconf 57' lang='lat' dir='ltr'>—120TTHAST109123</span> 
     </span>
     <span class='ocr_line' id='line_1_43' title="bbox 297 2698 1304 2733; baseline -0.008 -2"><span class='ocrx_word' id='word_1_299' title='bbox 297 2719 328 2722; x_wconf 89' lang='lat'>—</span> <span class='ocrx_word' id='word_1_300' title='bbox 351 2704 376 2731; x_wconf 87' lang='lat' dir='ltr'>J.</span> <span class='ocrx_word' id='word_1_301' title='bbox 404 2704 588 2733; x_wconf 61' lang='lat' dir='ltr'>Bamoum,</span> <span class='ocrx_word' id='word_1_302' title='bbox 615 2702 681 2726; x_wconf 78' lang='lat' dir='ltr'>Acca</span> <span class='ocrx_word' id='word_1_303' title='bbox 706 2701 868 2731; x_wconf 77' lang='lat' dir='ltr'>Pontificum</span> <span class='ocrx_word' id='word_1_304' title='bbox 902 2699 1046 2729; x_wconf 74' lang='lat' dir='ltr'>Helvetico,</span> <span class='ocrx_word' id='word_1_305' title='bbox 1077 2703 1097 2725; x_wconf 87' lang='lat' dir='ltr'>t.</span> <span class='ocrx_word' id='word_1_306' title='bbox 1130 2699 1151 2725; x_wconf 89' lang='lat' dir='ltr'>I.</span> <span class='ocrx_word' id='word_1_307' title='bbox 1182 2706 1210 2731; x_wconf 77' lang='lat' dir='ltr'>P.</span> <span class='ocrx_word' id='word_1_308' title='bbox 1242 2698 1304 2729; x_wconf 70' lang='lat'>144,</span> 
     </span>
     <span class='ocr_line' id='line_1_44' title="bbox 297 2752 420 2782; baseline -0.008 -3"><span class='ocrx_word' id='word_1_309' title='bbox 297 2756 326 2779; x_wconf 75' lang='lat' dir='ltr'>n⁰</span> <span class='ocrx_word' id='word_1_310' title='bbox 345 2752 420 2782; x_wconf 66' lang='lat'>214.)</span> 
     </span>
    </p>
   </div>
   <div class='ocr_carea' id='block_1_12' title="bbox 296 2850 1305 2998">
    <p class='ocr_par' dir='ltr' id='par_1_12' title="bbox 296 2850 1305 2998">
     <span class='ocr_line' id='line_1_45' title="bbox 338 2850 1305 2889; baseline -0.003 -9"><span class='ocrx_word' id='word_1_311' title='bbox 338 2867 350 2880; x_wconf 78' lang='lat'>«</span> <span class='ocrx_word' id='word_1_312' title='bbox 374 2877 393 2883; x_wconf 82' lang='grc'>..</span> <span class='ocrx_word' id='word_1_313' title='bbox 412 2854 512 2882; x_wconf 75' lang='lat' dir='ltr'>abbati</span> <span class='ocrx_word' id='word_1_314' title='bbox 525 2858 550 2881; x_wconf 81' lang='lat' dir='ltr'>et</span> <span class='ocrx_word' id='word_1_315' title='bbox 567 2876 585 2881; x_wconf 93' lang='lat'>..</span> <span class='ocrx_word' id='word_1_316' title='bbox 604 2853 706 2889; x_wconf 80' lang='lat' dir='ltr'>priori</span> <span class='ocrx_word' id='word_1_317' title='bbox 723 2851 985 2880; x_wconf 70' lang='lat' dir='ltr'>Athonacensibzts</span> <span class='ocrx_word' id='word_1_318' title='bbox 995 2856 1019 2879; x_wconf 82' lang='lat' dir='ltr'>el</span> <span class='ocrx_word' id='word_1_319' title='bbox 1037 2873 1056 2880; x_wconf 91' lang='lat'>..</span> <span class='ocrx_word' id='word_1_320' title='bbox 1072 2850 1197 2879; x_wconf 69' lang='lat' dir='ltr'>sacriste</span> <span class='ocrx_word' id='word_1_321' title='bbox 1208 2850 1305 2878; x_wconf 79' lang='lat' dir='ltr'>Sanc-</span> 
     </span>
     <span class='ocr_line' id='line_1_46' title="bbox 298 2903 1300 2943; baseline -0.007 -6"><span class='ocrx_word' id='word_1_322' title='bbox 298 2911 322 2938; x_wconf 79' lang='lat' dir='ltr'>ti</span> <span class='ocrx_word' id='word_1_323' title='bbox 339 2908 428 2937; x_wconf 73' lang='lat' dir='ltr'>Pauli</span> <span class='ocrx_word' id='word_1_324' title='bbox 445 2906 666 2943; x_wconf 64' lang='lat' dir='ltr'>Lugdunensis.</span> <span class='ocrx_word' id='word_1_325' title='bbox 690 2904 739 2934; x_wconf 86' lang='lat' dir='ltr'>Ad</span> <span class='ocrx_word' id='word_1_326' title='bbox 760 2903 965 2933; x_wconf 84' lang='lat' dir='ltr'>audientiam</span> <span class='ocrx_word' id='word_1_327' title='bbox 990 2907 1137 2932; x_wconf 85' lang='lat' dir='ltr'>nostram</span> <span class='ocrx_word' id='word_1_328' title='bbox 1154 2920 1202 2930; x_wconf 95' lang='lat'>—.</span> <span class='ocrx_word' id='word_1_329' title='bbox 1228 2903 1300 2931; x_wconf 87' lang='lat' dir='ltr'>Dat.</span> 
     </span>
     <span class='ocr_line' id='line_1_47' title="bbox 296 2956 1134 2998; baseline -0.008 -7"><span class='ocrx_word' id='word_1_330' title='bbox 296 2960 463 2995; x_wconf 77' lang='lat' dir='ltr'>Laterani,</span> <span class='ocrx_word' id='word_1_331' title='bbox 480 2960 525 2989; x_wconf 76' lang='lat' dir='ltr'>VI</span> <span class='ocrx_word' id='word_1_332' title='bbox 541 2959 616 2988; x_wconf 89' lang='lat' dir='ltr'>idus</span> <span class='ocrx_word' id='word_1_333' title='bbox 629 2958 718 2998; x_wconf 81' lang='lat' dir='ltr'>julii,</span> <span class='ocrx_word' id='word_1_334' title='bbox 737 2966 823 2987; x_wconf 81' lang='lat' dir='ltr'>anno</span> <span class='ocrx_word' id='word_1_335' title='bbox 840 2956 1100 2996; x_wconf 84' lang='lat' dir='ltr'>quartodecimo.</span> <span class='ocrx_word' id='word_1_336' title='bbox 1122 2969 1134 2982; x_wconf 87' lang='lat'>»</span> 
     </span>
    </p>
   </div>
   <div class='ocr_carea' id='block_1_13' title="bbox 1442 343 2310 378">
    <p class='ocr_par' dir='ltr' id='par_1_13' title="bbox 1442 343 2310 378">
     <span class='ocr_line' id='line_1_48' title="bbox 1442 343 2310 378; baseline 0.002 -8"><span class='ocrx_word' id='word_1_337' title='bbox 1442 343 1560 371; x_wconf 77' lang='grc'><strong>5253</strong></span> <span class='ocrx_word' id='word_1_338' title='bbox 1946 345 2068 377; x_wconf 81' lang='lat' dir='ltr'>Latran,</span> <span class='ocrx_word' id='word_1_339' title='bbox 2084 345 2100 371; x_wconf 83' lang='lat'>5</span> <span class='ocrx_word' id='word_1_340' title='bbox 2115 345 2215 378; x_wconf 82' lang='lat' dir='ltr'>juillet</span> <span class='ocrx_word' id='word_1_341' title='bbox 2231 345 2310 372; x_wconf 78' lang='lat'>1240.</span> 
     </span>
    </p>
   </div>
   <div class='ocr_carea' id='block_1_14' title="bbox 1374 404 2388 780">
    <p class='ocr_par' dir='ltr' id='par_1_14' title="bbox 1374 404 2388 780">
     <span class='ocr_line' id='line_1_49' title="bbox 1408 404 2384 442; baseline 0.003 -11"><span class='ocrx_word' id='word_1_342' title='bbox 1408 405 1552 439; x_wconf 72' lang='lat' dir='ltr'>Magistro</span> <span class='ocrx_word' id='word_1_343' title='bbox 1568 404 1742 441; x_wconf 67' lang='lat' dir='ltr'>Hug[0ni&#39;.‘],</span> <span class='ocrx_word' id='word_1_344' title='bbox 1755 406 1936 440; x_wconf 71' lang='lat' dir='ltr'>presbytero,</span> <span class='ocrx_word' id='word_1_345' title='bbox 1949 407 2102 440; x_wconf 86' lang='lat' dir='ltr'>capellano</span> <span class='ocrx_word' id='word_1_346' title='bbox 2120 407 2293 434; x_wconf 85' lang='lat' dir='ltr'>Sabinensis</span> <span class='ocrx_word' id='word_1_347' title='bbox 2309 408 2384 442; x_wconf 84' lang='lat' dir='ltr'>epis-</span> 
     </span>
     <span class='ocr_line' id='line_1_50' title="bbox 1374 453 2385 488; baseline 0.002 -8"><span class='ocrx_word' id='word_1_348' title='bbox 1374 453 1449 488; x_wconf 87' lang='lat' dir='ltr'>copi,</span> <span class='ocrx_word' id='word_1_349' title='bbox 1464 454 1568 480; x_wconf 85' lang='lat' dir='ltr'>rectori</span> <span class='ocrx_word' id='word_1_350' title='bbox 1586 454 1727 480; x_wconf 84' lang='lat' dir='ltr'>ecclesiae</span> <span class='ocrx_word' id='word_1_351' title='bbox 1747 454 1782 480; x_wconf 91' lang='lat' dir='ltr'>de</span> <span class='ocrx_word' id='word_1_352' title='bbox 1799 454 1937 486; x_wconf 88' lang='lat' dir='ltr'>Suellies,</span> <span class='ocrx_word' id='word_1_353' title='bbox 1955 454 2146 481; x_wconf 82' lang='lat' dir='ltr'>Belvacensis</span> <span class='ocrx_word' id='word_1_354' title='bbox 2162 455 2315 487; x_wconf 81' lang='lat' dir='ltr'>dioecesis,</span> <span class='ocrx_word' id='word_1_355' title='bbox 2336 456 2385 482; x_wconf 88' lang='lat' dir='ltr'>in-</span> 
     </span>
     <span class='ocr_line' id='line_1_51' title="bbox 1374 502 2384 538; baseline 0.003 -10"><span class='ocrx_word' id='word_1_356' title='bbox 1374 502 1475 536; x_wconf 72' lang='lat' dir='ltr'>dulget</span> <span class='ocrx_word' id='word_1_357' title='bbox 1492 505 1523 528; x_wconf 86' lang='lat' dir='ltr'>ut</span> <span class='ocrx_word' id='word_1_358' title='bbox 1539 502 1569 528; x_wconf 91' lang='lat' dir='ltr'>in</span> <span class='ocrx_word' id='word_1_359' title='bbox 1586 502 1739 536; x_wconf 85' lang='lat' dir='ltr'>praedicta</span> <span class='ocrx_word' id='word_1_360' title='bbox 1752 502 1876 529; x_wconf 76' lang='lat' dir='ltr'>ecclesia</span> <span class='ocrx_word' id='word_1_361' title='bbox 1893 502 1928 528; x_wconf 90' lang='lat' dir='ltr'>de</span> <span class='ocrx_word' id='word_1_362' title='bbox 1946 502 2084 534; x_wconf 87' lang='lat' dir='ltr'>Suellies,</span> <span class='ocrx_word' id='word_1_363' title='bbox 2099 512 2187 537; x_wconf 86' lang='lat' dir='ltr'>quam</span> <span class='ocrx_word' id='word_1_364' title='bbox 2205 503 2384 538; x_wconf 83' lang='lat' dir='ltr'>proponebat</span> 
     </span>
     <span class='ocr_line' id='line_1_52' title="bbox 1375 551 2385 585; baseline 0.001 -8"><span class='ocrx_word' id='word_1_365' title='bbox 1375 551 1508 577; x_wconf 75' lang='lat' dir='ltr'>sciuisse</span> <span class='ocrx_word' id='word_1_366' title='bbox 1522 551 1663 578; x_wconf 85' lang='lat' dir='ltr'>canonice</span> <span class='ocrx_word' id='word_1_367' title='bbox 1675 552 1831 585; x_wconf 70' lang='lat' dir='ltr'>adeptum,</span> <span class='ocrx_word' id='word_1_368' title='bbox 1849 551 1940 585; x_wconf 80' lang='lat' dir='ltr'>possit</span> <span class='ocrx_word' id='word_1_369' title='bbox 1954 559 2004 585; x_wconf 81' lang='lat' dir='ltr'>per</span> <span class='ocrx_word' id='word_1_370' title='bbox 2021 551 2157 578; x_wconf 89' lang='lat' dir='ltr'>idoneum</span> <span class='ocrx_word' id='word_1_371' title='bbox 2176 552 2321 578; x_wconf 87' lang='lat' dir='ltr'>vicarium</span> <span class='ocrx_word' id='word_1_372' title='bbox 2337 552 2385 579; x_wconf 85' lang='lat' dir='ltr'>de-</span> 
     </span>
     <span class='ocr_line' id='line_1_53' title="bbox 1376 600 2385 634; baseline 0.002 -8"><span class='ocrx_word' id='word_1_373' title='bbox 1376 600 1497 632; x_wconf 78' lang='lat' dir='ltr'>servire,</span> <span class='ocrx_word' id='word_1_374' title='bbox 1512 600 1553 626; x_wconf 84' lang='lat' dir='ltr'>ita</span> <span class='ocrx_word' id='word_1_375' title='bbox 1574 604 1674 626; x_wconf 87' lang='lat' dir='ltr'>tamen</span> <span class='ocrx_word' id='word_1_376' title='bbox 1691 600 1767 634; x_wconf 83' lang='lat' dir='ltr'>quod</span> <span class='ocrx_word' id='word_1_377' title='bbox 1787 600 1823 626; x_wconf 89' lang='lat' dir='ltr'>de</span> <span class='ocrx_word' id='word_1_378' title='bbox 1839 600 2032 634; x_wconf 84' lang='lat' dir='ltr'>proventibus</span> <span class='ocrx_word' id='word_1_379' title='bbox 2053 600 2146 634; x_wconf 83' lang='lat' dir='ltr'>ipsius</span> <span class='ocrx_word' id='word_1_380' title='bbox 2165 601 2306 627; x_wconf 81' lang='lat' dir='ltr'>ecclesiae</span> <span class='ocrx_word' id='word_1_381' title='bbox 2322 604 2385 628; x_wconf 86' lang='lat' dir='ltr'>tan-</span> 
     </span>
     <span class='ocr_line' id='line_1_54' title="bbox 1377 649 2386 683; baseline 0.001 -8"><span class='ocrx_word' id='word_1_382' title='bbox 1377 652 1438 675; x_wconf 86' lang='lat' dir='ltr'>tum</span> <span class='ocrx_word' id='word_1_383' title='bbox 1455 649 1549 676; x_wconf 84' lang='lat' dir='ltr'>eidem</span> <span class='ocrx_word' id='word_1_384' title='bbox 1568 650 1679 676; x_wconf 75' lang='lat' dir='ltr'>vicario</span> <span class='ocrx_word' id='word_1_385' title='bbox 1695 649 1835 683; x_wconf 73' lang='lat' dir='ltr'>assignet,</span> <span class='ocrx_word' id='word_1_386' title='bbox 1853 649 1955 683; x_wconf 77' lang='lat' dir='ltr'>«quod</span> <span class='ocrx_word' id='word_1_387' title='bbox 1970 657 2096 682; x_wconf 81' lang='lat' dir='ltr'>congrue</span> <span class='ocrx_word' id='word_1_388' title='bbox 2105 649 2265 676; x_wconf 81' lang='lat' dir='ltr'>sustentari</span> <span class='ocrx_word' id='word_1_389' title='bbox 2276 651 2386 681; x_wconf 85' lang='lat' dir='ltr'>valeat,</span> 
     </span>
     <span class='ocr_line' id='line_1_55' title="bbox 1379 697 2388 732; baseline 0.003 -10"><span class='ocrx_word' id='word_1_390' title='bbox 1379 706 1392 722; x_wconf 74' lang='grc'>1)</span> <span class='ocrx_word' id='word_1_391' title='bbox 1414 701 1442 724; x_wconf 89' lang='lat' dir='ltr'>et</span> <span class='ocrx_word' id='word_1_392' title='bbox 1461 698 1525 731; x_wconf 86' lang='lat' dir='ltr'>jura</span> <span class='ocrx_word' id='word_1_393' title='bbox 1543 698 1723 732; x_wconf 82' lang='lat' dir='ltr'>episcopalia</span> <span class='ocrx_word' id='word_1_394' title='bbox 1745 699 1859 724; x_wconf 84' lang='lat' dir='ltr'>solvere</span> <span class='ocrx_word' id='word_1_395' title='bbox 1877 706 1910 724; x_wconf 87' lang='lat' dir='ltr'>ac</span> <span class='ocrx_word' id='word_1_396' title='bbox 1928 697 1987 724; x_wconf 80' lang='lat' dir='ltr'>alia</span> <span class='ocrx_word' id='word_1_397' title='bbox 2009 698 2139 731; x_wconf 86' lang='lat' dir='ltr'>ejusdem</span> <span class='ocrx_word' id='word_1_398' title='bbox 2162 699 2284 725; x_wconf 84' lang='lat' dir='ltr'>ecclesie</span> <span class='ocrx_word' id='word_1_399' title='bbox 2299 707 2388 725; x_wconf 84' lang='lat' dir='ltr'>onera.</span> 
     </span>
     <span class='ocr_line' id='line_1_56' title="bbox 1379 746 2286 780; baseline 0.001 -8"><span class='ocrx_word' id='word_1_400' title='bbox 1379 754 1392 771; x_wconf 78' lang='lat' dir='ltr'>n</span> <span class='ocrx_word' id='word_1_401' title='bbox 1414 750 1624 780; x_wconf 75' lang='lat' dir='ltr'>supportare».</span> <span class='ocrx_word' id='word_1_402' title='bbox 1643 761 1674 764; x_wconf 82' lang='lat'>—</span> <span class='ocrx_word' id='word_1_403' title='bbox 1691 747 1777 778; x_wconf 72' lang='lat' dir='ltr'>(Bm.</span> <span class='ocrx_word' id='word_1_404' title='bbox 1789 746 1834 778; x_wconf 82' lang='grc'>20,</span> <span class='ocrx_word' id='word_1_405' title='bbox 1852 747 1871 772; x_wconf 78' lang='lat' dir='ltr'>f.</span> <span class='ocrx_word' id='word_1_406' title='bbox 1884 746 1916 772; x_wconf 89' lang='grc'>21</span> <span class='ocrx_word' id='word_1_407' title='bbox 1930 750 1966 777; x_wconf 82' lang='grc'>1“;</span> <span class='ocrx_word' id='word_1_408' title='bbox 1985 755 2054 772; x_wconf 84' lang='grc'><strong>31111.</strong></span> <span class='ocrx_word' id='word_1_409' title='bbox 2070 746 2153 779; x_wconf 79' lang='lat' dir='ltr'>XIV,</span> <span class='ocrx_word' id='word_1_410' title='bbox 2170 756 2194 773; x_wconf 85' lang='grc'>0.</span> <span class='ocrx_word' id='word_1_411' title='bbox 2212 747 2286 778; x_wconf 84' lang='grc'><strong>120.)</strong></span> 
     </span>
    </p>
   </div>
   <div class='ocr_carea' id='block_1_15' title="bbox 1381 848 2391 1046">
    <p class='ocr_par' dir='ltr' id='par_1_15' title="bbox 1381 848 2391 1046">
     <span class='ocr_line' id='line_1_57' title="bbox 1421 848 2391 885; baseline 0.002 -9"><span class='ocrx_word' id='word_1_412' title='bbox 1421 860 1433 873; x_wconf 67' lang='lat' dir='ltr'>a</span> <span class='ocrx_word' id='word_1_413' title='bbox 1454 849 1599 884; x_wconf 75' lang='lat' dir='ltr'>Moyz&#39;slro</span> <span class='ocrx_word' id='word_1_414' title='bbox 1610 848 1701 885; x_wconf 82' lang='lat' dir='ltr'>Huy..</span> <span class='ocrx_word' id='word_1_415' title='bbox 1720 849 1894 885; x_wconf 77' lang='lat' dir='ltr'>presbitero,</span> <span class='ocrx_word' id='word_1_416' title='bbox 1913 849 2068 885; x_wconf 76' lang='lat' dir='ltr'>capellano</span> <span class='ocrx_word' id='word_1_417' title='bbox 2088 849 2268 878; x_wconf 76' lang='lat' dir='ltr'>venerabilis</span> <span class='ocrx_word' id='word_1_418' title='bbox 2279 851 2391 884; x_wconf 73' lang='lat' dir='ltr'>sffltris</span> 
     </span>
     <span class='ocr_line' id='line_1_58' title="bbox 1382 901 2386 938; baseline 0 -8"><span class='ocrx_word' id='word_1_419' title='bbox 1382 901 1478 930; x_wconf 78' lang='lat' dir='ltr'>nostri</span> <span class='ocrx_word' id='word_1_420' title='bbox 1508 923 1527 928; x_wconf 87' lang='lat'>..</span> <span class='ocrx_word' id='word_1_421' title='bbox 1558 901 1733 930; x_wconf 75' lang='lat' dir='ltr'>Sobinensis</span> <span class='ocrx_word' id='word_1_422' title='bbox 1755 902 1897 938; x_wconf 74' lang='lat' dir='ltr'>episcopi,</span> <span class='ocrx_word' id='word_1_423' title='bbox 1922 902 2033 930; x_wconf 66' lang='lat' dir='ltr'>rectori</span> <span class='ocrx_word' id='word_1_424' title='bbox 2052 902 2172 930; x_wconf 79' lang='lat' dir='ltr'>ecclesie</span> <span class='ocrx_word' id='word_1_425' title='bbox 2194 902 2227 930; x_wconf 81' lang='lat' dir='ltr'>de</span> <span class='ocrx_word' id='word_1_426' title='bbox 2249 902 2386 937; x_wconf 78' lang='lat' dir='ltr'>Suellies,</span> 
     </span>
     <span class='ocr_line' id='line_1_59' title="bbox 1381 953 2390 985; baseline 0.002 -2"><span class='ocrx_word' id='word_1_427' title='bbox 1381 955 1570 983; x_wconf 73' lang='lat' dir='ltr'>Bclvacensis</span> <span class='ocrx_word' id='word_1_428' title='bbox 1592 954 1725 983; x_wconf 77' lang='lat' dir='ltr'>diocesis.</span> <span class='ocrx_word' id='word_1_429' title='bbox 1750 953 1801 983; x_wconf 86' lang='lat' dir='ltr'>Ad</span> <span class='ocrx_word' id='word_1_430' title='bbox 1821 953 2009 984; x_wconf 84' lang='lat' dir='ltr'>faciendam</span> <span class='ocrx_word' id='word_1_431' title='bbox 2036 954 2097 983; x_wconf 87' lang='lat' dir='ltr'>tibi</span> <span class='ocrx_word' id='word_1_432' title='bbox 2121 971 2168 983; x_wconf 92' lang='lat'>—-.</span> <span class='ocrx_word' id='word_1_433' title='bbox 2195 956 2268 984; x_wconf 84' lang='lat' dir='ltr'>Dat.</span> <span class='ocrx_word' id='word_1_434' title='bbox 2294 955 2390 985; x_wconf 81' lang='lat' dir='ltr'>Late-</span> 
     </span>
     <span class='ocr_line' id='line_1_60' title="bbox 1381 1007 2175 1046; baseline 0 -10"><span class='ocrx_word' id='word_1_435' title='bbox 1381 1007 1466 1039; x_wconf 83' lang='lat' dir='ltr'>rani.</span> <span class='ocrx_word' id='word_1_436' title='bbox 1488 1008 1536 1037; x_wconf 93' lang='lat' dir='ltr'>III</span> <span class='ocrx_word' id='word_1_437' title='bbox 1556 1007 1762 1046; x_wconf 83' lang='lat' dir='ltr'>nonasjulii,</span> <span class='ocrx_word' id='word_1_438' title='bbox 1779 1016 1865 1037; x_wconf 88' lang='lat' dir='ltr'>anno</span> <span class='ocrx_word' id='word_1_439' title='bbox 1882 1007 2140 1046; x_wconf 83' lang='lat' dir='ltr'>quartodecimo.</span> <span class='ocrx_word' id='word_1_440' title='bbox 2163 1020 2175 1034; x_wconf 74' lang='lat' dir='ltr'>n</span> 
     </span>
    </p>
   </div>
   <div class='ocr_carea' id='block_1_16' title="bbox 1453 1194 2320 1227">
    <p class='ocr_par' dir='ltr' id='par_1_16' title="bbox 1453 1194 2320 1227">
     <span class='ocr_line' id='line_1_61' title="bbox 1453 1194 2320 1227; baseline 0 -7"><span class='ocrx_word' id='word_1_441' title='bbox 1453 1194 1573 1222; x_wconf 75' lang='grc'><strong>5254</strong></span> <span class='ocrx_word' id='word_1_442' title='bbox 1943 1194 2063 1222; x_wconf 75' lang='lat' dir='ltr'>Lati-an,</span> <span class='ocrx_word' id='word_1_443' title='bbox 2080 1194 2112 1220; x_wconf 86' lang='lat'>13</span> <span class='ocrx_word' id='word_1_444' title='bbox 2128 1194 2227 1227; x_wconf 83' lang='lat' dir='ltr'>juillet</span> <span class='ocrx_word' id='word_1_445' title='bbox 2241 1194 2320 1221; x_wconf 67' lang='lat'>1240.</span> 
     </span>
    </p>
   </div>
   <div class='ocr_carea' id='block_1_17' title="bbox 1383 1255 2397 1826">
    <p class='ocr_par' dir='ltr' id='par_1_17' title="bbox 1383 1255 2397 1826">
     <span class='ocr_line' id='line_1_62' title="bbox 1417 1255 2393 1291; baseline 0 -8"><span class='ocrx_word' id='word_1_446' title='bbox 1417 1257 1548 1283; x_wconf 83' lang='lat' dir='ltr'>Thomae</span> <span class='ocrx_word' id='word_1_447' title='bbox 1568 1256 1648 1282; x_wconf 86' lang='lat' dir='ltr'>dicto</span> <span class='ocrx_word' id='word_1_448' title='bbox 1670 1256 1781 1286; x_wconf 74' lang='lat' dir='ltr'>Rubeo,</span> <span class='ocrx_word' id='word_1_449' title='bbox 1805 1256 1865 1282; x_wconf 87' lang='lat' dir='ltr'>civi</span> <span class='ocrx_word' id='word_1_450' title='bbox 1889 1256 2032 1289; x_wconf 69' lang='lat' dir='ltr'>Romano,</span> <span class='ocrx_word' id='word_1_451' title='bbox 2054 1256 2158 1283; x_wconf 82' lang='lat' dir='ltr'>scribit</span> <span class='ocrx_word' id='word_1_452' title='bbox 2179 1255 2393 1291; x_wconf 81' lang='lat' dir='ltr'>R[iccardum]‚</span> 
     </span>
     <span class='ocr_line' id='line_1_63' title="bbox 1384 1305 2393 1340; baseline -0.001 -7"><span class='ocrx_word' id='word_1_453' title='bbox 1384 1306 1486 1333; x_wconf 84' lang='lat' dir='ltr'>Sancti</span> <span class='ocrx_word' id='word_1_454' title='bbox 1504 1305 1611 1339; x_wconf 73' lang='lat' dir='ltr'>Angeli</span> <span class='ocrx_word' id='word_1_455' title='bbox 1627 1305 1785 1331; x_wconf 83' lang='lat' dir='ltr'>diaconum</span> <span class='ocrx_word' id='word_1_456' title='bbox 1802 1305 1995 1337; x_wconf 79' lang='lat' dir='ltr'>cardinalem,</span> <span class='ocrx_word' id='word_1_457' title='bbox 2011 1308 2151 1332; x_wconf 84' lang='lat' dir='ltr'>rectorem</span> <span class='ocrx_word' id='word_1_458' title='bbox 2167 1305 2350 1340; x_wconf 84' lang='lat' dir='ltr'>Campaniae</span> <span class='ocrx_word' id='word_1_459' title='bbox 2365 1309 2393 1332; x_wconf 84' lang='lat' dir='ltr'>et</span> 
     </span>
     <span class='ocr_line' id='line_1_64' title="bbox 1383 1353 2392 1388; baseline 0.001 -7"><span class='ocrx_word' id='word_1_460' title='bbox 1383 1354 1566 1386; x_wconf 82' lang='lat' dir='ltr'>Maritimae,</span> <span class='ocrx_word' id='word_1_461' title='bbox 1592 1354 1734 1388; x_wconf 86' lang='lat' dir='ltr'>inspectis</span> <span class='ocrx_word' id='word_1_462' title='bbox 1759 1354 1834 1380; x_wconf 85' lang='lat' dir='ltr'>actis</span> <span class='ocrx_word' id='word_1_463' title='bbox 1861 1353 1972 1380; x_wconf 81' lang='lat' dir='ltr'>habitis</span> <span class='ocrx_word' id='word_1_464' title='bbox 1996 1362 2091 1380; x_wconf 78' lang='lat' dir='ltr'>coram</span> <span class='ocrx_word' id='word_1_465' title='bbox 2113 1354 2247 1382; x_wconf 86' lang='lat' dir='ltr'>Jobanne</span> <span class='ocrx_word' id='word_1_466' title='bbox 2267 1354 2392 1382; x_wconf 79' lang='lat' dir='ltr'>Judieis.</span> 
     </span>
     <span class='ocr_line' id='line_1_65' title="bbox 1383 1403 2395 1437; baseline -0.001 -7"><span class='ocrx_word' id='word_1_467' title='bbox 1383 1403 1448 1430; x_wconf 80' lang='lat' dir='ltr'>cive</span> <span class='ocrx_word' id='word_1_468' title='bbox 1462 1404 1604 1432; x_wconf 70' lang='lat' dir='ltr'>Romano,</span> <span class='ocrx_word' id='word_1_469' title='bbox 1619 1403 1730 1429; x_wconf 88' lang='lat' dir='ltr'>dudum</span> <span class='ocrx_word' id='word_1_470' title='bbox 1749 1403 1931 1437; x_wconf 86' lang='lat' dir='ltr'>Campaniae</span> <span class='ocrx_word' id='word_1_471' title='bbox 1943 1406 1971 1430; x_wconf 88' lang='lat' dir='ltr'>et</span> <span class='ocrx_word' id='word_1_472' title='bbox 1983 1403 2156 1430; x_wconf 84' lang='lat' dir='ltr'>Maritimae</span> <span class='ocrx_word' id='word_1_473' title='bbox 2169 1406 2290 1435; x_wconf 80' lang='lat' dir='ltr'>rectore,</span> <span class='ocrx_word' id='word_1_474' title='bbox 2307 1411 2395 1437; x_wconf 86' lang='lat' dir='ltr'>super</span> 
     </span>
     <span class='ocr_line' id='line_1_66' title="bbox 1383 1452 2393 1486; baseline -0.001 -7"><span class='ocrx_word' id='word_1_475' title='bbox 1383 1452 1560 1486; x_wconf 80' lang='lat' dir='ltr'>spoliatione</span> <span class='ocrx_word' id='word_1_476' title='bbox 1577 1455 1604 1478; x_wconf 87' lang='lat' dir='ltr'>et</span> <span class='ocrx_word' id='word_1_477' title='bbox 1626 1452 1833 1478; x_wconf 79' lang='lat' dir='ltr'>interiectione</span> <span class='ocrx_word' id='word_1_478' title='bbox 1853 1452 1908 1478; x_wconf 87' lang='lat' dir='ltr'>filii</span> <span class='ocrx_word' id='word_1_479' title='bbox 1925 1452 2018 1486; x_wconf 90' lang='lat' dir='ltr'>ipsius</span> <span class='ocrx_word' id='word_1_480' title='bbox 2036 1452 2177 1483; x_wconf 82' lang='lat' dir='ltr'>Thomae,</span> <span class='ocrx_word' id='word_1_481' title='bbox 2199 1467 2231 1470; x_wconf 93' lang='lat'><strong>—</strong></span> <span class='ocrx_word' id='word_1_482' title='bbox 2247 1452 2297 1485; x_wconf 88' lang='lat' dir='ltr'>qui</span> <span class='ocrx_word' id='word_1_483' title='bbox 2314 1452 2393 1479; x_wconf 85' lang='grc'><strong>611115</strong></span> 
     </span>
     <span class='ocr_line' id='line_1_67' title="bbox 1383 1500 2394 1535; baseline -0.001 -7"><span class='ocrx_word' id='word_1_484' title='bbox 1383 1501 1537 1528; x_wconf 81' lang='lat' dir='ltr'>dicebatur</span> <span class='ocrx_word' id='word_1_485' title='bbox 1559 1501 1703 1535; x_wconf 81' lang='lat' dir='ltr'>spoliatus</span> <span class='ocrx_word' id='word_1_486' title='bbox 1727 1504 1754 1527; x_wconf 86' lang='lat' dir='ltr'>et</span> <span class='ocrx_word' id='word_1_487' title='bbox 1778 1501 1953 1527; x_wconf 82' lang='lat' dir='ltr'>interfectus</span> <span class='ocrx_word' id='word_1_488' title='bbox 1974 1500 2064 1527; x_wconf 82' lang='lat' dir='ltr'>fuisse</span> <span class='ocrx_word' id='word_1_489' title='bbox 2084 1501 2114 1527; x_wconf 91' lang='lat' dir='ltr'>in</span> <span class='ocrx_word' id='word_1_490' title='bbox 2139 1500 2284 1534; x_wconf 86' lang='lat' dir='ltr'>Ceperani</span> <span class='ocrx_word' id='word_1_491' title='bbox 2308 1501 2394 1527; x_wconf 90' lang='lat' dir='ltr'>terri-</span> 
     </span>
     <span class='ocr_line' id='line_1_68' title="bbox 1384 1549 2395 1584; baseline -0.002 -7"><span class='ocrx_word' id='word_1_492' title='bbox 1384 1551 1468 1579; x_wconf 83' lang='lat' dir='ltr'>torio.</span> <span class='ocrx_word' id='word_1_493' title='bbox 1491 1565 1522 1568; x_wconf 97' lang='lat'><strong>—</strong></span> <span class='ocrx_word' id='word_1_494' title='bbox 1544 1550 1579 1576; x_wconf 86' lang='lat' dir='ltr'>de</span> <span class='ocrx_word' id='word_1_495' title='bbox 1597 1550 1720 1584; x_wconf 82' lang='lat' dir='ltr'>speciali</span> <span class='ocrx_word' id='word_1_496' title='bbox 1745 1550 1884 1576; x_wconf 79' lang='lat' dir='ltr'>mandato</span> <span class='ocrx_word' id='word_1_497' title='bbox 1906 1549 2066 1584; x_wconf 81' lang='lat' dir='ltr'>apostolico</span> <span class='ocrx_word' id='word_1_498' title='bbox 2087 1549 2299 1576; x_wconf 87' lang='lat' dir='ltr'>condemnasse</span> <span class='ocrx_word' id='word_1_499' title='bbox 2318 1558 2395 1576; x_wconf 81' lang='lat' dir='ltr'>eom-</span> 
     </span>
     <span class='ocr_line' id='line_1_69' title="bbox 1385 1598 2395 1633; baseline -0.002 -7"><span class='ocrx_word' id='word_1_500' title='bbox 1385 1600 1562 1626; x_wconf 82' lang='lat' dir='ltr'>munitatem</span> <span class='ocrx_word' id='word_1_501' title='bbox 1580 1599 1673 1633; x_wconf 87' lang='lat' dir='ltr'>ipsius</span> <span class='ocrx_word' id='word_1_502' title='bbox 1690 1599 1756 1626; x_wconf 75' lang='lat' dir='ltr'>loci.</span> <span class='ocrx_word' id='word_1_503' title='bbox 1775 1599 1805 1625; x_wconf 92' lang='lat' dir='ltr'>id</span> <span class='ocrx_word' id='word_1_504' title='bbox 1822 1602 1864 1625; x_wconf 84' lang='lat' dir='ltr'>est</span> <span class='ocrx_word' id='word_1_505' title='bbox 1881 1598 2037 1632; x_wconf 87' lang='lat' dir='ltr'>Ceperani,</span> <span class='ocrx_word' id='word_1_506' title='bbox 2054 1598 2111 1632; x_wconf 90' lang='lat' dir='ltr'>ipsi</span> <span class='ocrx_word' id='word_1_507' title='bbox 2125 1598 2266 1630; x_wconf 82' lang='lat' dir='ltr'>Thomae,</span> <span class='ocrx_word' id='word_1_508' title='bbox 2284 1599 2313 1624; x_wconf 90' lang='lat' dir='ltr'>in</span> <span class='ocrx_word' id='word_1_509' title='bbox 2330 1607 2395 1625; x_wconf 87' lang='lat' dir='ltr'>cen—</span> 
     </span>
     <span class='ocr_line' id='line_1_70' title="bbox 1385 1647 2397 1681; baseline -0.001 -7"><span class='ocrx_word' id='word_1_510' title='bbox 1385 1652 1447 1675; x_wconf 87' lang='lat' dir='ltr'>tum</span> <span class='ocrx_word' id='word_1_511' title='bbox 1467 1648 1564 1675; x_wconf 82' lang='lat' dir='ltr'>unciis</span> <span class='ocrx_word' id='word_1_512' title='bbox 1581 1648 1656 1676; x_wconf 82' lang='lat' dir='ltr'>anri,</span> <span class='ocrx_word' id='word_1_513' title='bbox 1678 1649 1763 1681; x_wconf 81' lang='lat' dir='ltr'>juxta</span> <span class='ocrx_word' id='word_1_514' title='bbox 1779 1648 1960 1674; x_wconf 77' lang='lat' dir='ltr'>taxationem</span> <span class='ocrx_word' id='word_1_515' title='bbox 1980 1647 2074 1681; x_wconf 88' lang='lat' dir='ltr'>ipsius</span> <span class='ocrx_word' id='word_1_516' title='bbox 2090 1647 2262 1677; x_wconf 82' lang='lat' dir='ltr'>cardinalis,</span> <span class='ocrx_word' id='word_1_517' title='bbox 2280 1652 2397 1681; x_wconf 84' lang='lat' dir='ltr'>recepto</span> 
     </span>
     <span class='ocr_line' id='line_1_71' title="bbox 1383 1696 2395 1731; baseline -0.001 -7"><span class='ocrx_word' id='word_1_518' title='bbox 1383 1698 1552 1731; x_wconf 79' lang='lat' dir='ltr'>juramento</span> <span class='ocrx_word' id='word_1_519' title='bbox 1575 1697 1668 1731; x_wconf 82' lang='lat' dir='ltr'>ipsius</span> <span class='ocrx_word' id='word_1_520' title='bbox 1689 1697 1834 1729; x_wconf 76' lang='lat' dir='ltr'>Tbomae;</span> <span class='ocrx_word' id='word_1_521' title='bbox 1864 1697 1889 1723; x_wconf 87' lang='lat' dir='ltr'>ei</span> <span class='ocrx_word' id='word_1_522' title='bbox 1915 1696 2062 1730; x_wconf 77' lang='lat' dir='ltr'>significat</span> <span class='ocrx_word' id='word_1_523' title='bbox 2087 1706 2116 1723; x_wconf 85' lang='lat' dir='ltr'>se</span> <span class='ocrx_word' id='word_1_524' title='bbox 2137 1697 2212 1730; x_wconf 82' lang='lat' dir='ltr'>quod</span> <span class='ocrx_word' id='word_1_525' title='bbox 2235 1696 2272 1723; x_wconf 84' lang='lat' dir='ltr'>ab</span> <span class='ocrx_word' id='word_1_526' title='bbox 2295 1697 2395 1723; x_wconf 88' lang='lat' dir='ltr'>eodem</span> 
     </span>
     <span class='ocr_line' id='line_1_72' title="bbox 1385 1745 2396 1780; baseline -0.001 -8"><span class='ocrx_word' id='word_1_527' title='bbox 1385 1746 1530 1772; x_wconf 85' lang='lat' dir='ltr'>cardinali</span> <span class='ocrx_word' id='word_1_528' title='bbox 1550 1754 1636 1780; x_wconf 88' lang='lat' dir='ltr'>snper</span> <span class='ocrx_word' id='word_1_529' title='bbox 1658 1747 1710 1772; x_wconf 86' lang='lat' dir='ltr'>boc</span> <span class='ocrx_word' id='word_1_530' title='bbox 1730 1747 1840 1772; x_wconf 80' lang='lat' dir='ltr'>iactum</span> <span class='ocrx_word' id='word_1_531' title='bbox 1864 1746 1970 1777; x_wconf 79' lang='lat' dir='ltr'>fuerat,</span> <span class='ocrx_word' id='word_1_532' title='bbox 1987 1746 2170 1772; x_wconf 85' lang='lat' dir='ltr'>confirmare.</span> <span class='ocrx_word' id='word_1_533' title='bbox 2191 1760 2223 1763; x_wconf 91' lang='lat'><strong>—</strong></span> <span class='ocrx_word' id='word_1_534' title='bbox 2244 1746 2330 1775; x_wconf 71' lang='lat' dir='ltr'>(Hac.</span> <span class='ocrx_word' id='word_1_535' title='bbox 2351 1745 2396 1777; x_wconf 85' lang='grc'>20,</span> 
     </span>
     <span class='ocr_line' id='line_1_73' title="bbox 1387 1794 1819 1826; baseline -0.005 -4"><span class='ocrx_word' id='word_1_536' title='bbox 1387 1796 1501 1826; x_wconf 74' lang='grc'><strong>1.211“;</strong></span> <span class='ocrx_word' id='word_1_537' title='bbox 1517 1804 1586 1822; x_wconf 84' lang='lat' dir='ltr'>ann.</span> <span class='ocrx_word' id='word_1_538' title='bbox 1601 1795 1684 1826; x_wconf 80' lang='lat' dir='ltr'>XIV,</span> <span class='ocrx_word' id='word_1_539' title='bbox 1702 1804 1726 1821; x_wconf 85' lang='lat' dir='ltr'>c.</span> <span class='ocrx_word' id='word_1_540' title='bbox 1744 1794 1819 1825; x_wconf 70' lang='lat'>121.)</span> 
     </span>
    </p>
   </div>
   <div class='ocr_carea' id='block_1_18' title="bbox 1388 1897 2395 1988">
    <p class='ocr_par' dir='ltr' id='par_1_18' title="bbox 1388 1897 2395 1988">
     <span class='ocr_line' id='line_1_74' title="bbox 1428 1897 2395 1935; baseline 0.002 -13"><span class='ocrx_word' id='word_1_541' title='bbox 1428 1908 1440 1922; x_wconf 81' lang='grc'>11</span> <span class='ocrx_word' id='word_1_542' title='bbox 1462 1897 1569 1925; x_wconf 82' lang='lat' dir='ltr'>leome</span> <span class='ocrx_word' id='word_1_543' title='bbox 1587 1897 1667 1925; x_wconf 75' lang='lat' dir='ltr'>dicto</span> <span class='ocrx_word' id='word_1_544' title='bbox 1685 1897 1790 1926; x_wconf 68' lang='lat' dir='ltr'>Rubro.</span> <span class='ocrx_word' id='word_1_545' title='bbox 1811 1897 1871 1925; x_wconf 73' lang='lat' dir='ltr'>civi</span> <span class='ocrx_word' id='word_1_546' title='bbox 1884 1897 2028 1925; x_wconf 79' lang='lat' dir='ltr'>Romano.</span> <span class='ocrx_word' id='word_1_547' title='bbox 2044 1897 2087 1926; x_wconf 87' lang='lat' dir='ltr'>Ea</span> <span class='ocrx_word' id='word_1_548' title='bbox 2106 1905 2169 1935; x_wconf 88' lang='lat' dir='ltr'>que</span> <span class='ocrx_word' id='word_1_549' title='bbox 2186 1905 2243 1935; x_wconf 89' lang='lat' dir='ltr'>per</span> <span class='ocrx_word' id='word_1_550' title='bbox 2259 1914 2308 1925; x_wconf 92' lang='lat'>—.</span> <span class='ocrx_word' id='word_1_551' title='bbox 2322 1897 2395 1926; x_wconf 88' lang='lat' dir='ltr'>Dat.</span> 
     </span>
     <span class='ocr_line' id='line_1_75' title="bbox 1388 1949 2236 1988; baseline -0.001 -9"><span class='ocrx_word' id='word_1_552' title='bbox 1388 1950 1553 1985; x_wconf 81' lang='lat' dir='ltr'>Laterani,</span> <span class='ocrx_word' id='word_1_553' title='bbox 1576 1950 1624 1979; x_wconf 90' lang='grc' dir='ltr'>ΙΙΙ</span> <span class='ocrx_word' id='word_1_554' title='bbox 1644 1949 1719 1979; x_wconf 83' lang='grc'><strong>111115</strong></span> <span class='ocrx_word' id='word_1_555' title='bbox 1734 1949 1822 1988; x_wconf 70' lang='lat' dir='ltr'>julii,</span> <span class='ocrx_word' id='word_1_556' title='bbox 1841 1958 1928 1979; x_wconf 83' lang='lat' dir='ltr'>anno</span> <span class='ocrx_word' id='word_1_557' title='bbox 1945 1949 2203 1988; x_wconf 84' lang='lat' dir='ltr'>quartodecimo.</span> <span class='ocrx_word' id='word_1_558' title='bbox 2224 1962 2236 1976; x_wconf 73' lang='lat' dir='ltr'><em>n</em></span> 
     </span>
    </p>
   </div>
   <div class='ocr_carea' id='block_1_19' title="bbox 1457 2130 2324 2163">
    <p class='ocr_par' dir='ltr' id='par_1_19' title="bbox 1457 2130 2324 2163">
     <span class='ocr_line' id='line_1_76' title="bbox 1457 2130 2324 2163; baseline 0 -6"><span class='ocrx_word' id='word_1_559' title='bbox 1457 2130 1575 2157; x_wconf 89' lang='grc'><strong>5255</strong></span> <span class='ocrx_word' id='word_1_560' title='bbox 1946 2130 2067 2159; x_wconf 82' lang='lat' dir='ltr'>Latran.</span> <span class='ocrx_word' id='word_1_561' title='bbox 2085 2131 2118 2157; x_wconf 83' lang='grc'>12</span> <span class='ocrx_word' id='word_1_562' title='bbox 2131 2131 2228 2163; x_wconf 80' lang='lat' dir='ltr'>juillet</span> <span class='ocrx_word' id='word_1_563' title='bbox 2248 2130 2324 2157; x_wconf 75' lang='lat'>1240.</span> 
     </span>
    </p>
   </div>
   <div class='ocr_carea' id='block_1_20' title="bbox 1387 2192 2399 2567">
    <p class='ocr_par' dir='ltr' id='par_1_20' title="bbox 1387 2192 2399 2567">
     <span class='ocr_line' id='line_1_77' title="bbox 1423 2192 2397 2228; baseline 0.001 -10"><span class='ocrx_word' id='word_1_564' title='bbox 1423 2192 1562 2226; x_wconf 72' lang='lat' dir='ltr'>Gregorio</span> <span class='ocrx_word' id='word_1_565' title='bbox 1578 2192 1613 2218; x_wconf 86' lang='lat' dir='ltr'>de</span> <span class='ocrx_word' id='word_1_566' title='bbox 1629 2192 1732 2219; x_wconf 84' lang='lat' dir='ltr'>Monte</span> <span class='ocrx_word' id='word_1_567' title='bbox 1746 2193 1855 2226; x_wconf 74' lang='lat' dir='ltr'>Longo,</span> <span class='ocrx_word' id='word_1_568' title='bbox 1871 2192 2049 2220; x_wconf 86' lang='lat' dir='ltr'>subdiacono</span> <span class='ocrx_word' id='word_1_569' title='bbox 2063 2196 2091 2219; x_wconf 90' lang='lat' dir='ltr'>et</span> <span class='ocrx_word' id='word_1_570' title='bbox 2104 2193 2217 2219; x_wconf 88' lang='lat' dir='ltr'>notario</span> <span class='ocrx_word' id='word_1_571' title='bbox 2230 2202 2291 2225; x_wconf 87' lang='grc'><strong>500,</strong></span> <span class='ocrx_word' id='word_1_572' title='bbox 2305 2194 2397 2228; x_wconf 85' lang='lat' dir='ltr'>Apos-</span> 
     </span>
     <span class='ocr_line' id='line_1_78' title="bbox 1387 2241 2397 2276; baseline 0.002 -9"><span class='ocrx_word' id='word_1_573' title='bbox 1387 2241 1493 2268; x_wconf 84' lang='lat' dir='ltr'>tolicae</span> <span class='ocrx_word' id='word_1_574' title='bbox 1505 2241 1591 2268; x_wconf 77' lang='lat' dir='ltr'>Sedis</span> <span class='ocrx_word' id='word_1_575' title='bbox 1603 2242 1708 2275; x_wconf 75' lang='lat' dir='ltr'>legato,</span> <span class='ocrx_word' id='word_1_576' title='bbox 1725 2242 1847 2268; x_wconf 87' lang='lat' dir='ltr'>mandat</span> <span class='ocrx_word' id='word_1_577' title='bbox 1861 2245 2015 2276; x_wconf 80' lang='lat' dir='ltr'>quatenus,</span> <span class='ocrx_word' id='word_1_578' title='bbox 2028 2251 2094 2269; x_wconf 80' lang='lat' dir='ltr'>cun]</span> <span class='ocrx_word' id='word_1_579' title='bbox 2107 2242 2170 2276; x_wconf 87' lang='lat' dir='ltr'>ipse</span> <span class='ocrx_word' id='word_1_580' title='bbox 2184 2250 2258 2276; x_wconf 86' lang='lat' dir='ltr'>papa</span> <span class='ocrx_word' id='word_1_581' title='bbox 2270 2250 2397 2276; x_wconf 83' lang='lat' dir='ltr'>pronun—</span> 
     </span>
     <span class='ocr_line' id='line_1_79' title="bbox 1388 2290 2396 2325; baseline 0.001 -9"><span class='ocrx_word' id='word_1_582' title='bbox 1388 2290 1523 2316; x_wconf 77' lang='lat' dir='ltr'>tiavisset</span> <span class='ocrx_word' id='word_1_583' title='bbox 1560 2290 1595 2316; x_wconf 82' lang='lat' dir='ltr'>ad</span> <span class='ocrx_word' id='word_1_584' title='bbox 1634 2291 1817 2324; x_wconf 83' lang='lat' dir='ltr'>apertionem</span> <span class='ocrx_word' id='word_1_585' title='bbox 1854 2290 2059 2324; x_wconf 82' lang='lat' dir='ltr'>inquisitionis</span> <span class='ocrx_word' id='word_1_586' title='bbox 2094 2294 2195 2317; x_wconf 85' lang='lat' dir='ltr'>contra</span> <span class='ocrx_word' id='word_1_587' title='bbox 2227 2291 2396 2325; x_wconf 82' lang='lat' dir='ltr'>episcopum</span> 
     </span>
     <span class='ocr_line' id='line_1_80' title="bbox 1388 2338 2398 2374; baseline 0.002 -10"><span class='ocrx_word' id='word_1_588' title='bbox 1388 2338 1575 2365; x_wconf 78' lang='lat' dir='ltr'>Brixiensem</span> <span class='ocrx_word' id='word_1_589' title='bbox 1603 2340 1706 2371; x_wconf 85' lang='lat' dir='ltr'>factae,</span> <span class='ocrx_word' id='word_1_590' title='bbox 1729 2348 1790 2365; x_wconf 87' lang='lat' dir='ltr'>esse</span> <span class='ocrx_word' id='word_1_591' title='bbox 1812 2340 1983 2366; x_wconf 84' lang='lat' dir='ltr'>nullatenus</span> <span class='ocrx_word' id='word_1_592' title='bbox 2000 2340 2229 2374; x_wconf 83' lang='lat' dir='ltr'>procedendum.</span> <span class='ocrx_word' id='word_1_593' title='bbox 2251 2343 2279 2366; x_wconf 88' lang='lat' dir='ltr'>et-</span> <span class='ocrx_word' id='word_1_594' title='bbox 2300 2340 2398 2366; x_wconf 84' lang='lat' dir='ltr'>dictus</span> 
     </span>
     <span class='ocr_line' id='line_1_81' title="bbox 1388 2387 2398 2422; baseline 0.002 -9"><span class='ocrx_word' id='word_1_595' title='bbox 1388 2387 1541 2421; x_wconf 83' lang='lat' dir='ltr'>episcopus</span> <span class='ocrx_word' id='word_1_596' title='bbox 1558 2388 1593 2413; x_wconf 84' lang='grc'>311</span> <span class='ocrx_word' id='word_1_597' title='bbox 1611 2388 1728 2422; x_wconf 78' lang='lat' dir='ltr'>propria</span> <span class='ocrx_word' id='word_1_598' title='bbox 1745 2397 1810 2414; x_wconf 84' lang='lat' dir='ltr'>cun]</span> <span class='ocrx_word' id='word_1_599' title='bbox 1829 2388 1924 2422; x_wconf 78' lang='lat' dir='ltr'>gratia</span> <span class='ocrx_word' id='word_1_600' title='bbox 1941 2388 2040 2422; x_wconf 84' lang='lat' dir='ltr'>papali</span> <span class='ocrx_word' id='word_1_601' title='bbox 2057 2392 2264 2419; x_wconf 78' lang='lat' dir='ltr'>reverteretur,</span> <span class='ocrx_word' id='word_1_602' title='bbox 2280 2389 2398 2415; x_wconf 74' lang='lat' dir='ltr'>institu—</span> 
     </span>
     <span class='ocr_line' id='line_1_82' title="bbox 1389 2436 2399 2471; baseline 0.002 -9"><span class='ocrx_word' id='word_1_603' title='bbox 1389 2436 1499 2462; x_wconf 87' lang='lat' dir='ltr'>tionem</span> <span class='ocrx_word' id='word_1_604' title='bbox 1512 2440 1732 2470; x_wconf 85' lang='lat' dir='ltr'>procuratorum</span> <span class='ocrx_word' id='word_1_605' title='bbox 1751 2437 1781 2463; x_wconf 93' lang='lat' dir='ltr'>in</span> <span class='ocrx_word' id='word_1_606' title='bbox 1799 2437 1882 2464; x_wconf 85' lang='lat' dir='ltr'>bonis</span> <span class='ocrx_word' id='word_1_607' title='bbox 1897 2437 2038 2464; x_wconf 79' lang='lat' dir='ltr'>ecclesiae</span> <span class='ocrx_word' id='word_1_608' title='bbox 2054 2437 2221 2464; x_wconf 80' lang='lat' dir='ltr'>Brixiensis</span> <span class='ocrx_word' id='word_1_609' title='bbox 2237 2440 2265 2464; x_wconf 84' lang='lat' dir='ltr'>et</span> <span class='ocrx_word' id='word_1_610' title='bbox 2279 2446 2399 2471; x_wconf 87' lang='lat' dir='ltr'>suspen-</span> 
     </span>
     <span class='ocr_line' id='line_1_83' title="bbox 1389 2485 2398 2520; baseline 0.002 -9"><span class='ocrx_word' id='word_1_611' title='bbox 1389 2485 1501 2512; x_wconf 88' lang='lat' dir='ltr'>sionem</span> <span class='ocrx_word' id='word_1_612' title='bbox 1529 2486 1712 2519; x_wconf 80' lang='lat' dir='ltr'>qnorundam</span> <span class='ocrx_word' id='word_1_613' title='bbox 1740 2486 1913 2513; x_wconf 86' lang='lat' dir='ltr'>clericorum</span> <span class='ocrx_word' id='word_1_614' title='bbox 1941 2486 2035 2520; x_wconf 88' lang='lat' dir='ltr'>ipsius</span> <span class='ocrx_word' id='word_1_615' title='bbox 2058 2486 2186 2520; x_wconf 84' lang='lat' dir='ltr'>episcopi</span> <span class='ocrx_word' id='word_1_616' title='bbox 2213 2490 2339 2513; x_wconf 79' lang='lat' dir='ltr'>revocet.</span> <span class='ocrx_word' id='word_1_617' title='bbox 2367 2502 2398 2505; x_wconf 79' lang='lat'><strong>—</strong></span> 
     </span>
     <span class='ocr_line' id='line_1_84' title="bbox 1388 2534 2319 2567; baseline 0.002 -7"><span class='ocrx_word' id='word_1_618' title='bbox 1388 2535 1474 2565; x_wconf 66' lang='lat' dir='ltr'>(nm.</span> <span class='ocrx_word' id='word_1_619' title='bbox 1490 2534 1533 2566; x_wconf 81' lang='grc'>20,</span> <span class='ocrx_word' id='word_1_620' title='bbox 1552 2534 1615 2560; x_wconf 63' lang='lat'>1221</span> <span class='ocrx_word' id='word_1_621' title='bbox 1631 2539 1668 2566; x_wconf 76' lang='grc'><strong>1·”;</strong></span> <span class='ocrx_word' id='word_1_622' title='bbox 1684 2544 1754 2561; x_wconf 88' lang='lat' dir='ltr'>ann.</span> <span class='ocrx_word' id='word_1_623' title='bbox 1770 2535 1852 2567; x_wconf 83' lang='lat' dir='ltr'>XIV,</span> <span class='ocrx_word' id='word_1_624' title='bbox 1867 2535 1972 2567; x_wconf 79' lang='grc'><strong>0.122;</strong></span> <span class='ocrx_word' id='word_1_625' title='bbox 1986 2550 2017 2553; x_wconf 83' lang='grc'><strong>-</strong></span> <span class='ocrx_word' id='word_1_626' title='bbox 2038 2536 2194 2562; x_wconf 77' lang='grc' dir='ltr'><strong>ΡοτΤΗΑ5τ</strong></span> <span class='ocrx_word' id='word_1_627' title='bbox 2209 2535 2319 2566; x_wconf 78' lang='grc'><strong>10914.)</strong></span> 
     </span>
    </p>
   </div>
   <div class='ocr_carea' id='block_1_21' title="bbox 1388 2635 2399 2994">
    <p class='ocr_par' dir='ltr' id='par_1_21' title="bbox 1388 2635 2399 2994">
     <span class='ocr_line' id='line_1_85' title="bbox 1431 2635 2394 2675; baseline 0.001 -10"><span class='ocrx_word' id='word_1_628' title='bbox 1431 2648 1443 2661; x_wconf 78' lang='lat'>&lt;‹</span> <span class='ocrx_word' id='word_1_629' title='bbox 1460 2636 1626 2675; x_wconf 74' lang='lat' dir='ltr'>G[7·e90r2&#39;0]</span> <span class='ocrx_word' id='word_1_630' title='bbox 1642 2637 1675 2665; x_wconf 73' lang='lat' dir='ltr'>(le</span> <span class='ocrx_word' id='word_1_631' title='bbox 1690 2637 1787 2665; x_wconf 80' lang='lat' dir='ltr'>Monte</span> <span class='ocrx_word' id='word_1_632' title='bbox 1795 2635 1903 2673; x_wconf 63' lang='lat' dir='ltr'>Lonyo,</span> <span class='ocrx_word' id='word_1_633' title='bbox 1922 2637 2106 2666; x_wconf 66' lang='lat' dir='ltr'>subdiacono</span> <span class='ocrx_word' id='word_1_634' title='bbox 2118 2642 2143 2665; x_wconf 79' lang='lat' dir='ltr'>et</span> <span class='ocrx_word' id='word_1_635' title='bbox 2157 2637 2276 2665; x_wconf 78' lang='lat' dir='ltr'>notario</span> <span class='ocrx_word' id='word_1_636' title='bbox 2287 2642 2394 2671; x_wconf 78' lang='lat' dir='ltr'>nostro,</span> 
     </span>
     <span class='ocr_line' id='line_1_86' title="bbox 1388 2689 2399 2728; baseline 0.001 -10"><span class='ocrx_word' id='word_1_637' title='bbox 1388 2690 1552 2726; x_wconf 66' lang='lat' dir='ltr'>Apostolice</span> <span class='ocrx_word' id='word_1_638' title='bbox 1580 2690 1665 2719; x_wconf 75' lang='lat' dir='ltr'>Sedis</span> <span class='ocrx_word' id='word_1_639' title='bbox 1695 2690 1801 2727; x_wconf 65' lang='lat' dir='ltr'>legato.</span> <span class='ocrx_word' id='word_1_640' title='bbox 1834 2690 2029 2719; x_wconf 86' lang='lat' dir='ltr'>Presentata</span> <span class='ocrx_word' id='word_1_641' title='bbox 2056 2689 2151 2719; x_wconf 87' lang='lat' dir='ltr'>nobis</span> <span class='ocrx_word' id='word_1_642' title='bbox 2178 2689 2399 2728; x_wconf 85' lang='lat' dir='ltr'>inquisitione</span> 
     </span>
     <span class='ocr_line' id='line_1_87' title="bbox 1389 2743 2398 2782; baseline 0.002 -11"><span class='ocrx_word' id='word_1_643' title='bbox 1389 2751 1452 2780; x_wconf 85' lang='lat' dir='ltr'>que</span> <span class='ocrx_word' id='word_1_644' title='bbox 1470 2747 1583 2772; x_wconf 87' lang='lat' dir='ltr'>eontra</span> <span class='ocrx_word' id='word_1_645' title='bbox 1604 2743 1829 2773; x_wconf 82' lang='lat' dir='ltr'>venerabilem</span> <span class='ocrx_word' id='word_1_646' title='bbox 1845 2743 1982 2773; x_wconf 84' lang='lat' dir='ltr'>fratrem</span> <span class='ocrx_word' id='word_1_647' title='bbox 1999 2748 2149 2773; x_wconf 86' lang='lat' dir='ltr'>nostrum</span> <span class='ocrx_word' id='word_1_648' title='bbox 2169 2766 2186 2772; x_wconf 91' lang='lat'>..</span> <span class='ocrx_word' id='word_1_649' title='bbox 2209 2743 2398 2782; x_wconf 86' lang='lat' dir='ltr'>episcopum</span> 
     </span>
     <span class='ocr_line' id='line_1_88' title="bbox 1390 2795 2395 2835; baseline 0.002 -12"><span class='ocrx_word' id='word_1_650' title='bbox 1390 2795 1598 2825; x_wconf 82' lang='lat' dir='ltr'>Brixiensem</span> <span class='ocrx_word' id='word_1_651' title='bbox 1617 2805 1674 2834; x_wconf 87' lang='lat' dir='ltr'>per</span> <span class='ocrx_word' id='word_1_652' title='bbox 1690 2795 1853 2834; x_wconf 82' lang='lat' dir='ltr'>dil[ectos]</span> <span class='ocrx_word' id='word_1_653' title='bbox 1875 2795 1986 2835; x_wconf 87' lang='lat' dir='ltr'>fil[ios]</span> <span class='ocrx_word' id='word_1_654' title='bbox 2010 2797 2058 2831; x_wconf 61' lang='lat' dir='ltr'>P„</span> <span class='ocrx_word' id='word_1_655' title='bbox 2080 2796 2118 2826; x_wconf 86' lang='lat' dir='ltr'>de</span> <span class='ocrx_word' id='word_1_656' title='bbox 2137 2796 2395 2832; x_wconf 83' lang='lat' dir='ltr'>Predicatorum,</span> 
     </span>
     <span class='ocr_line' id='line_1_89' title="bbox 1390 2848 2399 2884; baseline 0 -6"><span class='ocrx_word' id='word_1_657' title='bbox 1390 2853 1420 2878; x_wconf 86' lang='lat' dir='ltr'>et</span> <span class='ocrx_word' id='word_1_658' title='bbox 1443 2848 1494 2882; x_wconf 38' lang='lat' dir='ltr'>Bt,</span> <span class='ocrx_word' id='word_1_659' title='bbox 1522 2848 1560 2878; x_wconf 90' lang='lat' dir='ltr'>de</span> <span class='ocrx_word' id='word_1_660' title='bbox 1588 2849 1754 2879; x_wconf 88' lang='lat' dir='ltr'>Minorum</span> <span class='ocrx_word' id='word_1_661' title='bbox 1780 2849 1921 2879; x_wconf 82' lang='lat' dir='ltr'>fratrum</span> <span class='ocrx_word' id='word_1_662' title='bbox 1944 2849 2129 2884; x_wconf 70' lang='grc'><strong>0161011105,</strong></span> <span class='ocrx_word' id='word_1_663' title='bbox 2154 2850 2241 2880; x_wconf 78' lang='lat' dir='ltr'>facta</span> <span class='ocrx_word' id='word_1_664' title='bbox 2267 2849 2342 2880; x_wconf 81' lang='lat' dir='ltr'>fnit..</span> <span class='ocrx_word' id='word_1_665' title='bbox 2368 2854 2399 2879; x_wconf 86' lang='lat' dir='ltr'>et</span> 
     </span>
     <span class='ocr_line' id='line_1_90' title="bbox 1389 2900 2398 2940; baseline 0.002 -11"><span class='ocrx_word' id='word_1_666' title='bbox 1389 2900 1555 2931; x_wconf 83' lang='lat' dir='ltr'>hincinde</span> <span class='ocrx_word' id='word_1_667' title='bbox 1572 2902 1750 2940; x_wconf 83' lang='lat' dir='ltr'>propositis</span> <span class='ocrx_word' id='word_1_668' title='bbox 1767 2902 1944 2940; x_wconf 78' lang='lat' dir='ltr'>diligenter</span> <span class='ocrx_word' id='word_1_669' title='bbox 1960 2902 2094 2938; x_wconf 72' lang='lat' dir='ltr'>auditis,</span> <span class='ocrx_word' id='word_1_670' title='bbox 2114 2902 2151 2932; x_wconf 92' lang='lat' dir='ltr'>de</span> <span class='ocrx_word' id='word_1_671' title='bbox 2168 2903 2308 2932; x_wconf 86' lang='lat' dir='ltr'>fratrum</span> <span class='ocrx_word' id='word_1_672' title='bbox 2326 2911 2398 2932; x_wconf 85' lang='lat' dir='ltr'>nos-</span> 
     </span>
     <span class='ocr_line' id='line_1_91' title="bbox 1390 2954 2396 2994; baseline 0.002 -12"><span class='ocrx_word' id='word_1_673' title='bbox 1390 2959 1513 2983; x_wconf 89' lang='lat' dir='ltr'>trornm</span> <span class='ocrx_word' id='word_1_674' title='bbox 1532 2954 1671 2984; x_wconf 90' lang='lat' dir='ltr'>consilio</span> <span class='ocrx_word' id='word_1_675' title='bbox 1688 2955 1728 2984; x_wconf 83' lang='lat' dir='ltr'>ad</span> <span class='ocrx_word' id='word_1_676' title='bbox 1752 2955 1957 2993; x_wconf 88' lang='lat' dir='ltr'>apertionem</span> <span class='ocrx_word' id='word_1_677' title='bbox 1982 2955 2215 2994; x_wconf 83' lang='lat' dir='ltr'>inquisitionis</span> <span class='ocrx_word' id='word_1_678' title='bbox 2237 2955 2396 2994; x_wconf 86' lang='lat' dir='ltr'>ejusdem,</span> 
     </span>
    </p>
   </div>
  </div>
 </body>
</html>
