2553 3526
315 298 368 326 227

387 364 505 391 5145

351 426 481 453 (luidoni
499 428 525 451 et
543 424 733 456 llueuicioni,
755 424 825 449 filiis
848 426 876 450 et
895 423 1051 450 heredibus
1070 423 1218 456 quondam
1243 423 1324 455 Ray-

895 363 1014 394 Latran‚
1031 362 1062 388 *21
1080 361 1155 388 avril
1173 360 1250 387 1210.

317 475 389 501 nerii
413 474 607 503 marchionis,
632 473 780 506 significat
805 481 834 497 se
853 472 1031 498 sententiam
1056 471 1173 497 arbitrii
1196 480 1212 497 a
1235 469 1324 504 R[ay-

316 521 424 556 nablo}
442 522 576 555 episcopo
590 520 733 551 Ostiensi,
752 521 968 553 promulgatam
986 519 1015 545 in
1038 528 1125 545 eausa
1140 519 1218 545 inter
1240 526 1325 552 prae-

314 571 426 597 dictum
443 570 622 603 ltaynerium
639 569 852 600 marchionem,
865 576 963 594 eorum
977 570 1102 602 patrem,
1115 576 1150 593 ex
1162 576 1219 593 una
1232 570 1323 601 parte,

315 622 342 646 et
354 628 415 645 com
423 619 598 644 munitatem
618 617 810 650 hominesque
822 616 908 643 castri
927 616 1037 649 Pregii,
1051 624 1084 642 ex
1097 617 1200 647 altera,
1213 619 1324 647 exorta,

315 677 401 703 super
414 667 620 701 jurisdictione
636 670 664 693 et
682 666 797 699 juribus
810 674 883 699 quae
897 665 1065 699 praedictus
1081 674 1179 691 eorum
1198 668 1280 698 pater
1295 665 1324 690 iu

315 718 415 744 eodem
433 720 527 742 castro
539 725 568 741 se
583 715 688 742 habere
701 715 828 746 dicebat,
844 715 1031 745 confirmare;
1045 722 1118 748 quae
1130 722 1217 740 causa
1232 714 1326 747 primo

315 765 429 795 Ottoni,
446 764 547 791 Sancti
564 763 682 790 Nicolai
699 763 729 789 in
745 763 868 790 Carcere
881 763 1031 794 Tulliano,
1051 765 1079 789 et
1096 762 1223 788 seeundo
1237 762 1327 795 Aegi-

314 815 372 845 ‹lio,
398 814 573 840 Sanctorum
598 812 721 839 Cosmae
743 815 771 838 et
795 811 935 838 Damiani
962 811 1095 837 diaconis
1112 810 1326 843 cardinalibus,

314 863 473 889 commissa
498 863 612 892 fuerat;
639 869 696 894 qua
720 860 870 887 sententia
894 860 972 886 idem
1002 859 1156 894 episcopus
1179 858 1327 885 Ostiensis

315 911 391 944 ipsos
417 909 583 936 Guidonem
608 911 635 934 et
662 907 881 941 Huguicionem
908 907 938 933 in
960 907 1175 941 possessionem
1196 906 1328 940 praedic-

316 964 410 985 torum
431 957 648 992 jurisdictionis
671 960 699 983 et
722 957 833 990 jurium
858 956 1044 986 restituerat:
1070 955 1179 982 inserto
1200 954 1254 981 sub
1277 963 1329 981 sua

316 1008 397 1034 bulla
423 1006 589 1041 praedictae
618 1005 785 1031 sententiae
813 1008 923 1031 tenore.
956 1019 987 1022 —
1015 1005 1100 1036 (Rae.
1126 1004 1175 1035 20,
1200 1004 1219 1029 s.
1246 1004 1262 1029 5
1287 1006 1327 1035 r⁰;

315 1066 384 1083 ann.
403 1056 485 1088 XIV,
499 1064 523 1081 e.
541 1055 588 1086 23;
605 1069 636 1072 —
655 1055 837 1081 RoosNBERc,
854 1053 928 1084 771.)

358 1184 370 1196 «
389 1171 544 1199 Nobilibus
562 1171 638 1199 viris
661 1169 793 1198 Guizloni
810 1173 834 1197 el
853 1168 1054 1204 Huquirioni,
1074 1168 1151 1203 filiis
1166 1172 1191 1195 et
1210 1167 1329 1195 heredi-

316 1224 368 1252 bus
397 1224 551 1260 qnondam
575 1223 715 1251 Raincrii
740 1222 942 1250 niort-hienis.
970 1221 1016 1249 Ea
1045 1229 1108 1258 que
1130 1220 1256 1258 judicio
1279 1237 1326 1248 —.

317 1277 388 1305 Dat.
410 1275 573 1310 Laterani,
595 1276 641 1304 XI
658 1274 818 1303 kalendas
832 1273 922 1308 maii,
940 1282 1026 1302 anno
1041 1272 1299 1311 quartodecimo.
1315 1284 1327 1298 »

392 1485 535 1522 [5146]

355 1550 524 1585 [Praedicta
539 1558 607 1575 vero
630 1549 779 1576 sententia
801 1548 962 1581 Raynaldi,
986 1548 1116 1582 episcopi
1137 1547 1283 1574 Ostiensis
1304 1550 1333 1574 et

321 1599 527 1630 Velletrensis,
542 1599 584 1625 sic
601 1598 709 1632 incipit
725 1600 753 1624 et
771 1597 899 1624 desinit¹
917 1595 936 1631 :]

1006 1485 1039 1511 25
1056 1485 1164 1511 sevrier
1180 1485 1258 1511 1240.

363 1727 374 1740 ι(
403 1714 440 1743 111
465 1713 599 1743 nomine
626 1713 761 1742 Domini
785 1713 899 1742 Nostri
923 1712 1027 1743 Jhesu
1052 1711 1189 1742 Christi.
1215 1713 1332 1741 Amen.

322 1780 333 1791 »
361 1768 457 1795 Anno
486 1766 682 1795 Nativitatis
713 1765 861 1804 ejusdem
896 1764 1091 1797 M⁰CC⁰XL⁰,
1123 1763 1334 1802 pontificatus

360 1819 485 1848 domini
511 1818 663 1856 Gregorii
689 1827 770 1856 pape
797 1817 877 1847 noni
902 1826 988 1846 anno
1014 1818 1119 1851 X1110,
1152 1817 1334 1846 indictione

360 1873 498 1909 X111[³]‚
516 1880 630 1901 mense
652 1870 859 1909 feb[ruario],
884 1870 936 1900 die
961 1870 1065 1900 XXV.
1089 1869 1230 1899 suborta
1248 1869 1336 1899 inter

324 1938 335 1951 »
363 1925 509 1954 nobilem
538 1942 587 1953 —-.
614 1925 681 1962 Ego
714 1923 908 1959 Noclerius,
944 1923 1139 1953 auctoritate
1168 1922 1336 1960 imperiali

325 1992 335 2004 »
363 1978 577 2012 scriniarius,
617 1977 774 2016 predictis
805 1977 960 2006 omnibus
991 1976 1146 2011 interfui,
1185 1981 1215 2005 et
1251 1976 1336 2005 hanc

326 2046 335 2057 t
363 2031 562 2061 sententiam
580 2031 619 2060 de
636 2031 791 2060 mandato
811 2029 1014 2059 venerabilis
1033 2030 1136 2067 patris
1158 2029 1263 2059 nostri
1280 2029 1337 2058 do-

325 2097 336 2110 »
363 2085 446 2113 mini
470 2084 666 2123 R[ainaldi],
690 2084 856 2113 Ostiensis
882 2087 912 2113 et
933 2082 1152 2113 Velletrcnsis
1177 2082 1335 2120 episcopi,

323 1832 328 1844 )

323 1885 328 1897 )

326 2150 337 2163 1>
364 2137 482 2176 scripsi
498 2142 528 2167 et
546 2137 707 2175 complevi
726 2142 871 2175 rogatus.
895 2148 907 2162 υ

394 2350 447 2377 51
458 2350 515 2377 ⁴2
907 2350 1028 2381 Lati-an,
1046 2349 1079 2375 28
1095 2349 1172 2375 avril
1188 2348 1264 2375 1240.

360 2414 503 2447 Ernst-opo
519 2412 705 2443 Belxacensi,
722 2411 904 2445 significanti
922 2412 1070 2445 subjectas
1082 2411 1139 2438 sibi
1153 2411 1291 2438 ecclesias
1303 2411 1338 2437 de

327 2463 465 2489 mandato
484 2462 644 2495 apostolico
667 2469 754 2494 super
770 2461 938 2494 provisione
955 2460 1177 2494 quamplurium
1195 2468 1256 2486 esse
1273 2468 1338 2493 gra-

327 2515 419 2543 vatas,
444 2511 575 2544 indulget
603 2514 633 2536 ut
657 2510 692 2535 ‹le
713 2513 808 2536 cetero
834 2510 924 2536 alicui
951 2518 1000 2543 per
1026 2509 1139 2535 litteras
1162 2509 1338 2542 apostolicas

326 2569 399 2593 quae
415 2560 450 2586 de
467 2559 614 2593 praesenti
638 2559 826 2592 indulgentia
847 2567 903 2584 non
920 2558 1044 2584 fecerint
1067 2558 1260 2590 mentionem,
1280 2566 1337 2584 11011

327 2612 461 2635 tencatur
478 2608 641 2641 providere.
660 2623 691 2625 —
709 2608 794 2639 (itm.
812 2607 855 2639 20,
876 2608 894 2633 1'.
913 2608 928 2633 5
946 2611 990 2638 v'';
1008 2615 1076 2633 ann.
1095 2607 1177 2638 XIV,
1194 2615 1218 2632 c.
1236 2606 1288 2638 243
1306 2620 1337 2624 —-

331 2657 461 2683 Momm
477 2657 555 2688 1193,
574 2657 593 2682 f.
613 2656 668 2687 19.)

369 2784 381 2796 «
400 2794 419 2799 ..
435 2772 567 2807 episcopo
585 2771 768 2799 Belcacensi.
787 2769 880 2804 Cum,
899 2769 985 2798 sicut
1003 2769 1098 2798 nobis
1115 2786 1163 2797 —.
1182 2769 1253 2798 Dat.
1279 2769 1340 2798 La-

331 2823 448 2857 terani,
470 2824 535 2852 llll
553 2822 711 2852 kalendas
727 2822 817 2857 maii,
837 2830 923 2851 anno
940 2822 1199 2860 quartodecimo.
1219 2834 1231 2847 »

364 2970 384 2992 1.
403 2969 469 2992 REG.
487 2968 525 2997 Ἦ),
543 2969 560 2991 f.
578 2969 591 2991 5
607 2973 639 2991 r⁰.

1046 294 1283 324 izeeis'rREs
1307 293 1360 322 DE
1384 285 1606 323 GREGOIRE
1631 294 1686 323 lx.

2359 295 2416 324 ‘228

1477 360 1531 388 51
1541 360 1598 387 48
1986 360 2106 392 Latran,
2122 360 2156 387 30
2170 361 2246 387 avril
2264 361 2342 388 1240.

1442 422 1672 456 Archiepiseopo
1691 422 1800 448 Pisano
1818 421 1940 448 mandat
1958 424 2102 456 quatenus
2119 423 2210 449 electo
2228 423 2416 456 Grossetano,

1407 471 1468 504 qui,
1484 473 1601 504 propter
1615 471 1730 497 viarum
1744 470 1930 502 discrimina„
1946 479 2003 496 non
2021 473 2134 504 poterat
2147 471 2252 498 Sedem
2265 471 2416 505 Apostoli-

1407 527 1470 545 cam
1489 527 1539 553 pro
1553 519 1772 545 consecratione
1792 518 1954 545 obtinenda
1973 518 2065 551 adire,
2087 519 2337 546 consecrationem
2358 520 2417 546 im-

1408 568 1517 601 pendat
1531 570 1558 594 et
1576 567 1665 594 faeiat
1679 567 1716 594 ab
1729 568 1791 601 ejus
1811 567 1938 594 subditis
1954 566 2153 593 obedientiam
2171 568 2316 600 exhiberi,
2333 567 2370 594 ab
2385 576 2416 594 eo

1407 619 1592 650 recepturus,
1616 624 1667 650 pro
1698 617 1832 643 Romana
1856 616 2003 646 Ecclesia,
2037 616 2190 643 fidelitatis
2214 616 2417 650 juramentum

1409 665 1570 692 secundum
1589 666 1712 691 formam
1729 665 1766 691 ad
1783 664 1880 699 ipsum
1897 664 2151 698 arehiepiscopum
2167 664 2221 691 sub
2236 664 2318 691 bulla
2333 673 2418 699 apos-

1409 713 1499 739 tolica
1526 713 1730 739 transmissam
1747 721 1752 745 ;
1780 714 1904 740 formam
1931 713 2093 746 juramenti
2117 713 2193 746 quod
2218 713 2281 747 ipse
2308 714 2418 740 electus

1409 762 1602 795 praestiterit,
1619 762 1681 796 ipse
1696 762 1935 796 archiepiscopus
1947 762 1982 788 de
1997 762 2086 788 verbo
2106 762 2142 788 ad
2162 761 2282 788 verbum
2300 770 2350 796 per
2366 770 2418 796 pa-

1410 812 1504 837 tentes
1521 810 1636 837 litteras
1655 811 1786 844 ejusdem
1809 811 1895 837 electi
1918 811 2016 844 sigillo
2037 811 2178 844 signatas,
2197 819 2247 844 per
2267 811 2418 845 proprium

1411 858 1551 884 nuntium
1586 859 1761 892 quantocius
1790 859 1824 885 ad
1853 859 1959 886 Sedem
1983 859 2185 894 Apostolieani
2216 859 2355 886 destinet.
2387 874 2419 877 —

1411 907 1497 938 (Bm.
1510 906 1554 938 20,
1568 907 1588 933 f.
1601 907 1617 933 6
1631 910 1668 939 r⁰;
1685 915 1755 933 ann.
1772 907 1855 939 XIV,
1870 916 1895 934 0.
1909 907 1967 938 25.)
2385 897 2390 901 x

1454 1033 1466 1047 «
1487 1043 1507 1050 ..
1524 1022 1750 1059 archiepiscopo
1773 1022 1894 1050 Pisano.
1912 1021 1995 1051 Cum
2017 1021 2155 1051 dilectus
2172 1021 2261 1050 filius
2279 1038 2326 1051 ——.
2346 1022 2419 1050 Dat.

1413 1074 1580 1109 Laterani,
1602 1075 1633 1104 II
1649 1073 1809 1104 kalendas
1824 1074 1915 1109 maii,
1934 1083 2021 1103 anno
2034 1074 2293 1113 quartodecimo.
2313 1086 2325 1100 »

1484 1281 1601 1309 5149
2024 1281 2146 1313 Latran,
2162 1281 2178 1307 2
2196 1280 2256 1308 mai
2272 1280 2351 1308 1240.

1449 1343 1560 1370 Abbati
1580 1344 1752 1370 monasterii
1770 1343 1874 1370 Sancti
1892 1343 2056 1370 Salvatoris
2077 1342 2195 1370 Reatini
2213 1343 2336 1370 mandat
2352 1351 2425 1377 qua-

1415 1395 1500 1419 tenus
1513 1392 1613 1419 abbati
1632 1392 1803 1419 monasterii
1818 1391 1925 1418 Terrae
1940 1392 2076 1426 Majoris,
2094 1392 2154 1426 qui,
2172 1392 2232 1418 suis
2250 1392 2346 1426 culpis
2362 1391 2426 1418 exi-
2456 1417 2460 1421 ,

1415 1442 1562 1476 gentibus,
1580 1442 1856 1468 excommunicatus
1873 1442 1968 1468 fuerat
1984 1444 2023 1473 et,
2040 1442 2076 1468 ad
2093 1450 2140 1468 eor
2158 1441 2285 1474 rediens,
2303 1450 2332 1468 se
2347 1449 2426 1468 asse-

1416 1491 1498 1518 rebat
1532 1492 1610 1517 velle
1640 1491 1810 1524 apostolicis
1846 1491 2010 1525 praeceptis
2043 1490 2178 1522 obedire,
2210 1490 2426 1517 absolutionem

1416 1540 1581 1574 impendat,
1599 1542 1715 1573 recepto
1733 1539 1769 1566 ab
1785 1548 1816 1565 eo
1833 1539 1972 1573 primitus
1991 1539 2159 1572 juramento
2179 1539 2254 1572 quod
2278 1538 2428 1565 mandatis

1416 1588 1585 1623 apostolicis
1608 1588 1739 1622 praecise
1759 1587 1888 1622 parebit,
1913 1587 2009 1614 eidem
2027 1587 2164 1621 injungat
2180 1590 2212 1614 ut
2227 1587 2262 1614 de
2282 1590 2377 1614 cetero
2393 1587 2428 1613 de

1417 1637 1677 1664 administrat-ione
1694 1636 1838 1670 praedicti
1863 1636 2035 1662 monasterii
2056 1636 2162 1662 Terrae
2187 1635 2311 1669 Majoris
2333 1636 2429 1662 nulla-

1418 1689 1503 1713 tenus
1519 1695 1548 1712 se
1564 1685 1757 1712 intromittat.
1776 1700 1807 1703 —
1825 1686 1910 1717 (Hm.
1927 1685 1971 1718 20,
1987 1686 2006 1711 f.
2019 1685 2035 1711 6
2047 1691 2086 1717 r⁰;
2101 1693 2171 1711 ann.
2187 1685 2270 1717 XIV,
2288 1694 2312 1711 e.
2327 1684 2385 1716 26.)

1461 1813 1474 1827 «
1495 1824 1514 1829 ..
1532 1802 1631 1829 abbati
1647 1801 1826 1829 monasterii
1842 1800 1948 1829 Sancti
1971 1800 2142 1829 Salvatoris
2158 1800 2287 1828 Reatini.
2307 1799 2390 1829 Cum
2409 1821 2428 1828 ..

1420 1853 1521 1883 abbas
1549 1853 1744 1883 monasterii
1768 1871 1815 1882 —.
1845 1854 1918 1882 Dat.
1945 1852 2112 1887 Laterani,
2134 1852 2179 1882 VI
2205 1861 2310 1882 nonas
2336 1851 2428 1887 maii,

1421 1907 1783 1946 anno-quartodecimo.
1804 1918 1816 1932 »

1491 2114 1542 2140 51
1552 2112 1610 2140 50
2003 2112 2124 2144 Latran,
2141 2112 2174 2138 27
2189 2112 2266 2139 avril
2279 2111 2358 2138 1240.

1456 2175 1566 2202 Abbati
1585 2175 1688 2202 Sancti
1702 2174 1833 2201 Victoris
1852 2174 2042 2206 Parisiensis,
2062 2182 2115 2200 nec
2136 2182 2193 2200 non
2215 2174 2325 2200 decano
2341 2176 2370 2201 et
2385 2182 2431 2201 ar-

1422 2224 1597 2250 chidiacono
1618 2222 1838 2250 Parisiensibus
1853 2222 1971 2249 diversa
1988 2222 2129 2248 mandata
2149 2222 2199 2249 dat
2215 2230 2301 2256 super
2319 2230 2432 2249 eorrec-

1421 2273 1501 2300 tione
1522 2276 1550 2299 et
1571 2272 1780 2298 reformatione
1798 2271 1934 2298 abbatiae
1951 2271 2054 2298 Sancti
2075 2271 2219 2299 Johannis
2241 2271 2431 2303 Senonensis,

1421 2330 1495 2356 quae
1513 2320 1653 2347 correctio
1670 2323 1697 2346 et
1718 2320 1889 2346 reformatio
1913 2319 2043 2345 nondum
2063 2322 2220 2353 potuerant
2243 2319 2381 2346 obtineri.
2400 2333 2432 2338 —

1422 2371 1508 2403 (nm.
1529 2370 1573 2401 20,
1596 2371 1615 2396 t'.
1640 2369 1655 2396 6
1676 2373 1718 2401 1¹⁰3
1742 2377 1811 2396 ann.
1833 2369 1916 2401 xlv,
1938 2377 1963 2395 c.
1980 2368 2028 2401 27;
2046 2383 2078 2386 —
2095 2368 2227 2395 MOREAU
2245 2368 2324 2400 1193,
2342 2370 2362 2395 f.
2380 2368 2431 2399 15;

1423 2433 1453 2437 --
1471 2420 1508 2445 ct.
1526 2425 1621 2450 supra,
1639 2421 1668 2444 n‘*
1686 2417 1776 2449 1041.)

1952 2554 1971 2560 ..
1996 2532 2106 2560 decano
2127 2536 2152 2560 el
2176 2554 2195 2561 ..
2218 2531 2436 2560 archidiacono

1425 2587 1661 2615 Parisiensibus.
1679 2585 1771 2621 Cum,
1793 2583 1971 2614 intellectis
1988 2584 2112 2613 dudum
2128 2583 2231 2613 variis
2248 2588 2279 2614 et
2294 2584 2435 2614 diversis

1423 2639 1591 2677 periculis,
1613 2643 1678 2668 tam
1698 2638 1733 2667 in
1753 2636 1985 2676 spiritualibus
2008 2645 2107 2675 quani
2127 2637 2163 2666 in
2187 2636 2434 2675 temporalibus,

1425 2692 1564 2722 ecclesie
1591 2691 1705 2722 Sancti
1733 2690 1900 2722 Johannis
1926 2690 2149 2725 Senonensis‚
2176 2689 2303 2719 ordinis
2330 2690 2438 2719 sancti

1425 2745 1616 2783 Augustini,
1635 2753 1734 2782 super
1750 2743 1871 2782 quibus
1892 2743 1959 2772 nisi
1980 2742 2073 2773 velox
2096 2747 2317 2781 apponeretur
2334 2751 2438 2773 reme-

1426 2798 1529 2833 dium,
1548 2798 1682 2827 omnino
1699 2797 1838 2827 deficere
1855 2795 2062 2830 credebatur,
2081 2804 2151 2830 nos,
2171 2795 2437 2834 volentesipsius

1426 2850 1661 2889 indempnitati
1684 2849 1858 2880 consulere
1885 2853 1916 2878 et
1937 2848 2125 2878 animarum
2147 2848 2283 2878 obviare
2303 2848 2438 2887 dispen-

1426 2905 1508 2940 diis,
1552 2903 1823 2933 reformationem
1859 2902 2008 2941 ejusdem
2037 2924 2059 2931 ..
2093 2901 2204 2931 abbati
2243 2901 2439 2932 monasterii

1429 2958 1541 2988 Sancti
1566 2956 1732 2987 ι1011311015
1757 2956 1796 2986 de
1821 2955 1939 2985 Vineis
1965 2954 2218 2984 Suessionensis
2244 2958 2275 2984 et
2302 2953 2438 2992 collegis

1465 2546 1477 2560 «
1501 2556 1520 2562 ..
1539 2533 1638 2562 abbati
1660 2533 1767 2562 Sancti
1792 2532 1924 2567 Victoris,
