2553 3526
166 307 219 336 501
1003 295 1248 340 QUINZIEME
1271 297 1428 333 ANNEE.
2212 316 2267 343 502

239 372 325 400 602
333 371 359 398 4

202 434 312 461 Abbati
339 436 466 461 Sanctae
494 434 608 460 Mariae
638 434 844 464 Florentinae,
871 442 923 460 nec
949 442 1005 459 non
1032 432 1177 467 prioribus

168 483 271 510 Sancti
290 483 372 509 Petri
389 482 524 509 Scaradii
538 483 704 509 Florentini
721 486 749 509 et
767 483 894 509 Sanctae
911 482 1025 509 Mariae
1040 482 1075 507 de
1089 481 1177 507 Vice-

168 532 254 564 simo,
267 531 456 558 Florentinae
468 531 621 563 dioecesis,
638 531 761 557 mandat
773 534 916 564 quatenus
931 530 1043 556 faciant
1055 529 1180 555 firmiter

168 580 319 606 observari
336 580 485 613 quandam
509 580 689 606 sententiam
707 580 743 606 ab
759 580 893 614 episcopo
912 579 1043 606 Ostiensi
1061 586 1111 612 pro
1127 577 1180 604 ab-

170 628 288 655 batibus
312 628 415 655 Sancti
441 628 601 655 Michaelis
625 629 661 655 de
686 628 771 662 podio
795 628 898 655 Sancti
926 627 1046 659 Donati,
1076 626 1179 653 Sancti

169 676 281 709 Jacobi,
299 677 426 704 Sanctae
442 677 601 704 Trinitatis
614 678 649 704 de
663 677 748 704 Turri
765 680 793 703 et
808 677 911 703 Sancti
928 675 1064 709 Eugenii,
1079 684 1113 702 ac
1130 684 1180 709 pro

171 725 267 760 priore
293 726 397 753 Sancti
422 726 558 759 Vigilii',
582 735 634 752 nec
658 734 714 752 non
742 734 792 759 pro
814 725 972 751 eorundem
990 724 1129 751 abbatum
1153 727 1181 751 et

171 774 277 808 prioris
293 774 500 806 conventibus,
524 777 626 801 contra
645 775 790 808 praelatos
811 777 838 800 et
860 775 971 800 clerum
996 773 1130 800 civitatis
1153 776 1181 799 et

172 823 315 850 dioecesis
345 821 510 857 Senen[sis]
536 824 646 854 latam;
672 831 729 856 qua
754 822 902 849 sententia
924 822 1002 848 idem
1028 822 1182 856 episcopus

172 871 337 905 praedictos
354 872 499 905 praelatos
523 872 694 905 clerumque
714 871 964 897 condemnaverat
984 871 1020 897 ad
1038 871 1181 905 receptio-

172 928 239 946 nem
265 922 294 946 et
320 919 556 946 observationem
581 920 734 953 cujusdam
758 919 936 954 provisionis
961 919 1054 953 ipsius
1078 927 1180 953 papae,

172 968 313 995 videlicet
330 977 336 995 ε
354 976 367 993 «
385 972 427 1000 ut,
444 977 510 995 cum
529 969 657 1002 legatum
677 969 724 994 vel
746 968 884 994 nuntium
908 968 994 994 Sedis
1012 968 1182 1001 Apostolice

172 1025 185 1042 n
206 1025 257 1051 per
282 1025 499 1051 quemcumque
524 1018 619 1043 locum
646 1017 832 1051 episcopatus
857 1017 997 1043 Senensis
1021 1017 1178 1043 transitum

172 1072 185 1090 1>
207 1065 313 1092 habere
334 1065 529 1099 contingeret,
553 1068 612 1092 tam
635 1065 672 1092 ab
696 1066 831 1100 episcopo
854 1068 882 1092 ct
902 1066 1032 1099 capitulo
1057 1065 1181 1099 Majoris

171 1122 184 1139 »
206 1112 337 1140 Ecclesie
351 1122 438 1147 quam
451 1114 488 1141 ab
502 1114 650 1141 universis
664 1114 855 1141 ecclesiarum
871 1114 993 1148 prelatis
1008 1114 1141 1141 civitatis
1153 1118 1181 1141 et

170 1170 184 1188 »
205 1161 329 1189 diocesis
346 1162 559 1196 predictarum,
575 1166 603 1189 et
620 1166 679 1189 tam
702 1172 757 1197 que
781 1166 997 1189 consueverunt
1020 1171 1107 1196 quam
1126 1171 1181 1196 que

171 1219 183 1236 u
204 1210 313 1237 debent
329 1214 357 1237 et
374 1214 496 1245 possunt
513 1212 683 1245 hujusmodi
700 1220 789 1239 onera
808 1211 964 1238 sustinere.
983 1212 1068 1245 juxta
1086 1212 1180 1238 facul-

170 1267 184 1284 »
205 1261 280 1286 tates
296 1260 489 1286 ecclesiarum
506 1268 625 1287 suarum
649 1260 909 1294 proportionaliter
929 1261 979 1287 fiat
1001 1259 1181 1287 contributio

170 1315 184 1333 i>
205 1307 240 1334 de
256 1311 352 1335 cetero
366 1308 395 1334 in
413 1309 670 1343 procurationibus
686 1309 874 1341 exhibendis,
891 1309 1042 1343 deputatis
1055 1309 1091 1335 ab
1108 1309 1180 1342 ipsis

170 1364 183 1382 »
204 1356 278 1383 viris
290 1356 404 1383 idoneis
420 1357 481 1391 qui,
499 1366 564 1384 cum
583 1365 655 1391 opus
671 1357 771 1389 fuerit,
790 1358 1008 1391 procurationes
1025 1358 1180 1392 impositas

170 1413 183 1430 »
204 1404 328 1439 provide
336 1405 478 1439 colligant
492 1405 681 1439 etjamdictis
694 1405 799 1439 legatis
811 1414 844 1432 ac
855 1406 980 1437 nuntiis,
996 1405 1026 1432 in
1041 1414 1180 1439 quocum-

170 1462 183 1480 »
205 1462 260 1488 que
284 1454 484 1488 predictorum
508 1455 638 1482 locorum
660 1455 782 1487 fuerint,
807 1455 934 1481 fideliter
955 1455 1179 1485 administrent,

170 1511 184 1528 i>
203 1503 247 1530 ita
266 1503 342 1537 quod
359 1503 529 1530 collectores
545 1503 785 1537 procurationum
804 1504 933 1537 ipsarum
952 1503 1077 1537 singulis
1093 1504 1180 1530 annis

171 1559 184 1577 ι)
205 1553 369 1584 mutentur,
389 1560 423 1578 ac
444 1551 479 1578 de
499 1551 625 1586 receptis
647 1555 675 1578 et
696 1552 844 1586 expensis,
861 1552 1030 1585 juramento
1046 1552 1179 1586 prestito,

170 1607 184 1625 1>
205 1600 291 1633 plene
306 1601 464 1626 teneantur
480 1600 601 1627 reddere
618 1600 762 1627 rationem
781 1608 804 1626 ι).
823 1615 854 1618 -
872 1601 958 1632 (Rso.
976 1600 1020 1631 20,
1042 1602 1063 1627 f.
1084 1602 1117 1627 75
1135 1604 1180 1634 v⁰3

168 1655 238 1674 ann.
255 1647 324 1679 XV,
339 1656 364 1674 c.
379 1647 434 1679 49.)

783 373 903 403 Latran,
918 372 934 398 ‘2
952 371 1009 398 mai
1027 371 1106 397 1241.

211 1774 224 1788 (ι
245 1784 264 1791 ..
282 1763 382 1791 abbati
397 1763 508 1792 Sancte
524 1763 626 1798 Morio,
645 1757 675 1792 'el
696 1786 715 1791 ..
733 1763 838 1792 Sancti
855 1764 938 1792 Petri
953 1764 1097 1793 Scaradz'z·
1116 1765 1181 1794 Flo-

168 1817 298 1851 rentio„
325 1821 350 1845 et
377 1839 397 1845 ..
424 1816 532 1846 Sancte
553 1817 648 1845 Marte
678 1817 711 1845 de
740 1817 892 1853 vicesimo,
920 1817 1094 1846 Florentiae
1119 1818 1180 1847 dio-

167 1869 252 1904 cesis,
269 1869 441 1906 prioribus.
464 1869 554 1899 Inter
575 1868 712 1899 dilectos
737 1869 824 1899 filios
845 1887 894 1900 —.
916 1871 989 1899 Dat.
1011 1871 1178 1905 Laterani,

168 1921 213 1952 VI
230 1930 335 1952 nonas
351 1921 443 1953 maii,
463 1930 550 1952 anno
569 1922 827 1961 quintodecimo.
847 1934 861 1949 »

239 2120 356 2149 6025

203 2183 434 2215 Archidiacono,
447 2184 625 2210 cancellario
638 2187 666 2210 et
678 2185 860 2218 praecentori
876 2185 1109 2214 Ebtwacensibus
1122 2188 1180 2214 late

169 2231 274 2259 scribit
290 2232 326 2258 de
345 2240 433 2258 causa
453 2240 527 2265 quae
547 2232 626 2258 inter
640 2232 798 2260 Nicolaum
821 2234 856 2260 de
877 2235 1009 2262 Karden.
1027 2239 1055 2262 et
1077 2236 1180 2263 Caeci-

169 2280 253 2313 liam,
271 2280 334 2314 ejus
352 2288 484 2312 uxorem,
501 2288 536 2306 ex
552 2283 634 2314 parte
654 2289 723 2313 una,
741 2284 769 2308 et
789 2282 924 2309 abbatem
941 2287 1181 2319 ccmventumque

169 2328 205 2355 de
230 2328 451 2363 Drundraynan
480 2330 526 2359 (z
554 2329 790 2364 Dundraynan),
820 2331 1026 2359 Cistercicnsis
1056 2333 1179 2365 ordinis,

170 2377 323 2405 Candidae
345 2376 437 2404 Casae
460 2377 612 2409 dioecesis,
630 2386 664 2404 ex
681 2379 785 2411 altera,
802 2388 888 2413 snper
904 2381 1136 2414 possessionibus
1153 2385 1181 2408 et

169 2425 255 2453 rebus
271 2425 340 2452 aliis
361 2426 397 2452 ad
412 2426 521 2453 dotem*
533 2426 627 2460 ipsius
647 2426 796 2454 Caeciliae
817 2429 1033 2464 spectantibus,
1049 2430 1181 2457 verteba—

169 2477 233 2507 tur;
255 2482 330 2508 quae
346 2483 435 2502 causa
448 2483 545 2502 coram
563 2475 690 2503 diversis
708 2476 859 2510 judicibus
878 2477 991 2511 agitata
1011 2480 1121 2511 fueram
1139 2480 1180 2507 eis

170 2523 292 2550 mandat
308 2526 454 2557 quatenus
472 2524 791 2552 excommunicationis
810 2527 988 2553 sententiam
1011 2527 1041 2554 in
1063 2529 1180 2555 eosdem

167 2571 326 2599 Nicolaum
341 2574 370 2599 et
382 2572 545 2599 Caeciliam
565 2573 601 2600 ab
616 2573 723 2600 abbate
742 2574 778 2600 de
798 2573 925 2602 Driburc
944 2578 989 2606 (ε
1009 2576 1180 2611 Dryburgh)

167 2620 289 2654 ejusque
305 2621 437 2654 collegis,
456 2621 492 2648 ad
516 2630 586 2655 quos
610 2630 677 2656 pars
700 2623 917 2656 praedictorum
934 2624 1049 2651 abbatis
1065 2628 1094 2652 et
1110 2634 1181 2652 con-

167 2671 274 2696 ventus
295 2669 472 2703 apostolicas
489 2670 604 2697 litteras
625 2670 848 2704 impetraverat,
871 2673 1028 2706 prolatam,
1046 2675 1180 2701 relaxent

167 2717 204 2743 ad
231 2718 391 2750 cautelam,
413 2722 531 2752 recepta
554 2719 636 2753 prius
659 2719 696 2746 ab
717 2719 827 2746 eisdem
853 2720 977 2748 Nicolao
997 2725 1026 2748 et
1049 2722 1181 2750 Caecilia

752 2122 922 2154 Latran,17
935 2125 1012 2151 avril
1028 2125 1107 2152 1‘241.

200 2843 221 2866 1.
240 2843 260 2866 ll
275 2844 333 2867 faut
349 2844 484 2868 entendre
501 2851 506 2868 τ
524 2853 536 2868 «ι
551 2852 600 2876 pro
617 2847 763 2871 abbatibus
781 2847 876 2871 Sancti
893 2848 1034 2873 Michaelis
1049 2849 1083 2873 de
1097 2851 1180 2880 podio

169 2886 263 2911 Sancti
288 2887 388 2911 Donati
413 2888 457 2919 [de
473 2889 577 2920 Senis]‚
602 2889 696 2914 Sancti
717 2890 813 2915 Jacobi
835 2892 980 2922 [Senensis
1004 2894 1140 2918 dioecesis
1148 2894 1180 2925 ?],

165 2930 284 2955 Sanctae
293 2931 436 2956 Trinitatis
446 2932 479 2956 de
491 2932 584 2963 Tui-ri,
596 2933 740 2964 [Senensis
750 2935 908 2967 dioecesis‚]
920 2941 947 2960 et
957 2937 1050 2961 Sancti
1063 2938 1180 2969 Eugenii

168 2973 265 3005 [prope
275 2975 384 3006 Senas].
395 2983 425 3000 ac
434 2983 484 3007 pro
495 2977 586 3008 priore
597 2978 691 3002 Sancti
702 2979 795 3010 Vigilii
807 2979 846 3010 [in
856 2982 990 3005 suburbio
1000 2981 1158 3013 Senarum].
1167 2991 1180 3006 ι

1261 370 1397 397 cautione
1414 372 1500 404 qnod,
1518 372 1541 398 si
1559 373 1723 399 constiterit
1742 375 1862 400 eandem
1884 376 2061 403 sententiam
2077 379 2165 405 tuisse
2182 380 2267 406 ratio-

1261 418 1402 445 nabilitcr
1429 422 1658 454 promulgatam,
1684 430 1770 455 snper
1794 423 1838 448 his
1866 431 1917 457 pro
1943 425 2049 457 quibus
2075 427 2131 453 lata
2163 429 2266 459 l'twrat,

1261 466 1411 493 Ecclesiae
1429 469 1568 495 mandato
1590 470 1744 503 parebunt,
1761 474 1800 501 et,
1819 472 1961 498 facientes
1977 473 2032 499 sibi
2051 475 2203 502 universas
2218 477 2269 503 lit-

1262 518 1338 541 teras
1356 516 1425 542 hinc
1443 517 1510 543 inde
1534 526 1550 543 a
1571 519 1646 544 s-—de
1662 519 1831 552 Apostolica
1853 520 1987 547 obtentas
2006 525 2034 547 et
2054 530 2202 555 processus
2219 533 2268 558 por

1262 572 1309 590 eas
1325 564 1439 590 habitos
1456 565 1600 597 exhiberi,
1616 567 1740 594 audiant
1759 576 1876 594 causam
1894 572 1922 594 et
1943 578 2019 601 eam,
2041 570 2063 596 si
2083 571 2118 597 de
2138 572 2265 605 partium

1262 613 1416 639 voluntate
1437 615 1627 647 processcrit,
1650 616 1825 648 terminent;
1848 617 1979 651 alioquin
2003 627 2065 644 eam
2090 621 2270 647 sufficienter

1263 660 1437 688 instructam
1461 662 1496 688 ad
1517 663 1710 696 ap‹·›st‹›licuni
1734 673 1855 690 examen
1874 666 2038 696 remittant..
2059 669 2186 700 praefixo
2202 677 2269 702 par-

1262 709 1341 736 tibus
1358 711 1554 744 peremptorio
1575 713 1752 745 competenti
1778 713 1915 745 termino,
1937 723 1992 748 quo
2012 721 2201 749 compareant
2221 727 2270 744 co-

1264 766 1324 784 ram
1349 758 1411 792 ipso
1433 767 1521 792 papa,
1544 768 1599 785 non
1621 760 1807 787 obstantibus
1830 761 2015 795 indulgentia
2038 773 2091 797 qna
2111 766 2269 798 praedictis

1263 806 1362 833 abbati
1380 810 1408 833 et
1425 807 1583 833 conventui
1601 808 1636 833 dc
1653 808 1872 842 hrundraynan
1886 810 2039 837 dicebatur
2052 812 2140 839 fuisse
2154 822 2271 840 conces-

1264 864 1339 882 sum.
1356 864 1391 881 ne
1408 856 1484 881 ultra
1504 856 1576 882 duas
1592 856 1686 883 dietas
1703 860 1784 883 extra
1799 866 1882 884 sunm
1901 860 2110 887 mmmsterinm
2127 863 2270 895 perlitte—

1264 911 1310 929 ras
1320 905 1430 937 apostol
1438 904 1496 929 icas
1506 905 1638 931 valerent
1648 906 1812 937 conveniri,
1821 909 1848 932 et
1859 906 2044 941 indulgentia
2053 909 2089 935 ab
2100 910 2270 943 Apostolica

1265 951 1340 978 Sede
1357 952 1416 985 regi
1437 952 1553 978 Scotiac
1574 961 1720 981 concessa.
1737 962 1771 979 ne
1789 955 1923 981 homines
1937 956 2017 989 regni
2035 957 2079 983 sui
2096 961 2179 984 extra
2195 959 2268 985 illud

1264 1008 1386 1033 regnum
1416 1008 1465 1033 per
1488 1001 1663 1034 apssmlicas
1688 1002 1801 1028 litteras
1824 1003 1852 1028 in
1873 1012 1989 1030 cansam
2017 1006 2213 1033 traherentur.
2238 1023 2271 1025 ἡ

1264 1050 1350 1080 (Hm.
1364 1049 1408 1080 20,
1425 1050 1443 1075 f.
1458 1049 1492 1075 76
1510 1053 1546 1080 r”;
1561 1058 1631 1076 ann.
1650 1050 1717 1082 XV,
1731 1059 1755 1076 c.
1775 1051 1823 1082 50;
1840 1067 1870 1069 ἡ
1887 1053 1925 1078 cf.
1942 1060 2038 1085 supra,
2057 1057 2084 1079 n¹'
2100 1054 2193 1085 5087.)

1305 1175 1317 1189 α
1339 1186 1358 1192 ..
1377 1164 1603 1198 archidiacono,
1632 1187 1650 1192 ..
1673 1166 1858 1194 cancellario
1876 1172 1901 1195 el
1925 1190 1944 1195 ..
1968 1170 2138 1204 prerenlori
2158 1171 2270 1199 Eboro-

1263 1218 1409 1245 rensibus.
1428 1216 1585 1245 Nicolaus
1604 1217 1642 1246 de
1662 1217 1819 1249 Ka1·den.,
1839 1218 1946 1252 miles.
1965 1224 1995 1249 et
2011 1220 2173 1259 C[ecilia],
2191 1232 2271 1252 uxor

1263 1270 1347 1308 ejus,
1363 1269 1458 1299 nobis
1475 1278 1637 1307 exponere
1650 1276 1851 1300 curaverunt
1865 1272 1963 1310 quod,
1974 1282 2046 1302 cum
2061 1282 2193 1304 cansam
2208 1285 2270 1314 que

1263 1323 1350 1353 inter
1371 1323 1471 1361 ipsos,
1490 1332 1526 1352 ex
1553 1327 1642 1360 parte
1666 1332 1742 1357 una,
1762 1328 1791 1353 et
1810 1347 1830 1353 ..
1848 1324 1999 1355 abbatem
2021 1331 2051 1356 et
2071 1333 2269 1358 conventum

1263 1377 1301 1406 de
1318 1375 1601 1414 Drundrayna[n]‚
1621 1376 1855 1406 Cisterciensis
1870 1378 2008 1413 ordinis,
2027 1379 2173 1410 Candide
2187 1381 2270 1412 Case

1262 1429 1416 1462 diocesis,
1435 1438 1471 1458 ex
1490 1428 1602 1458 altera,
1625 1438 1723 1467 super
1740 1430 2007 1467 possessionibus
2028 1437 2058 1461 et
2079 1433 2177 1463 rebus
2194 1434 2270 1464 aliis

1263 1484 1303 1513 ad
1324 1483 1430 1512 dotem
1450 1482 1554 1520 ipsius
1573 1482 1608 1512 C.
1626 1483 1853 1520 spectantibus
1872 1484 2020 1520 vertitur,
2040 1485 2080 1514 ab
2101 1487 2272 1517 audientia

1266 1560 1282 1565 ..
1304 1535 1433 1565 abbatis
1450 1535 1488 1564 de
1504 1534 1680 1564 Gedewrd.
1698 1540 1730 1565 et
1745 1536 1955 1574 conjudicum
1974 1538 2054 1577 ejus.
2075 1548 2270 1577 cognoscen-

1264 1589 1346 1619 tium
1368 1588 1565 1618 auctoritate
1586 1592 1699 1617 nostra
1715 1588 1753 1618 de
1771 1588 1854 1627 ipsa,
1871 1589 1911 1618 ad
1928 1598 1987 1619 nos
2004 1591 2157 1627 delatam,
2180 1615 2200 1622 ..
2218 1603 2271 1623 ar-

1263 1643 1458 1673 chidiacono
1478 1641 1591 1671 Sancti
1614 1641 1744 1672 Andree
1764 1642 1901 1681 suisque
1922 1643 2057 1682 collegis
2080 1645 2271 1676 duxerimus

1263 1695 1532 1726 committendam
1558 1704 1563 1723 :
1589 1694 1645 1723 lite
1676 1703 1785 1724 coram
1812 1695 1894 1733 ipsis
1918 1695 2065 1734 legitime
2090 1702 2271 1729 contestata

1262 1749 1470 1786 testibusque
1494 1747 1645 1785 receptis,
1673 1748 1838 1785 quondam
1866 1748 1988 1778 nobilis
2012 1749 2062 1778 vir
2086 1750 2211 1781 Alanus
2232 1752 2270 1782 de

1262 1801 1466 1835 Gabvechia,
1491 1801 1680 1830 eorumdem
1710 1801 1750 1830 N.
1775 1805 1805 1830 et
1830 1801 1865 1832 C.
1891 1802 2044 1832 dominus
2067 1804 2268 1842 temporalis,

1262 1856 1361 1894 ipsos.
1373 1864 1429 1893 per
1439 1853 1698 1883 subtractionem
1711 1853 1872 1883 bonorum
1885 1864 2018 1884 suorum
2030 1856 2098 1886 fere
2107 1858 2266 1889 omnium.

1262 1907 1535 1946 compositionem
1550 1907 1598 1936 eis
1612 1906 1704 1936 valde
1716 1907 1930 1945 dampnosam
1948 1908 2034 1938 inire
2046 1918 2119 1939 cum
2132 1910 2271 1941 adversa

1264 1967 1353 2001 parte
1365 1961 1483 1998 coegit.
1502 1960 1579 1989 Post
1595 1959 1690 1998 cujus
1706 1959 1804 1989 Alani
1821 1960 1946 1990 obitum
1965 1961 2044 1991 dicti
2059 1963 2098 1992 N.
2115 1968 2146 1992 ct
2162 1964 2209 1995 C.v
2230 1964 2270 1993 ad

1263 2025 1322 2045 nos
1339 2022 1511 2044 recursum
1532 2012 1704 2047 habentes,
1721 2012 1760 2041 ad
1777 2035 1798 2042 ..
1817 2013 1968 2043 abbatem
1988 2014 2026 2044 de
2042 2015 2226 2053 Tungland,
2250 2040 2269 2045 ..

1263 2070 1425 2100 decanum
1456 2071 1487 2096 et
1515 2089 1533 2094 ..
1559 2065 1734 2095 officialem
1766 2065 2015 2102 Glaswuenses,
2048 2067 2197 2105 plenaria
2233 2070 2272 2099 de

1263 2121 1436 2161 premissis
1460 2119 1628 2149 mentione
1652 2118 1776 2153 habita,
1800 2119 1928 2149 litteras
1952 2120 2183 2158 impetrarunt.
2209 2123 2272 2153 Sed

1263 2176 1342 2215 quia
1357 2174 1421 2213 ipsi
1438 2173 1584 2203 decanus
1601 2176 1632 2201 et
1648 2171 1801 2201 officialis
1818 2172 1987 2202 distabant
2004 2173 2091 2203 ultra
2107 2174 2188 2205 duas
2204 2176 2275 2206 die-

1265 2234 1312 2259 tas
1337 2238 1354 2258 a
1374 2225 1576 2257 monasterio
1602 2225 1824 2263 predictorum
1855 2225 1984 2256 abbatis
2015 2232 2045 2256 et
2077 2233 2271 2263 conventus,

1263 2282 1386 2322 quibus
1403 2290 1421 2310 a
1438 2279 1520 2310 Sede
1548 2278 1736 2316 Apostolica
1757 2283 1806 2308 est
1831 2278 1997 2308 indultum
2022 2289 2062 2310 ne
2084 2280 2169 2310 ultra
2190 2282 2271 2312 duas

1263 2336 1368 2365 dietas
1382 2338 1473 2364 extra
1489 2332 1571 2362 illud
1591 2340 1648 2370 per
1664 2331 1792 2361 litteras
1811 2332 2008 2370 apostolicas
2025 2333 2111 2363 trahi
2131 2335 2269 2372 possint,

1263 2389 1297 2418 in
1313 2387 1445 2425 negotio
1462 2395 1527 2415 non
1545 2385 1650 2423 potuit
1672 2384 1788 2414 haberi
1812 2394 1997 2423 processus.
2016 2386 2165 2425 Cumque
2182 2394 2271 2426 post-

1264 2441 1395 2471 modum
1411 2438 1550 2478 predicti
1567 2438 1607 2468 N.
1627 2441 1657 2467 et
1674 2437 1709 2467 C.
1730 2442 1976 2475 procuratorem
1990 2438 2028 2468 ad
2042 2439 2159 2469 Sedem
2170 2442 2270 2479 Apos-

1263 2494 1396 2525 tolicam
1417 2491 1653 2525 destinassent,
1678 2499 1753 2528 pars
1779 2490 1892 2525 altera,
1916 2496 2161 2528 procuratorem
2189 2503 2271 2523 eun-

1263 2548 1337 2578 dem
1362 2544 1560 2584 preveniens
1584 2543 1794 2577 festinanter,
1817 2547 1848 2573 et
1871 2552 1889 2572 a
1912 2544 2069 2581 predictis
2094 2545 2211 2576 abbate
2231 2548 2271 2577 tle

1262 2598 1436 2638 Tungland
1455 2602 1486 2627 et
1506 2596 1642 2633 collegis
1660 2596 1730 2625 suis
1754 2605 1787 2625 se
1810 2595 1993 2634 appellasse
2010 2598 2214 2636 contingens,
2232 2609 2269 2629 ex

1264 2663 1301 2685 eo
1315 2652 1403 2692 quod
1416 2650 1479 2689 ipsi
1498 2651 1548 2685 R„
1568 2649 1675 2678 filium
1688 2649 1849 2678 dictorum
1867 2649 1908 2680 N.
1921 2654 1952 2679 et
1968 2649 2017 2685 C.,
2035 2650 2075 2679 ad
2092 2652 2270 2682 testifican-

1263 2707 1340 2737 dum
1360 2706 1395 2734 in
1418 2712 1518 2733 causa
1540 2702 1623 2740 ipsa,
1642 2702 1689 2731 cis
1715 2701 2031 2738 contradicentibus,
2050 2703 2268 2737 admiserunt.

1264 2760 1304 2790 ad
1320 2782 1339 2787 ..
1358 2757 1511 2787 abbatem
1527 2755 1565 2784 de
1583 2754 1725 2784 Driburc
1739 2759 1769 2784 et
1786 2755 1857 2793 ejus
1876 2754 2019 2792 collegas
2033 2761 2164 2787 nostras
2180 2758 2270 2788 litte-

1263 2822 1317 2842 ras
1333 2808 1535 2848 impetravit.
1555 2808 1674 2838 Coram
1696 2807 1818 2846 quibus
1835 2816 1872 2837 ex
1889 2812 1981 2846 parte
1997 2808 2159 2839 dictorum
2178 2812 2217 2840 N.
2239 2817 2270 2841 ct,

1263 2866 1300 2897 C.
1321 2864 1386 2894 fuit
1411 2861 1604 2900 excipiendo
1632 2860 1837 2898 propositum
1860 2861 1958 2899 quod,
1981 2870 2054 2891 cum
2078 2862 2268 2901 hujusmodi

1262 2918 1373 2947 littere
1390 2914 1516 2945 nullam
1532 2913 1570 2943 de
1587 2913 1754 2951 prioribus
1771 2912 1892 2943 litteris
1911 2913 1952 2943 ad
1970 2915 2195 2953 supradictum
2212 2918 2270 2946 ab-

1264 2971 1373 3000 batem
1384 2968 1423 2999 de
1434 2966 1608 2997 Gedewrd.
1626 2970 1657 2996 et
1672 2965 1815 3003 collegas
1831 2965 1938 3004 ipsius
1951 2971 1982 2997 et
1997 2967 2269 3000 archidiaconum
