2553 3526
275 299 325 329 55¹
1002 292 1240 324 REGISTRES
1263 290 1318 320 DE
1342 283 1564 321 Gnaoouza
1590 293 1646 322 ix.
2318 295 2374 324 55⁶2

274 366 353 395 dicti
379 364 590 397 cardinalis¹,
623 362 776 392 duximus
804 361 1089 391 committendum.
1121 358 1283 395 Quocirca

275 419 470 448 mandamus
491 421 666 455 quatenus.
686 415 849 452 predictos
869 414 1020 443 abbatem
1038 418 1068 441 et
1085 415 1283 441 conventum

275 482 311 502 ac
338 471 419 501 alios
446 470 485 499 ab
512 469 635 499 eisdem
665 467 841 497 sententiis
867 466 905 495 ad
934 465 1097 495 cautelam
1128 463 1285 493 similiter

275 524 500 554 absolventes.
532 526 562 551 et
591 526 654 550 tam
680 520 789 557 ipsum
812 520 848 549 G.
876 527 975 557 quam
1000 517 1083 547 alios
1107 516 1284 546 canonicos

275 586 369 616 quos
387 580 457 613 post
480 575 646 611 inceptum
662 572 894 610 inquisitionis
913 571 1092 607 negotium,
1112 570 1151 599 ab
1170 569 1284 599 eodem

275 630 392 659 abbate
417 626 613 656 inveneritis
636 626 756 664 ejectos
783 625 832 654 vel
855 628 980 654 amotos
1006 624 1045 653 ab
1066 622 1206 653 ecclesia
1229 631 1285 651 su-

275 682 432 721 pradicta,
453 680 648 709 reducentes
664 679 704 707 ad
720 678 836 716 ipsam,
859 678 886 707 si
905 687 941 707 ex
960 677 1133 715 premissis
1151 676 1284 705 invene-

276 735 350 764 ritis
367 734 470 763 dictos
490 732 641 761 abbatem
657 736 687 761 et
704 735 903 761 conventum
922 730 1070 767 legitime
1088 728 1283 767 appellasse,

276 787 437 817 revocetis
463 786 497 814 in
521 790 642 814 statum
663 784 810 813 debitum
827 783 986 821 quicquid
1003 787 1074 820 post
1091 781 1285 820 appellatio-

276 850 350 870 nem
371 839 508 869 eandem
529 837 715 867 constiterit
740 841 861 865 temere
884 840 1124 873 attemptatum,
1147 839 1188 868 61,
1211 842 1286 872 per-

277 893 436 923 sonaliter
463 891 655 921 accedentes
678 890 718 919 ad
740 889 913 919 ecclesiam
936 893 1150 918 memoratam
1168 897 1204 917 ac
1225 887 1285 916 ha·

277 947 392 975 bentes
420 954 475 983 pre
502 943 607 973 oculis
633 942 739 972 solum
768 943 886 976 Deum,
919 942 956 971 de
979 941 1085 979 ipsius
1107 945 1211 976 statu,
1247 940 1286 970 de

277 1000 385 1037 plano,
407 999 479 1027 sine
496 996 635 1034 strepitu
656 995 786 1034 judicii,
807 994 948 1023 sollicite
971 993 1160 1032 inquiratis,
1183 993 1286 1022 corri-

278 1052 383 1090 gendo
406 1056 435 1081 et
462 1049 671 1080 reformando
696 1048 830 1081 ibidem,
858 1052 922 1076 tam
948 1047 981 1075 in
1000 1047 1105 1084 capite
1132 1055 1231 1085 quam
1252 1046 1286 1074 in

277 1104 445 1139 membris,
467 1112 529 1142 que
551 1101 766 1132 correctionis
787 1105 817 1130 et
839 1100 1087 1129 reformationis
1104 1099 1211 1129 officio
1228 1108 1287 1128 no·

277 1158 393 1188 veritis
410 1157 570 1193 indigere,
589 1155 634 1184 ita
651 1154 746 1192 quod.
765 1153 969 1183 exhibitione
983 1153 1104 1191 operis,
1123 1157 1287 1182 amatores

274 1211 404 1250 justitie
433 1219 468 1239 ac
499 1217 590 1238 sacre
623 1207 797 1244 religionis
823 1206 1083 1244 comprobemini
1109 1205 1285 1240 zelatores;

277 1263 426 1302 alioquin
450 1262 618 1299 negotium
640 1261 749 1298 ipsum
771 1260 809 1289 ad
828 1260 973 1297 prefatos
997 1259 1148 1289 abbatem
1174 1258 1287 1288 Sancti

276 1317 420 1347 Victoris
437 1317 574 1354 ejusque
590 1314 731 1351 collegas
750 1313 917 1342 remittere
935 1312 1131 1350 procuretis.
1149 1312 1289 1342 Contra-

277 1371 419 1399 dictores
441 1373 500 1398 etc.
525 1368 599 1397 Non
617 1366 824 1396 obstantibus
842 1365 1011 1403 aliquibus
1028 1364 1149 1394 litteris
1167 1373 1185 1393 a
1206 1364 1289 1394 Sede

278 1422 468 1461 Apostolica
490 1420 676 1458 impetratis
701 1428 759 1448 seu
785 1418 884 1448 etiam
909 1418 1139 1455 impetrandis,
1162 1426 1225 1456 que
1250 1417 1288 1447 de

278 1476 489 1515 presentibus
506 1474 636 1512 plenam
654 1482 718 1502 non
736 1472 876 1501 fecerint
894 1472 1109 1505 mentionem,
1130 1475 1160 1500 et
1176 1470 1288 1500 indul-

278 1529 389 1567 gentia
407 1538 463 1566 per
479 1536 578 1566 quam
591 1526 683 1555 vobis
700 1525 751 1554 vel
763 1529 908 1554 vestrum
922 1524 1021 1553 alicui
1036 1524 1077 1553 sit
1094 1532 1288 1553 concessum

280 1591 319 1611 ne
342 1581 380 1610 de
404 1579 514 1609 causis
531 1586 728 1615 cognoscere
755 1576 948 1610 teneamini,
974 1584 1036 1614 que
1061 1575 1153 1604 vobis
1171 1584 1188 1604 a
1206 1574 1289 1604 Sede

277 1633 468 1672 Apostolica
486 1631 746 1662 committuntur.
766 1630 859 1666 Quod
876 1629 903 1658 si
922 1638 985 1658 non
1002 1638 1116 1658 omnes
1134 1632 1195 1658 616.
1214 1628 1287 1657 Dat.

279 1686 451 1719 Laterani,
485 1685 587 1714 XIIII
617 1683 776 1713 kalendas
808 1682 958 1719 augusti,
996 1690 1082 1710 anno
1113 1680 1289 1719 quintode-

278 1741 375 1769 cimo.
403 1752 414 1765 »

352 1897 439 1924 (309
448 1898 465 1923 Ι

315 1960 438 1989 Jacobae
460 1959 572 1990 Giliae,
590 1957 650 1984 civi
670 1956 866 1988 Bononiensi,
889 1956 1038 1989 significat
1058 1964 1088 1981 se
1106 1964 1224 1982 causam
1244 1955 1292 1982 in-

281 2015 324 2037 ter
343 2018 407 2036 eum
430 2017 463 2035 ac
488 2008 675 2034 Matthaeum
704 2005 944 2035 Samaritanum,
972 2005 1100 2031 militem
1123 2005 1293 2031 Bononien-

839 1895 959 1923 Latran,
976 1893 1007 1919 21
1025 1893 1125 1926 juillet
1139 1893 1218 1920 1241.

281 2068 353 2091 seni,
373 2061 502 2084 exortam
520 2064 606 2090 super
622 2064 653 2082 eo
670 2055 745 2089 quod
762 2054 840 2080 idem
863 2053 1049 2085 Matthaeus,
1066 2053 1293 2087 illegitimitatis

283 2112 381 2134 notam
407 2107 502 2133 eidem
528 2104 652 2132 Jaeobae
681 2112 845 2137 opponens,
871 2111 936 2129 eum
964 2102 1082 2129 dicebat
1109 2102 1139 2128 in
1163 2101 1293 2136 paternis

282 2156 366 2184 bonis
382 2155 536 2182 succedere
548 2162 604 2180 non
617 2153 731 2184 debere,
749 2152 878 2185 primuni
892 2151 1028 2185 episcopo
1043 2151 1248 2181 Praenestino,
1266 2153 1294 2177 et

282 2205 481 2240 postmodum,
505 2203 605 2229 eodem
630 2202 765 2235 episcopo
788 2201 818 2227 in
843 2200 963 2226 remotis
989 2202 1103 2233 agente,
1133 2197 1292 2234 R[oberto],

284 2254 387 2281 Sancti
408 2252 563 2280 Eustachii
584 2251 707 2277 diacono
725 2249 883 2279 cardinali,
905 2248 1101 2278 commisisse,
1127 2252 1156 2274 et
1175 2250 1294 2274 senten-

282 2303 354 2329 tiam
374 2300 567 2328 diffinitivam
590 2307 677 2333 quam
695 2297 862 2332 praedictus
880 2296 1042 2323 cardinalis
1061 2304 1111 2329 pro
1128 2295 1228 2321 eodem
1245 2295 1294 2322 Ja-

283 2351 354 2378 coba
371 2350 625 2385 promulgaverat,
645 2348 828 2374 confirmare.
852 2360 883 2364 —-
901 2345 988 2376 (Rno.
1007 2344 1052 2377 20,
1070 2345 1089 2371 f.
1113 2344 1146 2370 89
1162 2347 1201 2376 1·“;
1223 2352 1292 2370 ann,

283 2400 352 2431 XV,
369 2408 394 2425 c.
412 2398 477 2429 105;
498 2412 529 2415 —
546 2397 679 2424 Monuni
697 2395 777 2427 1193,
796 2396 815 2421 f.
833 2394 908 2425 334.)

326 2513 338 2526 ιι
355 2500 458 2529 Jacobe
475 2499 562 2533 Gilie,
587 2499 650 2527 civi
667 2496 862 2526 Bononiensi.
890 2494 973 2525 Cum
995 2502 1013 2523 a
1035 2493 1130 2523 nobis
1148 2510 1197 2521 —.
1220 2493 1294 2522 Dat.

286 2552 451 2588 Laterani,
469 2551 535 2581 XII
551 2549 710 2580 kalendas
728 2547 872 2586 augusti,
892 2555 978 2577 anno
1000 2545 1258 2585 quintodecimo.
1281 2556 1293 2570 »

358 2710 478 2738 (3⁰92
844 2707 965 2738 Lati-an,
979 2706 1013 2732 25
1029 2705 1129 2739 juillet
1145 2705 1224 2731 1241.

324 2772 427 2800 Sancti
444 2771 582 2805 Dionysii
594 2770 624 2797 in
642 2770 768 2797 Francia
785 2772 813 2796 et
829 2768 1000 2797 Corbeiensi
1015 2767 1182 2800 abbatibus,
1197 2767 1232 2794 de
1250 2775 1299 2794 ea-

323 2882 342 2904 1.
359 2879 535 2904 C'est-a-dire
551 2876 747 2909 S[lephanus]‚
769 2877 844 2900 tituli
861 2878 961 2899 Sancte
980 2876 1066 2898 Marte
1087 2875 1298 2904 Transtiberym

289 2926 425 2954 presbiter
448 2924 620 2951 cardinalis,
644 2921 803 2944 mentionne
825 2923 886 2943 tout
904 2927 938 2943 au
961 2919 1045 2942 debut
1067 2919 1100 2942 de
1126 2919 1150 2942 la
1170 2919 1298 2949 presente

291 2976 376 2999 [nece.

1367 358 1432 384 deni
1451 367 1481 384 re
1498 359 1640 391 scribens,
1661 360 1697 385 de
1718 368 1774 393 qua
1790 368 1888 393 supra,
1911 360 1942 386 in
1964 360 2072 386 litteris
2089 360 2142 387 sub
2165 369 2286 387 numero
2304 361 2374 387 6082

1368 407 1487 438 notatis,
1501 410 1654 439 tractatur,
1676 408 1797 435 mandat
1813 411 1968 442 quatenus,
1984 409 2123 436 defuncto
2142 410 2172 436 in
2191 410 2269 437 Urbe
2285 409 2374 436 Nico-

1368 456 1423 487 tao,
1442 456 1545 482 Sancti
1563 456 1666 484 Judoci
1684 457 1713 482 in
1726 456 1851 483 Nemore
1867 457 1938 483 olim
1954 457 2069 489 abbate,
2085 458 2115 484 in
2133 457 2268 485 abbatem
2283 459 2374 485 Prae-

1368 507 1614 531 monstratensem
1639 506 1746 538 electo,
1773 505 1899 539 priorem
1922 508 1950 532 et
1971 506 2127 532 canonicos
2149 507 2375 533 Praemonstra-

1367 556 1463 580 tenses
1492 554 1648 580 absolvant
1682 554 1718 580 ab
1751 554 2071 581 excommunicationis
2105 555 2254 581 sententia
2285 563 2373 589 quam

1368 601 1573 628 Laudunensis
1585 602 1738 636 episeopus
1759 602 1788 628 in
1804 611 1861 633 eos,
1886 611 1935 636 pro
1952 611 1983 629 eo
2000 603 2075 636 quod
2090 603 2185 629 eidem
2203 604 2294 629 electo
2311 606 2376 629 tan-

1367 659 1455 684 quam
1472 651 1571 677 abbati
1588 650 1775 679 obediebant,
1793 651 1911 683 tulerat,
1928 654 1966 683 et,
1985 654 2137 685 postquam
2154 651 2375 678 Praemonstra-

1367 699 1443 725 tensi
1455 699 1596 725 ecclesiae
1610 700 1699 726 fuerit
1714 699 1749 726 de
1763 699 1868 726 abbate
1884 700 2047 734 provisum,
2063 700 2195 733 partibus
2212 699 2373 726 terminum

1367 748 1539 781 praefigant=
1564 756 1619 781 quo
1642 756 1739 774 coram
1765 748 1827 781 ipso
1853 756 1928 782 papa
1954 751 2154 782 compareant.
2173 763 2207 766 —
2224 749 2311 779 (ΗΕΘ.
2329 748 2375 780 20,

1368 797 1387 822 f.
1407 796 1440 822 89
1456 799 1495 827 r⁰;
1511 804 1580 822 ann.
1598 796 1666 827 XV,
1683 805 1708 822 6.
1726 796 1793 828 106;
1813 811 1844 814 -
1861 796 1994 824 MOREAU
2010 796 2090 828 1193,
2107 798 2126 823 f.
2139 796 2213 827 336.)

1410 909 1422 922 α
1443 919 1461 925 ..
1481 897 1588 925 Sancti
1605 898 1736 925 Dionisii
1756 898 1790 926 rin
1810 898 1943 926 Francia
1958 903 1983 926 el
2006 898 2055 934 [..]
2074 898 2245 928 corbeiensi
2260 898 2380 926 abbati-

1369 950 1432 983 bus,
1459 951 1643 978 Parisiensis
1667 955 1693 978 et
1718 950 1955 988 Amb[ianensis]
1978 951 2140 979 diocesani.
2168 951 2213 980 Ex
2239 954 2331 988 parte
2359 973 2379 979 ..

1368 1003 1489 1041 prioris
1519 1007 1550 1032 et
1580 1007 1762 1032 conventus
1796 1003 2116 1032 Premonstratensis
2146 1003 2285 1033 ecclesie
2318 1003 2382 1032 suit

1369 1056 1574 1094 propositum
1591 1064 1699 1085 coram
1717 1055 1812 1085 nobis
1835 1056 1932 1094 quod,
1957 1065 2046 1090 cum,
2072 1056 2212 1085 ecclesia
2234 1056 2306 1093 ipsa
2326 1065 2382 1085 va-

1370 1114 1476 1143 cante,
1495 1109 1579 1138 bone
1594 1109 1751 1138 memorie
1768 1109 1870 1138 frater
1888 1108 2056 1144 Nicotaus,
2078 1109 2191 1138 Sancti
2210 1109 2329 1138 Judoci
2346 1109 2381 1137 in

1370 1163 1524 1196 Nemore,
1556 1162 1683 1191 ordinis
1715 1163 2056 1196 Premonstratensis,
2084 1167 2162 1191 tunc
2190 1162 2308 1196 abbas,
2342 1162 2382 1191 ad

1371 1216 1442 1254 ejus
1463 1215 1610 1253 regimen
1630 1215 1751 1244 fuisset
1768 1215 1904 1250 electus,
1923 1215 2125 1245 venerabilis
2147 1216 2249 1245 frater
2266 1219 2379 1245 noster

1373 1291 1392 1297 ..
1420 1268 1653 1298 Laudunensis
1683 1268 1857 1305 episcopus
1883 1268 1970 1307 [etc.,
1999 1273 2035 1298 ut
2060 1277 2171 1306 supra,
2202 1268 2235 1297 in
2260 1267 2382 1298 litteris

1372 1321 1433 1351 sub
1450 1330 1588 1351 numero
1606 1321 1679 1350 6082
1700 1321 1832 1355 notatis,
1851 1321 1965 1358 paucis
1981 1321 2129 1355 mutatis,
2148 1330 2253 1359 usque
2274 1320 2294 1359 z]
2312 1329 2384 1358 pro-

1371 1374 1501 1404 cederet
1517 1378 1631 1403 contra
1647 1383 1722 1403 eum
1739 1373 1790 1403 vel
1807 1373 1981 1403 ecclesiam
2002 1378 2227 1408 memoratam,
2247 1373 2285 1403 ad
2306 1382 2384 1403 nos-

1373 1432 1456 1456 tram
1473 1436 1530 1464 pro
1547 1436 1581 1455 se
1602 1436 1639 1455 ac
1657 1426 1770 1456 eadem
1788 1425 1928 1455 ecclesia
1944 1426 2035 1455 duxit
2054 1426 2259 1455 audientiam
2276 1426 2382 1464 appel-

1371 1480 1517 1509 landum.
1550 1480 1614 1509 Sed
1641 1480 1814 1517 episcopus
1835 1479 1923 1517 ipse,
1950 1479 2142 1518 hujusmodi
2163 1479 2384 1517 appellatione

1372 1538 1568 1571 contempta,
1588 1533 1621 1562 in
1640 1542 1714 1562 eum
1731 1537 1761 1562 et
1775 1533 1899 1562 dictum
1915 1533 2059 1570 priorem
2076 1537 2107 1562 et
2123 1533 2282 1571 quosdam
2302 1532 2385 1561 alios

1372 1586 1549 1616 canonicos
1567 1587 1903 1620 Premonstratenses,
1922 1594 1980 1623 pro
1996 1594 2033 1615 eo
2050 1585 2137 1623 quod
2153 1589 2308 1623 tanquam
2328 1585 2386 1614 ab-

1372 1640 1441 1669 bati
1454 1639 1652 1669 obediebant
1666 1638 1784 1673 eidem,
1799 1638 1837 1668 de
1848 1639 1933 1668 facto
1945 1638 2031 1677 [etc.,
2043 1643 2078 1667 ut
2089 1647 2196 1676 supra,
2212 1639 2247 1667 in
2260 1639 2385 1668 eisdem

1372 1693 1505 1727 litteris,
1524 1701 1629 1730 usque
1647 1691 1667 1730 :]
1688 1691 1921 1730 promulgavit.
1948 1692 2068 1728 Quare,
2087 1700 2161 1721 cum
2177 1691 2264 1721 idem
2283 1691 2385 1721 abbas

1374 1746 1417 1775 sit
1435 1745 1469 1774 in
1489 1745 1579 1776 Urbe
1599 1744 1786 1779 defunctus,
1811 1753 1829 1773 a
1848 1744 1943 1773 nobis
1965 1744 2030 1773 suit
2052 1744 2226 1774 humiliter
2243 1744 2386 1783 postula-

1374 1804 1452 1835 tum,
1473 1798 1645 1828 uteisdem
1662 1797 1765 1836 priori
1778 1802 1808 1828 et
1823 1798 1994 1828 canonicis
2011 1807 2047 1828 ac
2065 1797 2203 1828 ecclesie
2213 1798 2385 1836 prelibate,

1374 1852 1439 1887 cui,
1462 1856 1610 1890 pretextu
1629 1851 1704 1881 talis
1722 1851 1887 1881 sententie
1907 1852 1995 1888 [etc.,
2019 1855 2053 1880 111
2080 1860 2189 1888 supra.
2212 1851 2247 1879 in
2262 1850 2387 1880 eisdem

1373 1905 1506 1939 litteris,
1538 1905 1652 1942 paucis
1676 1905 1823 1939 mutatis,
1854 1913 1960 1943 usque
1985 1904 2005 1943 z]
2034 1913 2068 1933 se
2095 1904 2285 1941 benignam,
2314 1913 2384 1939 nos,

1375 1958 1488 1996 priori,
1507 1957 1676 1988 canonicis
1691 1962 1722 1987 et
1739 1957 1877 1987 ecclesie
1895 1957 2071 1987 antedictis
2089 1957 2198 1987 taliter
2214 1957 2386 1995 providere

1375 2011 1533 2046 volentes,
1549 2010 1635 2049 quod
1652 2010 1755 2048 partis
1768 2009 1906 2040 alterius
1918 2010 2051 2049 justitia
2065 2019 2129 2039 non
2143 2010 2283 2044 ledatur,
2297 2019 2386 2039 man-

1376 2065 1492 2094 damus
1505 2068 1679 2102 quatenus.
1699 2072 1739 2092 ne
1753 2063 1879 2100 prefate
1897 2063 2217 2092 Premonstratensis
2234 2062 2383 2097 ecclesie,

1377 2126 1465 2146 nunc
1492 2116 1657 2150 vacantis,
1687 2116 1832 2153 provisio
1860 2115 1965 2145 valeat
1989 2116 2160 2153 impediri,
2195 2116 2234 2145 ab
2260 2115 2385 2146 eisdem

1376 2171 1485 2208 priore
1502 2178 1538 2199 ac
1557 2169 1728 2199 canonicis
1746 2169 1926 2198 sufficienti
1953 2169 2108 2198 cautione
2133 2174 2275 2206 recepta,
2300 2169 2388 2207 quod

1377 2223 1523 2254 Ecclesie
1545 2222 1699 2252 mandato
1721 2221 1884 2260 parebunt
1904 2231 2003 2260 super
2021 2222 2088 2251 hiis
2112 2222 2198 2261 [etc.,
2218 2226 2254 2251 ut
2275 2231 2384 2260 supra,

1377 2279 1411 2307 in
1430 2278 1555 2308 eisdem
1574 2277 1706 2311 litteris,
1725 2285 1830 2315 usque
1850 2277 1870 2313 :]
1884 2276 2084 2314 impendatis
2102 2276 2149 2305 eis
2167 2275 2387 2305 absolutionis

1376 2330 1577 2361 beneficium
1605 2329 1645 2358 ad
1668 2328 1841 2363 cantelam,
1870 2329 2081 2366 prefigentes,
2111 2334 2284 2367 postquam
2313 2329 2389 2359 Pre-

1377 2382 1615 2414 monstratensi
1637 2381 1777 2412 ecclesie
1793 2381 1896 2412 fuerit
1913 2381 1951 2412 de
1971 2381 2089 2412 abbate
2110 2382 2290 2419 provisum,
2314 2391 2388 2420 par-

1379 2437 1468 2466 tibus
1496 2436 1677 2466 terminum
1708 2436 1794 2472 [etc.‚
1827 2439 1863 2464 ut
1892 2443 2000 2473 supra,
2036 2434 2071 2463 in
2097 2434 2222 2464 eisdem
2253 2434 2386 2469 litteris,

1378 2498 1484 2528 usque
1503 2489 1523 2528 2]
1546 2497 1753 2527 processure.
1772 2488 1846 2517 Dat.
1869 2487 2036 2523 Laterani,
2054 2488 2136 2518 VIII
2152 2487 2312 2517 kalendas
2329 2496 2389 2517 au-

1380 2542 1480 2580 gusti,
1498 2551 1585 2571 anno
1602 2540 1862 2580 quintodecimo.
1877 2552 1889 2566 n

1451 2700 1568 2729 8093

1416 2765 1534 2791 Decano
1550 2766 1578 2790 et
1594 2761 1778 2789 thesaurario
1794 2760 2028 2788 Lexoviensibus
2045 2769 2098 2787 nec
2114 2769 2171 2787 non
2183 2761 2391 2788 archidiacono

1380 2813 1496 2847 Algiae,
1520 2811 1713 2839 Lexoviensis
1738 2810 1895 2840 dioecesis,
1927 2809 2049 2836 mandat
2076 2812 2235 2844 quatenus,
2261 2825 2293 2828 —
2323 2818 2390 2837 cum

1381 2862 1470 2889 abbas
1490 2862 1712 2893 conventusque
1735 2857 1907 2885 monasterii
1930 2858 2033 2885 Sancti
2050 2858 2172 2885 Taurini
2192 2858 2389 2891 Ebroieensis,

1380 2909 1493 2937 ordinis
1513 2908 1608 2936 sancti
1630 2907 1798 2939 Benedicti,
1821 2915 1891 2941 quos
1916 2906 2005 2934 abbas
2027 2910 2248 2941 conventusque
2268 2908 2390 2934 Fiscan·

1381 2967 1498 2991 nenses,
1515 2958 1646 2992 ejusdem
1663 2957 1786 2990 ordinis,
1802 2956 2214 2990 Rothomagensisdioecesis,
2226 2959 2390 2983 asserentes

1954 2698 2075 2729 Latran,
2092 2698 2107 2725 8
2122 2698 2222 2732 juillet.
2238 2698 2318 2725 1241.
