2553 3526
288 269 345 299 203
1019 260 1255 292 ascissens
1279 259 1333 288 DE
1356 250 1578 288 GREGOIRE
1603 260 1658 288 Ιχ.
2329 260 2387 289 <204

292 341 510 373 0151100101110
529 332 672 362 culmine
692 331 863 370 potestatis
880 330 1020 360 erexerit
1036 328 1208 359 secularis,
1228 326 1297 355 suis

292 393 400 417 tamen
426 385 634 423 exigentibus
658 384 774 422 culpis,
794 383 831 412 de
855 382 987 421 quibus,
1007 389 1206 419 quamquam
1225 378 1298 416 plu-

291 441 358 470 ries
386 449 401 469 a
427 439 521 468 nobis
546 438 702 471 monitus,
729 436 921 465 satisfacere
945 443 1009 463 non
1035 433 1173 467 curavit,
1196 431 1299 461 coacti

291 493 427 527 suimus,
448 491 522 520 licet
545 490 653 524 inviti,
673 488 935 518 animadvertere
952 487 986 515 in
1004 486 1143 515 eundem
1163 502 1211 514 —.
1230 485 1299 520 Que

293 551 402 575 autem
429 554 445 573 a
469 544 554 573 dicto
576 541 779 580 F[ritlerico].
804 550 861 578 pro
886 544 930 569 tot
952 539 1049 568 bonis
1073 538 1137 568 sibi
1158 538 1298 572 collatis,

293 598 439 628 Ecclesia
459 594 688 625 1011111111101115
706 593 829 631 premia
844 592 1030 630 reportarit,
1047 590 1299 620 universitatem

292 656 435 681 vestram
457 649 606 677 volumus
625 656 689 676 non
707 646 820 681 latere,
842 654 942 683 pauca
962 645 999 674 de
1018 643 1132 673 multis
1154 643 1300 680 presenti

293 704 411 743 [aigina
432 701 638 731 declarando.
659 701 695 729 ln
714 699 803 729 Urbe
823 697 986 736 siquidem
1010 705 1142 734 gravem
1165 695 1301 725 seditio-

294 766 368 786 nem
388 755 499 785 movit,
519 753 635 783 exinde
658 761 716 781 nos
740 756 770 781 et
792 751 912 780 fratres
931 754 1061 779 nostros
1079 749 1156 778 totis
1173 748 1301 777 viribus

294 810 388 838 uisus
405 807 588 841 excludere,
614 810 649 835 ut
672 805 719 834 sic
744 803 931 843 Apostolice
955 803 1049 833 Sedis
1072 802 1231 832 honorem
1251 802 1302 831 de-

294 862 450 900 primeret
484 869 518 889 30
552 859 739 888 libertatem
773 857 878 896 ipsius
910 856 1043 894 penitus
1075 855 1300 889 conculcaret,

294 919 406 944 contra
430 914 619 952 juramenta
643 911 781 949 prestita
806 909 978 939 veniendo.
1012 909 1050 938 Et
1077 907 1302 938 venerabilem

294 969 429 997 fratrem
446 970 595 995 nostrum
611 987 630 993 ..
642 964 876 994 Penestrinum
890 962 1091 1000 episcopum,
1107 961 1182 990 dum
1193 961 1302 999 ipsum

295 1021 334 1051 ad
353 1025 462 1058 partes
485 1018 738 1056 Albigensium¹
756 1017 1016 1055 disponeremus,
1038 1024 1094 1053 pro
1111 1014 1303 1044 corrobora-

295 1075 383 1104 tione
401 1073 476 1102 fidei
496 1071 668 1103 catholice,
687 1071 864 1105 destinare,
885 1078 941 1107 per
954 1069 1113 1107 quosdam
1130 1076 1206 1097 suos
1223 1067 1303 1097 fide-

294 1127 342 1157 les
357 1127 390 1155 in
409 1127 460 1155 via
475 1124 629 1163 impediri
639 1123 818 1152 mandavit.
832 1121 1047 1152 Cathedrales
1061 1121 1160 1150 etiam
1178 1125 1208 1150 et
1220 1120 1302 1150 alias

296 1184 451 1210 vacantes
468 1178 624 1208 ecclesias
642 1176 735 1214 regni
760 1176 812 1205 sui
836 1184 1045 1213 nequaquam
1064 1173 1211 1203 ordinari
1230 1183 1304 1211 per-

295 1233 407 1267 mittit,
427 1233 460 1261 in
483 1232 669 1260 animarum
695 1228 878 1266 periculum
899 1232 929 1257 et
948 1236 1045 1264 grave
1068 1227 1303 1256 detrimentum

295 1287 455 1324 ipsarum,
477 1293 531 1313 eas
549 1288 579 1313 01
597 1282 756 1321 quasdam
775 1281 857 1310 alias
876 1279 1114 1309 nichilominus
1132 1279 1304 1317 spoliando

296 1340 365 1369 fere
382 1338 536 1367 omnibus
554 1336 648 1365 bonis
664 1335 745 1370 51115,
771 1339 801 1364 01
823 1334 932 1363 tallias
952 1342 987 1363 ac
1006 1333 1194 1363 exactiones
1210 1332 1305 1362 inde-

296 1393 382 1422 bitas
405 1391 551 1429 prelatis,
582 1389 748 1426 religiosis
779 1392 809 1417 et
840 1387 915 1417 aliis
941 1386 1071 1416 clericis
1098 1385 1304 1415 secularibus

296 1444 507 1484 imponendo.
526 1442 703 1473 Nobilibus
720 1450 850 1480 quoque
869 1440 1082 1479 pauperibus,
1101 1439 1258 1478 orphanis
1275 1444 1306 1469 et

296 1498 406 1528 viduis
420 1506 525 1535 usque
543 1496 582 1526 ad
599 1495 861 1526 exinanitionem
879 1498 1057 1523 extremam
1074 1492 1234 1526 deductis,
1251 1501 1305 1522 eos

298 1551 337 1581 ad
353 1551 518 1580 modicum
536 1549 617 1578 dura
634 1553 664 1578 et
682 1547 826 1578 crudelis
848 1551 1036 1577 exactorum
1062 1554 1197 1575 suorum
1215 1554 1306 1575 acer-

287 1605 384 1634 nbitas
402 1612 465 1633 non
486 1603 610 1640 patitur
628 1601 811 1639 10501131·ος
833 1605 864 1629 01
883 1600 929 1629 sic
948 1604 1051 1628 totum
1067 1599 1137 1628 fere
1155 1608 1304 1636 regnum,

284 1656 386 1696 ἓ1111011
409 1662 458 1686 051
481 1655 623 1694 speciale
647 1654 884 1693 patrimonium
910 1652 997 1682 beati
1024 1652 1129 1686 Petri,
1158 1661 1215 1690 pro
1243 1661 1307 1690 quo

294 1712 483 1750 juramento
509 1708 679 1738 fidelitatis
702 1707 889 1746 Apostolice
907 1706 983 1736 Sedi
1002 1709 1133 1736 tenetur
1152 1710 1182 1735 et
1200 1705 1307 1743 ipsius

298 1764 398 1801 ligius
417 1762 581 1792 vassallus
599 1761 720 1795 existit,
740 1765 900 1799 quantum
918 1759 950 1788 in
968 1768 1005 1788 00
1022 1762 1081 1793 051,
1104 1758 1139 1787 10
1159 1757 1307 1787 favillam

299 1817 394 1856 quasi
418 1821 448 1846 et
471 1816 616 1845 cinerem
630 1815 698 1853 jam
715 1813 858 1850 redegit,
884 1812 969 1851 quod
987 1812 1026 1845 51,
1046 1816 1218 1850 postquam
1239 1820 1308 1841 mo-

298 1870 389 1899 nitus
406 1868 506 1898 fuerit
523 1878 540 1897 a
557 1867 664 1904 nobis,
682 1876 747 1896 non
767 1866 897 1895 duxerit
914 1865 1158 1902 corrigendum,
1178 1874 1236 1894 nos
1252 1874 1308 1894 su-

298 1932 355 1962 per
369 1922 441 1956 hoc,
459 1926 566 1951 actore
584 1920 736 1954 Domino,
752 1920 837 1949 sicut
855 1918 1007 1957 expedire
1025 1918 1224 1952 videbimus,
1238 1927 1308 1956 pro-

298 1976 463 2006 cedemus¹
492 1977 632 2012 Insuper
650 1974 819 2011 negotium
840 1972 978 2010 impedit
995 1973 1095 2001 Terre
1112 1972 1231 2001 Sancte.
1249 1980 1308 2001 nec

299 2039 364 2060 non
389 2030 487 2059 etiam
505 2028 636 2065 imperii
661 2026 836 2057 Romanie.
865 2027 1033 2057 Pretetea,
1059 2034 1144 2059 cum,
1164 2029 1308 2062 tempore

299 2082 471 2113 concordie
488 2081 575 2110 inter
593 2080 702 2118 ipsum
726 2083 757 2109 et
780 2078 961 2109 Ecclesiam
980 2078 1169 2109 reformate.
1188 2077 1221 2106 in
1239 2087 1308 2106 ma-

299 2136 398 2166 nibus
427 2134 521 2164 Sedis
547 2133 735 2171 Apostolice
763 2132 946 2169 legatorum
971 2131 1135 2170 juraverit
1162 2130 1308 2160 Ecclesie

299 2188 432 2219 obedire
458 2186 631 2225 preceptis,
660 2186 730 2223 ipse
760 2185 951 2214 mandatum
981 2188 1147 2222 receptum
1177 2183 1216 2213 ab
1247 2183 1307 2218 eis,

300 2242 385 2280 quod
410 2245 527 2270 terram
554 2239 710 2272 Ecclesie,
739 2238 789 2268 vel
814 2242 917 2267 terras
939 2246 1052 2267 corum
1076 2246 1157 2275 quos
1176 2241 1253 2266 tunc
1270 2237 1309 2266 ad

299 2303 376 2324 suas
394 2302 510 2323 manus
529 2292 670 2327 tenebat,
692 2295 747 2320 aut
767 2292 912 2329 ipsorum
932 2299 1100 2328 personas,
1117 2289 1308 2319 nullatenus

299 2351 443 2385 caperet,
478 2350 653 2384 occuparet
685 2354 743 2374 seu
772 2344 871 2373 etiam
901 2343 1099 2377 devastaret,
1128 2342 1309 2381 adimplere

300 2400 507 2437 contempsit,
534 2404 653 2427 terram
682 2397 828 2427 Ecclesie
853 2396 1054 2434 occupando,
1082 2396 1247 2430 videlicet,
1274 2396 1309 2424 in

300 2453 507 2488 Lombardia,
528 2452 725 2486 Ferrariam,
743 2450 949 2484 Bondenum,
966 2450 1168 2487 Pigonagam
1183 2454 1213 2479 01
1226 2449 1310 2478 Bon-

299 2507 420 2537 denum
429 2507 451 2540 ²,
469 2511 589 2535 terram
605 2504 738 2543 quidem
751 2503 915 2538 Sardinie,
932 2507 962 2532 et
976 2503 1129 2537 Massam,
1146 2502 1310 2532 Lunensis

299 2559 451 2593 diocesis,
473 2558 631 2596 capiendo
648 2562 678 2587 01
692 2556 842 2586 eiciendo
857 2555 931 2585 illos
946 2546 1028 2593 quos
1046 2555 1085 2584 ad
1097 2564 1215 2584 manus
1232 2564 1310 2584 suas

299 2611 445 2642 Ecclesia
480 2610 674 2645 reservavit,
709 2614 740 2639 01
773 2608 973 2639 devastando
1012 2613 1116 2637 terras
1148 2607 1307 2645 ipsorum,

333 2757 351 2780 l.
369 2759 418 2781 Ms.
436 2765 442 2778 .·
461 2756 654 2785 Athigentium.

329 2801 351 2824 Ἰ.
367 2801 386 2824 Il
400 2801 457 2823 saut
467 2800 615 2823 entendre:
632 2808 642 2820 ι(
657 2798 819 2822 Bondenum
830 2800 919 2827 vetus,
930 2797 1097 2827 Pigonagam
1109 2800 1133 2819 et
1146 2796 1309 2819 Bondenum

298 2851 414 2871 novumn
432 2852 442 2865 υ
458 2844 492 2866 cs.
506 2843 690 2872 Rontsssnufte,
706 2850 731 2872 p.
746 2842 799 2869 t33s.
816 2849 842 2866 n.
860 2842 921 2865 1.-
934 2841 984 2865 Ces
1002 2841 1125 2864 localites
1141 2843 1309 2863 5001110110-

299 2894 372 2913 ment
388 2889 559 2918 distinguees
571 2888 638 2910 dans
654 2894 706 2910 une
720 2887 791 2909 bulte
803 2886 972 2909 d'llonorius
988 2886 1024 2908 Ill
1039 2886 1075 2908 du
1090 2885 1226 2909 lSsevrier
1242 2884 1309 2913 1221,

297 2933 408 2965 publico
424 2940 472 2963 par
487 2932 670 2958 1100050300,
687 2935 714 2953 n⁰
730 2930 772 2954 165
785 2932 819 2960 (p.
838 2930 907 2959 1¹5,t.
923 2930 970 2959 c25).
1100 2920 1103 2922 ³

1380 323 1457 353 licet
1475 328 1592 353 extunc
1610 324 1643 353 in
1662 333 1735 354 01110
1757 329 1943 363 presentem
1961 325 2025 363 ipsi
2041 325 2141 362 legati
2161 326 2389 355 excommuni-

1381 377 1522 406 cationis
1545 377 1745 407 sententiam
1764 377 1910 412 tulerint,
1930 377 1958 406 si
1975 386 2073 416 super
2093 378 2160 407 hiis
2183 387 2247 407 non
2265 379 2391 408 faceret

1381 430 1467 467 quod
1484 430 1690 459 mandarant.
1714 430 1803 459 Idem
1826 430 1924 460 etiam
1949 434 2099 468 nepotem
2124 431 2212 468 regis
2234 431 2351 460 Tunisi
2364 432 2385 466 ¹,

1382 483 1422 511 ad
1439 483 1622 512 Romanam
1647 482 1828 512 Ecclesiam
1850 492 1906 520 pro
1928 483 2138 521 percipiendo
2161 484 2247 513 sacri
2263 483 2389 521 baptis-

1382 536 1480 564 matis
1497 535 1625 565 lavacro
1643 536 1863 570 accedentem,
1879 545 1913 565 ac
1931 535 2087 565 dilectum
2103 536 2209 565 filiuni
2229 536 2389 575 P[etrum]

1384 585 1633 623 Sar1·acenum²,
1649 588 1791 618 nobilem
1805 589 1909 618 civem
1920 589 2117 623 Romanum,
2133 598 2168 618 ex
2183 593 2273 626 parte
2286 589 2391 619 karis-

1384 641 1461 670 simi
1479 641 1512 670 in
1530 641 1663 671 Christo
1682 641 1743 670 filii
1769 642 1873 671 nostri
1897 665 1916 670 ..
1939 641 2080 671 illustris
2097 641 2185 679 regis
2206 641 2326 679 Anglie
2351 642 2391 671 ad

1383 693 1605 731 Apostolicam
1624 695 1740 724 Sedem
1758 695 1908 729 missum,
1930 699 1961 724 01
1977 694 2083 723 tilium
2105 695 2175 733 ejus
2193 695 2316 724 carceri
2334 695 2392 724 de-

1385 747 1468 776 tinet
1484 747 1700 784 mancipatos.
1721 747 1807 783 Quia
1825 756 1911 781 vero,
1937 756 2036 785 super
2052 747 2118 777 biis
2137 752 2168 777 et
2185 747 2392 785 quampluri-

1385 799 1445 828 bus
1462 799 1537 828 aliis
1555 796 1745 829 excessibus
1761 799 1886 837 pluries
1903 809 1921 829 a
1940 799 2035 829 nobis
2048 800 2205 835 monitus,
2221 801 2394 831 correctio-

1385 852 1437 881 nis
1460 851 1621 881 medelam
1650 861 1714 881 non
1740 853 1900 887 sentiens,
1927 861 2001 881 cum
2031 861 2166 882 suarum
2192 853 2259 882 sint
2282 853 2395 883 ulcera

1384 905 1539 934 indurata
1564 905 1746 943 culparum,
1775 905 1894 934 cotidie
1914 905 2078 935 deteriora
2100 906 2304 936 committere
2328 915 2393 936 non

1385 962 1525 993 veretur,
1547 967 1616 991 nos,
1636 957 1695 988 1100
1721 957 1844 996 absque
1868 957 1993 988 Christi
2014 958 2141 988 offensa
2157 959 2317 996 preterire
2333 960 2396 989 sub

1386 1010 1653 1040 dissimulatione
1669 1010 1811 1040 ulterius
1836 1020 1899 1040 non
1924 1010 2081 1046 valentes,
2102 1011 2140 1041 de
2160 1011 2300 1042 fratrum
2318 1021 2396 1042 nos-

1387 1068 1511 1093 trorum
1525 1063 1726 1099 00051110,οΧ
1743 1068 1833 1102 parte
1847 1064 2163 1102 Deiomnipotentis,
2180 1065 2273 1104 cujus
2290 1065 2395 1095 vicem

1386 1117 1420 1146 in
1439 1117 1535 1147 terris
1555 1117 1713 1154 gerimus.
1732 1117 1809 1147 licet
1827 1117 1999 1152 immeriti,
2019 1121 2050 1147 et
2068 1118 2264 1148 auctoritate
2283 1118 2397 1148 beato-

1387 1180 1459 1199 rum
1484 1170 1572 1200 Petri
1599 1174 1629 1199 et
1656 1169 1763 1205 Pauli,
1790 1170 2013 1208 apostolorum
2037 1171 2119 1210 ejus,
2149 1180 2185 1201 ac
2207 1176 2333 1207 nostra,
2360 1172 2395 1201 in

1387 1233 1462 1253 eum
1483 1222 1534 1252 et³
1551 1232 1666 1253 omnes
1682 1223 1756 1253 illos
1779 1223 1835 1262 qui
1857 1224 1890 1252 in
1914 1224 2086 1262 premissis
2109 1224 2160 1255 vel
2183 1224 2266 1254 alias
2283 1229 2399 1254 contra

1388 1278 1571 1306 Romanam
1589 1276 1770 1306 Ecclesiam
1789 1277 1852 1306 sibi
1870 1277 2078 1314 prestiterint
2094 1277 2280 1313 0005111010,
2303 1278 2397 1307 auxi-

1387 1330 1469 1359 lium
1490 1329 1541 1359 vel
1564 1330 1722 1363 favorem,
1747 1330 2099 1360 excommunicationis
2123 1335 2153 1360 et
2174 1331 2398 1361 anathematis

1388 1383 1588 1413 sent-entiam
1614 1382 1768 1412 duximus
1790 1382 2073 1420 promulgandam,
2099 1384 2266 1414 tradentes
2288 1385 2397 1423 ipsum

1388 1435 1526 1466 sathane
1544 1436 1577 1464 in
1590 1436 1763 1466 interitum
1782 1436 1904 1470 carnis,
1922 1440 1958 1465 ut
1974 1436 2111 1474 spiritus
2127 1436 2198 1475 ejus
2214 1437 2249 1466 in
2266 1437 2318 1467 die
2333 1439 2399 1468 Do-

1389 1489 1471 1518 mini
1489 1489 1601 1519 salvus
1617 1489 1688 1524 fiat;
1708 1498 1822 1519 omnes
1840 1489 1897 1527 qui
1921 1489 1951 1519 ei
1968 1488 2138 1519 fidelitatis
2151 1489 2341 1528 juramento
2355 1495 2399 1521 tc-

1388 1547 1520 1577 nentur,
1539 1542 1746 1572 decernendo
1767 1542 1807 1571 ab
1829 1541 2060 1572 observatione
2077 1542 2259 1581 juramenti
2282 1543 2400 1582 hujus-

1389 1595 1476 1625 modi
1488 1595 1667 1630 absolutos,
1678 1600 1708 1625 et
1718 1595 1858 1625 firmiter
1867 1594 2071 1633 prohibendo
2081 1604 2122 1625 ne
2132 1595 2197 1625 sibi
2206 1595 2400 1626 fidelitatem

1389 1648 1575 1678 observent.
1592 1648 1694 1678 donec
1713 1648 1813 1678 suerit
1831 1648 1962 1680 vinculo
1979 1648 2332 1679 excommunicationis
2345 1659 2401 1679 as-

1389 1701 1519 1731 trictus.
1538 1701 1585 1730 Ad
1599 1701 1690 1736 hec‘,
1709 1701 1871 1735 civitates,
1892 1705 2011 1737 castra,
2029 1700 2126 1730 villas
2143 1706 2174 1731 et
2189 1701 2255 1731 alia
2272 1701 2344 1732 loca
2361 1703 2412 1732 ad'

1390 1764 1453 1793 que
1479 1755 1548 1792 ipse
1573 1754 1772 1792 pervenerit,
1792 1754 1951 1792 quamdiu
1970 1754 2016 1783 ibi
2038 1754 2150 1788 fuerit,
2175 1754 2402 1785 ecclesiastico

1391 1807 1575 1837 subicimus
1592 1807 1785 1842 interdicto,
1806 1807 1852 1838 ita
1869 1807 1955 1845 quod
1976 1806 2106 1845 publice
2119 1807 2170 1837 vel
2187 1812 2313 1838 secreto
2330 1808 2401 1838 nul-

1390 1860 1459 1890 lum
1485 1860 1531 1889 ibi
1555 1860 1705 1889 divinum
1734 1860 1878 1890 officium
1902 1859 2097 1895 celebretur,
2120 1860 2330 1899 indulgentia
2349 1861 2401 1891 vel

1391 1912 1566 1951 privilegio
1584 1912 1731 1951 quolibet
1749 1921 1814 1942 non
1833 1912 2003 1947 obstante,
2022 1921 2202 1951 omnesque
2219 1913 2276 1952 qui
2293 1913 2401 1944 eidem

1391 1966 1655 2005 presumpserint
1672 1966 1838 1997 celebrare
1856 1966 1906 1995 vel
1924 1966 2033 2004 potius
2051 1966 2257 2005 prophanare
2274 1967 2399 2004 divina,

1390 2029 1473 2058 pene
1491 2019 1708 2058 depositionis
1726 2023 1881 2057 perpetuo
1899 2019 2108 2049 decernimus
2123 2019 2309 2058 subjacere3
2329 2021 2401 2050 uni-

1391 2073 1497 2102 versis
1508 2072 1718 2110 patriarchis,
1730 2071 1988 2110 archiepiscopis
1998 2072 2402 2111 01001500015,31)1)3111]115

1392 2125 1491 2155 etiam
1507 2129 1537 2154 et
1555 2124 1630 2154 aliis
1647 2124 1862 2154 ecclesiarum
1886 2125 2021 2163 prelatis
2042 2125 2227 2155 districtius
2244 2126 2401 2157 inhiben-

1392 2183 1451 2213 tes,
1471 2187 1511 2207 ne
1529 2178 1635 2208 vocati
1654 2177 1694 2207 ad
1710 2186 1785 2207 eum
1805 2178 1924 2207 vadant
1947 2187 2006 2208 nec
2029 2187 2103 2208 cum
2121 2178 2192 2217 ipso
2211 2184 2399 2216 morentur;

1392 2231 1541 2270 alioquin
1571 2230 1715 2260 debitam
1749 2240 1812 2260 non
1844 2230 2003 2268 effugient
2034 2230 2207 2261 ultionem.
2240 2232 2404 2268 Quocirca,

1392 2284 1645 2315 universitatem
1655 2288 1799 2313 vestram
1816 2293 1989 2314 monemus
2005 2287 2036 2314 et
2052 2284 2223 2314 hortamur
2240 2285 2403 2325 at[tente],

1392 2347 1449 2376 per
1467 2337 1647 2376 apostolica
1663 2337 1756 2366 vobis
1773 2337 1895 2375 scripta
1909 2337 1943 2366 in
1962 2337 2082 2367 virtute
2098 2337 2286 2368 obedientie
2302 2338 2402 2368 firmi-

1394 2395 1443 2422 ter
1473 2390 1685 2429 precipiendo
1721 2390 1917 2419 mandantes
1952 2395 2136 2429 quatenus,
2178 2390 2307 2420 nullum
2337 2391 2403 2421 sibi

1391 2448 1578 2482 prestantes
1596 2443 1786 2478 consilium,
1806 2443 1966 2472 auxilium
1980 2443 2031 2473 vel
2045 2444 2202 2478 favorem,
2221 2444 2402 2482 predictam

1393 2496 1748 2527 excommunicationis
1764 2500 1794 2526 et
1811 2495 2033 2525 anathematis
2046 2497 2245 2526 sententiam
2260 2497 2405 2535 singulis

1393 2550 1510 2580 diebus
1529 2550 1706 2579 dominicis
1724 2554 1754 2579 et
1772 2549 1916 2584 festivisy
1936 2549 2076 2587 pulsatis
2094 2550 2264 2588 campanis
2281 2555 2311 2579 et
2328 2559 2404 2580 can-

1424 2662 1445 2686 1.
1463 2662 1551 2693 Apres
1568 2663 1677 2691 Tunisi,
1694 2662 1718 2685 le
1736 2662 1885 2685 manuscrit
1902 2665 1980 2692 porte
1997 2663 2103 2686 detinet
2121 2663 2288 2693 exponetue.

1421 2707 1444 2730 2.
1461 2706 1501 2730 Cf,
1519 2713 1616 2736 supra,
1633 2713 1659 2730 n.
1677 2706 1746 2736 3298,
1761 2705 1822 2730 3299
1838 2708 1864 2729 et
1885 2706 1954 2734 4386,
1976 2710 2002 2729 et
2021 2706 2047 2729 la
2067 2709 2131 2730 note
2153 2707 2161 2730 1
2183 2707 2216 2730 de
2231 2707 2257 2730 ta
2273 2708 2324 2731 col.
2347 2707 2407 2733 1039

1391 2751 1427 2774 du
1444 2753 1463 2774 t.
1480 2750 1514 2774 ΙΙ.

1423 2795 1445 2819 3.
1467 2794 1503 2818 Le
1521 2795 1640 2817 membre
1658 2794 1691 2817 de
1707 2794 1805 2824 phrase
1822 2800 1827 2818 ε
1846 2802 1856 2816 «
1874 2798 1898 2817 01
1917 2801 2011 2818 omnes
2028 2795 2089 2818 illos

1392 2846 1486 2863 vorem
1503 2847 1528 2865 »,
1546 2845 1560 2860 3
1576 2838 1618 2861 010
1635 2838 1726 2868 3301110
1743 2838 1810 2861 dans
1826 2839 1851 2861 la
1867 2845 1958 2868 marge
1975 2838 2008 2862 de
2024 2838 2100 2863 fond.

1423 2883 1446 2908 4.
1464 2883 1502 2906 La
1518 2883 1615 2913 phrase
1632 2889 1637 2906 :
1655 2891 1666 2904 «
1685 2882 1725 2905 Ad
1743 2883 1801 2910 hec,
1818 2883 1944 2906 civitates

1393 2935 1408 2951 a
1424 2927 1466 2951 ete
1483 2927 1592 2957 ajoutee
1608 2927 1676 2950 dans
1692 2927 1716 2949 13
1734 2934 1824 2957 marge
1841 2927 2007 2952 exterieure.

2153 2795 2287 2818 auxilium
2303 2795 2346 2819 vel
2362 2795 2403 2819 fa-

2009 2889 2064 2906 non
2081 2883 2214 2913 effugient
2229 2883 2362 2907 ultionem
2380 2892 2404 2912 1),
