2553 3526
308 286 362 313 ως,
1036 285 1273 315 meismes
1296 284 1350 313 DE
1374 276 1596 316 GREGonffl
1623 286 1678 315 ix.
2354 290 2408 319 196

377 352 493 380 50²3
901 353 1021 384 Latran,
1036 352 1051 378 6
1069 361 1146 378 mars
1162 351 1240 378 1240.

340 415 571 448 Arcbiepiscopo
587 414 728 440 Toletano
744 416 771 440 et
787 414 922 447 episeopo
940 414 1097 440 Palentino
1112 413 1233 439 mandat
1245 422 1314 446 qua-

305 466 401 495 tenus,
426 478 459 481 β
482 472 547 489 cum
573 463 607 488 de
632 462 866 488 cirrumstantiis
891 462 1098 495 postulationis
1116 471 1131 488 a
1155 462 1265 488 decano
1286 465 1313 488 et

304 513 435 547 capitulo
456 512 596 538 eeclesiae
618 512 776 545 Burgensis
803 512 897 537 factae
919 511 954 537 de
980 511 1141 538 Oxomensi
1166 511 1314 545 episeopo,

304 562 384 595 regni
406 561 553 588 Castellae
569 564 594 585 et
613 560 750 593 Legionis
766 559 954 591 cancellario,
972 559 1001 585 in
1024 568 1107 585 suun]
1131 560 1313 593 episcopum,

305 612 367 644 ipse
389 619 461 644 papa
483 610 612 635 nondum
637 609 793 635 veritatem
819 608 893 634 scire
915 609 1068 642 potuisset.
1085 623 1116 626 —
1133 609 1168 634 ad
1190 608 1312 634 eandem

304 659 459 686 eeclesiam
477 658 659 688 accedentes,
676 657 711 682 de
727 657 811 683 modo
828 656 1036 690 postulationis
1050 659 1078 683 et
1092 656 1198 682 studiis
1213 659 1313 690 postu-

305 708 430 734 lantium
451 706 593 739 inquisita
609 706 744 737 veritate,
760 705 782 731 si
798 705 1027 739 1)ostulati‹:=11e1n
1049 705 1171 731 eandem
1193 705 1313 731 invene-

305 756 365 782 rint
379 754 562 781 concorditer
578 756 605 779 et
620 753 760 779 caxmnice
782 753 973 783 celebratam,
990 756 1028 785 et,
1046 753 1240 780 consideratis
1262 762 1314 779 ne-

304 804 441 830 cessitate
466 806 495 829 et
520 802 653 829 utilitate
675 810 708 828 ac
732 801 967 828 circumstantiis
994 801 1153 833 universis,
1182 801 1315 828 viderint

304 853 453 887 expedire,
471 853 601 886 praefato
615 851 761 885 episcopo,
773 860 789 877 a
801 859 870 877 cura
886 850 1063 877 Oxomensis
1077 850 1219 877 ecclesiae
1233 850 1315 877 abso-

303 904 375 930 luto,
395 899 567 928 transeundi
585 900 620 925 ad
643 899 818 933 jamdictam
838 899 993 925 ecclesiam
1016 891 1197 933 Burgenseni
1220 899 1315 925 licen*

305 951 376 977 tiam
393 950 537 980 tribuant,
554 952 592 979 et,
609 951 725 981 recepto
739 947 775 974 ab
788 956 830 979 eo,
849 948 998 974 Ecclesiae
1017 949 1167 974 Romanae
1181 949 1313 977 nomine,

304 999 458 1026 fidelitatis
481 997 584 1024 solitae
606 998 785 1030 juramento,
811 997 895 1030 juxta
920 998 1044 1023 formam
1074 997 1115 1023 cis
1141 997 1194 1024 sub
1221 998 1314 1032 ipsius

305 1056 397 1082 papae
415 1047 497 1074 bulla
514 1046 647 1078 missam,
665 1045 760 1072 eidem
778 1054 794 1072 a
810 1046 978 1080 praedictae
995 1046 1136 1073 ecclesiae
1153 1047 1313 1080 Burgensis

303 1096 431 1123 subditis
454 1095 652 1123 obedientiam
678 1098 703 1120 et
730 1094 926 1120 reverentiam
952 1094 1083 1121 debitam
1110 1095 1243 1121 exbiberi
1271 1096 1313 1122 fa—

304 1145 400 1175 ciant;
423 1144 556 1178 alioquin
583 1143 678 1169 cidem
705 1143 846 1169 ecclesiae
868 1143 903 1168 de
929 1151 1052 1176 persona
1074 1143 1179 1170 idonea
1200 1144 1312 1170 faciant

305 1193 469 1228 providet-R
488 1193 611 1218 sormam
627 1191 789 1225 juramenti
806 1191 881 1225 quod
898 1191 949 1217 ille
969 1192 1160 1225 praestiterit,
1175 1192 1209 1218 de
1224 1192 1312 1219 verbo

301 1243 338 1269 ad
356 1242 478 1268 verbum
496 1249 546 1274 per
563 1241 625 1273 ejus
642 1242 776 1274 patentes
793 1240 917 1272 litteras,
935 1240 1066 1273 ejusdem
1091 1240 1189 1274 sigillo
1212 1241 1312 1274 signa-

302 1295 357 1322 tas,
374 1299 423 1325 per
438 1290 587 1324 proprium
602 1289 740 1315 nuntium
753 1289 789 1315 ad
804 1288 909 1315 Sedem
922 1289 1123 1322 Apostolicam
1137 1290 1312 1323 quantocius

301 1340 462 1366 destinent.
482 1353 512 1356 —
530 1339 615 1370 (ΗΕΘ.
634 1338 681 1370 19,
700 1338 719 1364 f.
737 1337 787 1364 152
805 1336 878 1372 [146]
896 1340 932 1369 r⁰;
950 1346 1019 1364 ann.
1037 1338 1119 1371 XIII,
1137 1347 1161 1365 c.
1179 1338 1254 1377 240.)

344 1441 355 1454 «
386 1451 405 1457 ..
433 1428 657 1464 archiepiscopo
681 1427 819 1455 Tolelano
842 1427 879 1465 [et
904 1449 923 1455 ..
948 1428 1081 1464 episcopo
1109 1427 1311 1466 I'alenlino]¹.

304 1481 452 1511 Dilectus
469 1480 558 1509 filius
572 1481 622 1513 R„
643 1479 898 1509 archidiaconus
911 1480 1105 1517 But-gensis,
1122 1486 1314 1518 procurator

303 1534 498 1563 dilectorum
524 1532 667 1562 liliorum
692 1555 710 1560 ..
737 1532 852 1561 decani
870 1536 901 1561 et
918 1532 1054 1570 capituli
1072 1533 1210 1563 ecclesie
1228 1534 1313 1564 Bur-

304 1587 428 1625 gensis.
449 1587 482 1615 in
504 1590 615 1615 nostra
632 1585 801 1623 proposuit
817 1586 986 1623 presentia
1002 1586 1202 1616 constitutus
1215 1587 1312 1625 quod,

304 1640 443 1670 ecclesia
466 1640 537 1677 ipsa
560 1642 708 1673 vacante,
733 1638 796 1676 ipsi
819 1639 1056 1668 convenientes
1079 1639 1112 1667 in
1137 1648 1252 1674 unum,
1275 1640 1314 1670 de

303 1693 408 1723 futuri
424 1692 662 1721 substitutione
683 1691 848 1729 pontificis
865 1692 1049 1726 tractaturi,
1068 1697 1138 1730 post
1156 1697 1314 1723 tractatus

304 1746 413 1775 varios
441 1750 471 1775 et
499 1745 648 1774 diversos
670 1744 801 1774 tandem
828 1745 1053 1775 venerabilem
1079 1747 1215 1776 fratrem
1242 1756 1314 1777 nos-

304 1804 391 1829 trum
413 1822 431 1827 ..
452 1793 690 1828 Oxomensem²
708 1798 908 1835 episcopum,
931 1799 1024 1835 regni
1042 1798 1184 1829 Castelle
1201 1804 1231 1829 et
1253 1801 1314 1830 Le-

303 1852 412 1891 gionis
438 1851 686 1885 cancellarium,
714 1851 747 1879 in
774 1860 871 1880 sunm
895 1851 1085 1889 episcopum
1108 1853 1315 1883 unanimiter

304 1905 524 1944 postularunt.
543 1905 651 1940 Quare
674 1903 782 1933 dictus
805 1903 1060 1933 archidiaconus
1083 1905 1177 1934 nobis
1202 1905 1313 1935 humi-

302 1959 379 1989 liter
393 1958 591 1996 supplicavit
608 1962 653 1993 ut,
672 1966 746 1987 cum
764 1957 878 1987 eadem
895 1957 1046 1992 ecclesia,
1066 1968 1141 1997 que,
1160 1959 1199 1989 ob
1218 1969 1313 1989 vaca-

303 2013 427 2042 tionem
445 2011 620 2044 diutinam,
642 2019 774 2048 gravem
797 2011 831 2039 in
851 2010 1084 2048 spiritualibus
1102 2016 1133 2041 et
1151 2016 1314 2050 tempora-

303 2065 392 2094 libus
419 2064 581 2094 sustinuit
604 2063 765 2093 hactenus
785 2063 958 2097 lesionem,
987 2069 1079 2101 grata
1103 2069 1254 2102 speretur
1279 2065 1314 2095 in

303 2119 454 2157 utrisque
472 2118 677 2147 incrementa
694 2126 750 2155 per
772 2125 857 2151 eum,
879 2121 987 2146 actore
1008 2118 1159 2152 Domino,
1179 2127 1313 2157 suscep-

305 2176 389 2206 tura,
412 2175 442 2201 et
467 2171 501 2200 in
531 2171 600 2200 suis
621 2170 754 2209 juribus
781 2174 811 2199 et
838 2169 1050 2199 libertatibus
1073 2172 1312 2207 conservanda,

304 2223 496 2262 hujusmodi
514 2223 769 2261 postulationem
786 2222 959 2252 admittere
976 2223 1015 2252 de
1032 2223 1238 2261 benignitate
1257 2225 1316 2255 Se-

304 2277 354 2306 dis
376 2277 563 2315 Apostolice
582 2285 775 2306 curaremus
793 2293 842 2304 —.
867 2276 940 2305 Dat.
965 2276 1132 2312 Laterani,
1158 2279 1189 2307 II
1209 2287 1314 2308 nonas

304 2330 428 2365 martii,
447 2339 534 2360 anno
552 2329 793 2359 tertiodecimo.
814 2341 826 2355 »

374 2484 494 2512 5080

306 2542 316 2545 ν
340 2546 478 2580 Capitnlo
494 2547 674 2572 Vultcrrano
687 2545 791 2582 scribit
806 2554 811 2572 :
830 2554 843 2570 «
859 2545 951 2579 Licet,
967 2546 1049 2573 vobis
1061 2547 1203 2585 dilectum
1218 2547 1313 2574 filium

856 2484 977 2516 Latran,
992 2484 1025 2510 28
1040 2485 1147 2511 fevrier
1162 2485 1240 2512 1240.

308 2648 312 2650 “
337 2647 357 2671 l.
375 2647 505 2678 L'emploi
518 2650 645 2670 constant
658 2647 693 2670 du
708 2648 804 2677 pluriel
817 2647 885 2671 dans
897 2648 921 2671 le
933 2648 1075 2679 dispositif
1090 2649 1123 2672 de
1135 2652 1206 2672 cette
1219 2649 1316 2679 piece:

305 2699 317 2713 α
378 2691 541 2714 accedentes
605 2692 767 2715 inveneritis

841 2692 966 2715 videritis
1029 2693 1157 2717 tribuatis
1221 2702 1231 2715 n
1254 2697 1318 2723 etc„

305 2735 417 2765 indique
435 2736 696 2758 surabondamment
713 2743 765 2765 que
786 2736 916 2759 l'adresse
938 2739 1151 2766 archiepiscopo
1175 2740 1316 2766 Tolelarw,

304 2780 412 2803 donnize
430 2780 462 2802 ici
477 2786 524 2809 par
540 2779 564 2803 le
580 2781 714 2808 maistre,
728 2783 768 2803 est
785 2780 966 2810 incomplete;
983 2781 1113 2805 l'adresse
1127 2782 1262 2812 complete
1277 2786 1317 2806 est

305 2824 413 2859 tournie
431 2831 478 2854 par
494 2824 519 2846 la
535 2824 606 2846 table
623 2824 670 2846 des
686 2825 809 2853 capitula
827 2824 860 2847 de
877 2828 948 2848 cette
966 2825 1041 2848 XIII·
1057 2826 1153 2855 annee‚
1170 2827 1241 2850 table
1259 2828 1318 2858 qui,

304 2868 338 2892 ici
360 2875 465 2892 comme
490 2868 609 2895 aillours,
633 2868 691 2892 doit
711 2868 874 2899 reproduire
897 2876 950 2892 une
972 2871 1117 2894 rubricelle
1141 2872 1317 2901 auJourd'hui

304 2912 442 2942 disparue.

334 2957 357 2980 2.
375 2959 423 2980 Ms.
443 2966 448 2980 .·
466 2956 600 2980 Exonien.

1398 359 1410 375 n
1433 350 1606 386 Opimuem,
1621 353 1865 380 archidiaconum
1884 354 2049 382 Lucanum.
2070 355 2099 381 in
2117 356 2247 382 vestrum
2269 356 2408 389 eligenti-

1398 408 1410 425 »
1433 400 1484 426 bus
1509 401 1677 435 episcopum
1705 404 1733 427 et
1759 404 1916 435 pastorem,
1946 402 2024 429 iden]
2054 403 2192 429 electioni
2217 403 2253 430 de
2277 412 2307 430 se
2331 405 2408 431 facte

1398 457 1410 474 n
1433 450 1624 479 consenserit,
1643 450 1666 476 si
1683 450 1718 476 de
1735 453 1832 477 nostre
1846 451 2016 484 procederet
2032 451 2217 485 beneplacito
2232 452 2408 484 voluntatis,

1398 506 1410 523 »
1432 499 1502 532 quia
1519 502 1628 529 tamen,
1646 499 1840 526 consideratis
1863 499 1996 526 utilitate
2017 500 2135 527 Lucane
2152 501 2275 527 ecclesie
2290 510 2323 528 ac
2339 502 2408 528 aliis

1397 555 1410 571 υ
1431 548 1667 574 circumstantiis
1688 548 1848 580 universis,
1870 548 2044 575 electionem
2068 549 2239 582 hujusmodi
2262 558 2318 576 non
2342 558 2409 584 pro-

1398 604 1410 620 »
1432 596 1565 622 vidimus
1590 597 1840 629 continuandam,
1863 597 2040 623 mandamus
2064 600 2208 631 quatenus
2227 598 2408 632 provideatis

1398 652 1411 669 ι)
1432 644 1515 671 vobis
1539 645 1568 671 in
1594 648 1739 678 pastorem
1761 654 1811 679 per
1834 645 2008 672 electionem
2032 646 2205 673 canonicam
2230 647 2265 673 de
2286 655 2409 681 persona

1398 701 1410 717 ›)
1432 693 1577 719 idonea.»
1595 708 1626 711 —
1641 695 1727 726 (REG-
1743 694 1786 726 19,
1803 695 1822 721 f.
1840 694 1891 721 152
1904 693 1978 729 [146]
1995 698 2038 726 v⁰;
2053 703 2122 721 ann.
2138 695 2220 727 XIII,
2237 704 2262 722 e.
2280 696 2354 727 241.)

1438 806 1451 820 «
1470 794 1610 832 Capitale
1634 795 1825 824 Vaiterrano.
1850 795 1953 831 Licet,
1976 795 2069 825 vobis
2091 795 2249 826 dilectum
2265 813 2312 826 —.
2332 797 2408 827 Dat.

1397 847 1562 882 Laterani,
1585 848 1634 876 III
1651 847 1810 878 kalendas
1827 848 1951 883 martii,
1973 857 2059 878 anno
2075 849 2313 879 tertiodecimo.
2334 862 2346 876 »
2387 839 2391 841 ⁸

1467 1025 1585 1053 508¹
1897 1026 2030 1062 [Latran‚
2047 1027 2081 1054 28
2094 1027 2204 1054 sevrier
2217 1028 2287 1055 1240
2297 1027 2337 1064 ΙῩ]

1430 1088 1662 1123 Areliiepiseopo
1678 1089 1860 1122 Arelatensi,
1879 1090 1940 1124 qui,
1958 1098 1971 1115 α
1987 1099 2037 1124 pro
2053 1090 2252 1118 dissolvendis
2269 1091 2411 1126 impieta—

1396 1145 1408 1161 »
1431 1137 1468 1163 tis
1483 1138 1722 1171 colligationibus
1737 1141 1765 1165 et
1781 1139 1964 1172 profliganda
1982 1139 2114 1166 heretica
2125 1140 2273 1174 pravitate
2286 1148 2299 1166 »
2312 1140 2347 1167 de
2359 1149 2412 1169 sua

1395 1186 1560 1220 provincia,
1584 1187 1707 1213 eandem
1734 1187 1920 1220 provinciam
1940 1187 2063 1214 debebat
2088 1189 2256 1222 frequenter
2275 1189 2411 1222 visitare,

1394 1235 1568 1272 facultatem
1593 1235 1728 1262 csmcedit
1758 1236 1896 1269 exigendi
1922 1239 1950 1262 et
1976 1236 2140 1270 recipiendi
2165 1238 2256 1263 semel
2279 1237 2309 1263 in
2334 1246 2411 1264 anno

1394 1283 1430 1310 ab
1455 1283 1587 1317 ejusdem
1611 1284 1783 1317 provinciae
1813 1285 2002 1311 monasteriis
2031 1287 2059 1311 et
2084 1285 2217 1312 ecclesiis
2245 1286 2411 1313 moderatas

1395 1331 1616 1365 procurationes
1643 1339 1693 1365 pro
1719 1332 1891 1365 quindecim
1916 1333 2048 1366 personis
2079 1335 2107 1359 et
2137 1333 2259 1360 totidem
2282 1333 2412 1361 evectio-

1395 1381 1493 1412 nibus,
1515 1383 1544 1406 et
1564 1380 1795 1407 contradictores
1820 1389 1871 1415 per
1894 1390 2049 1408 censuram
2075 1382 2307 1409 ecclesiasticam
2330 1391 2412 1409 com-

1395 1429 1544 1463 pescendi.
1563 1444 1594 1447 -—
1617 1430 1704 1459 (Rae.
1722 1430 1766 1459 19,
1789 1431 1808 1456 f.
1826 1430 1877 1456 152
1894 1428 1967 1465 [146]
1992 1433 2035 1463 v⁰;
2060 1439 2130 1457 ann.
2148 1431 2229 1463 XIII,
2252 1440 2276 1458 c.
2294 1431 2361 1464 242;
2378 1445 2411 1450 —-

1395 1477 1528 1505 MOREAU
1548 1477 1628 1510 1192,
1644 1478 1664 1503 f.
1681 1478 1756 1508 427.)

1437 1591 1449 1604 κ
1471 1601 1490 1607 ..
1508 1579 1733 1616 archiepiscopo
1747 1580 1929 1608 Arelatensi.
1948 1579 2044 1615 Cum,
2063 1579 2149 1609 sicut
2165 1585 2219 1609 tua
2234 1598 2283 1609 —.
2304 1593 2316 1607 »

1433 1813 1572 1847 Capitulo
1596 1813 1794 1847 Strigoniensi
1822 1813 1941 1840 nuntiat
1962 1823 1991 1840 se
2013 1814 2241 1848 postulationem
2263 1823 2351 1849 quam
2377 1815 2412 1842 de

1396 1860 1562 1897 M[attbia‚],
1591 1862 1726 1896 episcopo
1749 1862 1903 1895 Vaciensi,
1930 1863 1960 1889 in
1989 1863 2222 1897 strigoniensem
2249 1863 2413 1898 archiepis-

1397 1919 1502 1945 copum
1533 1911 1716 1938 concorditer
1751 1911 1992 1943 celebraverant,
2025 1912 2145 1939 duxisse
2177 1912 2411 1946 admittendam,

1996 1752 2117 1784 Latran,
2134 1751 2150 1779 6
2167 1761 2245 1779 mars
2261 1753 2339 1780 1240.

1397 1960 1497 1994 eisque
1523 1960 1608 1986 illum
1640 1960 1675 1986 de
1703 1960 1825 1994 speciali
1854 1960 1949 1994 gratia
1979 1961 2008 1986 in
2039 1964 2152 1995 patrem
2184 1961 2362 1988 concessisse
2384 1963 2413 1988 et

1398 2012 1559 2043 pastorem;
1580 2009 1664 2035 addit
1689 2018 1718 2035 se
1739 2009 1866 2042 pallium
1889 2009 2008 2036 mittere
2027 2018 2078 2044 per
2101 2010 2290 2037 Coloeensem
2311 2010 2413 2037 archi-

1397 2060 1579 2094 episcopum,
1601 2059 1744 2093 jamdicto
1766 2060 1902 2094 episcopo
1923 2061 2178 2093 transferendum;
2203 2062 2337 2088 hortatur
2361 2062 2412 2088 de-

1398 2109 1487 2142 nique
1504 2118 1550 2134 eos
1567 2111 1598 2134 ut
1619 2108 1745 2135 eundem
1770 2111 1882 2142 patrem
1906 2112 1933 2135 et
1956 2112 2103 2143 pastorem
2123 2109 2249 2143 benigne
2265 2110 2412 2144 recipiant

1397 2160 1486 2191 atque
1502 2157 1633 2190 ejusdem
1657 2157 1770 2183 monita
1791 2160 1819 2183 et
1846 2157 1987 2183 mandata
2010 2157 2165 2184 humiliter
2185 2158 2360 2192 suscipiant.
2379 2173 2411 2177 —

1398 2206 1484 2237 (Rae.
1510 2205 1553 2237 19,
1579 2206 1598 2231 f.
1620 2205 1671 2231 152
1695 2204 1767 2240 [146]
1793 2212 1839 2237 v⁰;
1864 2214 1933 2232 ann.
1954 2206 2037 2238 XIII,
2063 2215 2088 2233 c.
2109 2207 2176 2238 243;
2201 2221 2232 2224 —
2254 2207 2412 2234 Porrussr

1398 2254 1522 2289 10850.),

1441 2367 1454 2382 «
1478 2355 1619 2393 Capiiulo
1641 2356 1860 2393 Striqoniensi,
1885 2355 2032 2385 Dilectos
2056 2355 2143 2385 filios
2167 2379 2184 2385 ..
2207 2356 2411 2394 prepositum

1399 2425 1448 2436 ——.
1480 2409 1553 2437 Dat.
1582 2408 1755 2443 Laterani,
1785 2409 1817 2438 II
1844 2416 1948 2437 nonas
1975 2408 2106 2443 martii,
2138 2417 2225 2438 anno
2256 2409 2410 2440 tertiode-

1400 2470 1496 2491 ClmO.
1519 2473 1531 2486 >³

1471 2634 1589 2662 5083

1434 2697 1542 2724 Abbati
1559 2700 1587 2723 et
1603 2697 1763 2723 conventui
1780 2697 1881 2723 Trium
1897 2697 2047 2730 Fontium,
2065 2697 2272 2725 Cisterciensis
2287 2698 2411 2731 ordinis,

1399 2746 1554 2780 Agriensis
1574 2745 1727 2778 dioecesis,
1744 2746 1876 2772 decimas
1900 2746 2083 2780 quorundam
2100 2746 2298 2780 praediorum,
2317 2749 2413 2774 terra-

1400 2803 1465 2821 rum
1479 2797 1506 2821 et
1519 2794 1673 2820 vinearum
1688 2794 1819 2828 ipsorum
1839 2794 2020 2826 monasterii,
2035 2794 2227 2821 existentium
2242 2795 2273 2821 in
2285 2795 2412 2822 dioecesi

1399 2843 1550 2877 Agriensi,
1568 2851 1641 2876 quae
1662 2842 1942 2876 quinquagesimam
1959 2845 2072 2876 partem
2090 2843 2273 2870 decimarum
2291 2843 2328 2870 ad
2346 2843 2412 2871 Cle-

1997 2634 2116 2666 Latran,
2133 2635 2149 2661 7
2166 2643 2243 2661 mars
2259 2635 2338 2662 1240.

1434 2959 1454 2982 1.
1471 2959 1513 2983 Cf.
1531 2961 1549 2982 t.
1568 2958 1615 2987 111,
1625 2956 1685 2981 col.
1703 2957 1755 2987 182,
1773 2959 1837 2981 note
1857 2957 1877 2982 1.
