2553 3526
0 2474 7 2556 -—--
0 2388 13 2454 ψὴ-,Δ
0 2368 1 2375 ᾼ
0 2323 4 2355 -.,

169 327 226 357 001
961 324 1174 355 REGISTRE
1198 323 1252 352 DE
1277 316 1486 354 PERousE,
2217 330 2274 359 fill-3

169 394 267 423 batus
282 392 415 432 quidem
427 392 572 428 oculus¹‚
591 393 816 431 quivirtutem
828 391 962 421 Domini
981 399 1044 420 non
1063 398 1183 427 agnos-

167 446 226 481 eit,
249 446 346 476 facile
369 446 483 475 divina
502 446 665 476 beneficia
684 445 872 483 vilipendit3
892 448 921 474 et
941 444 1014 473 ideo
1037 442 1183 472 retribu-

171 498 272 529 tionis
292 507 418 528 merces
439 498 474 527 in
495 498 556 528 Illo
577 498 646 528 solo
663 497 844 532 consistit2,
868 496 925 535 qui
946 495 1094 525 fraudari
1116 502 1182 523 non

170 555 289 590 potest,
312 560 372 581 nec
395 551 503 589 decipi
526 560 633 590 neque
654 550 743 585 falli;
769 550 835 579 vita
856 549 968 587 cujus³
990 548 1030 577 ab
1052 546 1182 577 insanis

168 604 305 634 insania
328 610 358 635 et
379 606 456 635 finis
474 609 644 643 reputatus
668 608 716 633 estv
735 604 807 633 sine
826 603 978 636 hon01·e⁴,
1005 601 1183 630 estimatur

167 665 190 686 a
214 658 320 686 Deum
344 658 539 687 timentibus
561 658 715 693 gloriosa.
743 656 842 686 Omni
868 656 971 692 igitur
996 653 1182 691 suspitione

167 709 329 747 deposita.
350 711 532 740 secundum
551 711 689 739 formam
713 709 867 738 traditam
889 716 962 736 cum
984 706 1109 741 collega
1128 711 1181 734 tuo

169 762 378 800 providentie
402 763 462 792 tihi
487 763 628 800 desuper
654 762 810 792 attribute
834 765 963 798 experta
989 758 1116 788 cautela
1143 758 1182 787 ad

170 815 431 853 promovendum
451 816 574 845 honum
601 815 691 853 pacis
715 818 882 851 assurgat:
908 813 984 851 quia
1009 820 1180 850 speramus

166 867 205 896 in
218 868 367 906 principe
386 877 460 898 vere
476 869 596 906 pacis⁵‚
620 877 682 906 que
696 872 850 905 exuperat
868 875 998 896 omnem
1013 867 1179 895 sensumss.

166 919 234 956 Qui
252 920 420 950 benedixit
444 920 616 949 introilum
641 924 744 950 tuum.
767 920 876 957 ipsum
901 928 1031 957 qnoque
1057 919 1180 947 exitum

167 971 355 1002 benedicet.
373 973 446 1002 Dat.
465 972 632 1007 Laterani,
650 972 802 1001 kalendis
819 972 943 1001 martii.
968 985 978 997 υ

251 1148 304 1176 61
314 1149 367 1176 (3¹
594 1143 761 1184 [Gedula7.]

213 1222 226 1236 ι(
246 1210 332 1246 Quia
348 1210 431 1240 dura
451 1214 483 1240 et
505 1210 578 1241 dira
598 1215 670 1249 post
691 1219 860 1241 recessum
884 1214 975 1239 tuum
995 1218 1012 1239 a
1028 1208 1180 1247 pluribus

168 1267 249 1293 sunt
266 1263 399 1298 relata⁸,
420 1263 560 1294 turbatis
576 1264 755 1294 multorum
768 1264 890 1293 animis
908 1263 990 1293 fides
1007 1261 1181 1301 promissis

116 1317 121 1319 ’
167 1315 344 1351 adimitur,
383 1316 461 1345 dum
495 1325 614 1346 manus
649 1326 667 1346 a
696 1317 882 1346 temeritate
912 1315 1011 1345 solita
1042 1315 1179 1344 minime

166 1367 363 1403 cohibetur;
389 1373 419 1398 et
444 1369 530 1407 ideo,
552 1369 581 1399 si
603 1369 731 1399 cautele
757 1369 830 1407 plus
856 1368 1010 1403 adicitur,
1038 1367 1180 1405 legentis

166 1421 303 1465 animus
316 1430 383 1450 non
401 1421 564 1456 turbetur,
582 1422 662 1460 quia
677 1421 868 1451 securitatis
886 1421 1020 1452 oblivio,
1040 1425 1071 1450 et
1083 1429 1181 1458 opera

165 1474 304 1512 seriptis
327 1479 358 1504 et
382 1475 599 1513 promissioni
626 1475 803 1509 contraria.
831 1474 928 1504 corda
955 1474 1094 1504 reddunt
1123 1483 1182 1502 au-

167 1526 335 1557 dientium
351 1527 498 1557 duriora.
518 1539 530 1553 n

242 1699 295 1728 (31
306 1699 362 1727 (32
700 1698 833 1734 [Latram
851 1701 889 1726 fin
908 1708 985 1727 mars
1000 1698 1109 1733 1230⁹.]

205 1761 351 1789 Friderici
373 1762 562 1797 imperatoris
585 1762 694 1789 litteris
717 1762 907 1796 respondens,
933 1762 1123 1796 conqueritur
1147 1762 1181 1788 de

203 1881 224 1907 l.
242 1881 346 1906 psam.
364 1882 410 1910 VI,
427 1882 450 1908 8.

218 1946 224 1952 .
240 1928 290 1950 MS.
310 1936 317 1951 .·
333 1927 481 1955 constitui;
496 1939 524 1944 —
539 1927 670 1950 consistit
684 1929 725 1950 est
739 1928 884 1956 purement
898 1925 1078 1955 conjectural.

245 1971 282 1996 Le
298 1974 372 2001 texte
386 1971 420 1995 de
436 1974 496 1995 tout
512 1978 542 1995 ce
559 1977 674 2002 passage
690 1974 731 1994 est
750 1971 884 1994 douteux.

245 2015 287 2040 Ci'.
301 2015 366 2040 Sar.
382 2016 416 2045 V,
433 2016 455 2040 4.

220 2077 227 2084 .
245 2059 287 2084 Cf.
306 2061 343 2084 Is.
358 2060 406 2089 ix,
422 2060 444 2084 6.

220 2123 228 2129 .
247 2105 374 2129 Pinum.
392 2105 439 2134 IV,
452 2105 476 2130 7.

244 2150 313 2175 Rae.
331 2149 400 2174 PER.
416 2150 436 2172 f.
454 2149 481 2173 13
493 2153 531 2173 ν’.

202 2195 226 2219 8.
245 2195 268 2218 Α
282 2193 452 2224 rapprocher
460 2193 494 2217 de
503 2194 617 2217 talettre
625 2193 654 2218 92
667 2193 700 2216 de
712 2193 830 2216 Thomas
842 2193 876 2215 de
887 2192 1001 2222 Capoue
1011 2193 1093 2221 (mars
1105 2191 1182 2219 1230),

169 2239 242 2262 dans
260 2239 286 2262 le
306 2238 408 2262 recueil
433 2238 484 2261 mis
507 2244 541 2261 en
565 2237 679 2261 lumiere
704 2244 752 2268 par
772 2237 807 2260 M.
832 2237 1018 2266 Romamne,
1041 2238 1089 2260 Die
1113 2239 1181 2259 vor·-

171 2284 410 2312 vernandtunqen
431 2286 494 2311 ete.‚
516 2289 542 2312 p.
569 2282 634 2306 186:
654 2290 665 2304 «
682 2281 784 2305 Audivi
805 2281 878 2311 quod
899 2281 1010 2311 quidam
1032 2288 1074 2304 me
1091 2282 1183 2304 verbis

170 2327 254 2358 quasi
267 2326 408 2357 lapidibus
425 2326 591 2356 quibusdam
611 2326 761 2356 impetunt3
781 2325 829 2348 sed
846 2325 962 2354 utinam,
980 2328 1094 2355 propter
1109 2326 1183 2356 quod

171 2371 307 2402 lapidant,
324 2371 524 2394 indicat-anth..
542 2370 676 2394 Desidero
695 2369 920 2400 tranquillitatem
936 2369 1073 2397 Ecclesie;
1089 2370 1184 2400 populi

170 2423 262 2447 quero
277 2416 428 2446 quietem...
446 2423 457 2437 n
479 2415 558 2438 Cette
574 2415 660 2438 meme
678 2414 758 2437 lettre
774 2413 802 2437 9¹3
818 2420 847 2436 se
863 2416 960 2436 trouve
975 2414 1061 2441 aussi,
1078 2413 1185 2444 d'apres

172 2460 210 2484 M.
228 2459 403 2489 Rodenberg,
421 2459 488 2482 dans
507 2459 531 2481 le
551 2465 598 2481 ms.
616 2457 648 2481 G.
666 2458 694 2481 38
712 2458 745 2481 de
765 2458 790 2480 la
807 2457 994 2488 bibliotheque
1013 2457 1046 2481 de
1059 2458 1184 2488 l'abbayo

170 2504 209 2528 de
226 2503 309 2532 Melk,
326 2503 412 2534 parmi
431 2503 471 2525 les
490 2503 586 2525 lettres
601 2502 634 2525 de
654 2501 772 2525 Thomas
795 2501 828 2525 de
846 2502 969 2532 Capoue,
987 2502 1056 2525 livre
1077 2502 1123 2531 Vl,
1148 2502 1183 2526 19.

197 1927 214 1950 »ο

200 1971 226 2174 >¹02st

152 2546 156 2552 '
171 2561 206 2566 —
221 2548 262 2572 Cf.
279 2547 329 2571 Ed.
342 2547 557 2573 Wmfflsmmxn,
574 2547 672 2569 Kaiser
683 2547 828 2569 Friedrich
843 2548 879 2575 11,
895 2549 913 2569 t.
927 2545 960 2572 11,
973 2553 999 2576 p.
1017 2546 1068 2571 167.
1085 2549 1149 2569 note
1163 2546 1183 2573 1,

171 2596 203 2616 et
222 2590 703 2616 Eoumen-Ficuen-messmunn.
716 2592 829 2619 Reyesta
843 2591 969 2618 Imperii,
982 2593 1000 2613 t.
1011 2589 1047 2619 V,
1057 2595 1085 2613 11⁰
1100 2590 1184 2614 1107‘2.

208 2637 231 2662 9.
248 2637 287 2660 La
297 2636 360 2659 date
375 2635 596 2665 approximative
612 2634 646 2657 de
661 2634 687 2657 la
705 2634 831 2664 presente
850 2635 929 2657 lettre
949 2638 1014 2665 peut
1029 2635 1096 2661 etre.
1113 2641 1185 2658 sem·

174 2681 293 2710 hle-ml,
308 2680 408 2704 etablie
425 2678 532 2709 d'apres
547 2679 587 2702 les
603 2678 676 2701 deux
696 2685 824 2708 passages
840 2679 965 2702 suivants
980 2679 1013 2701 de
1025 2679 1051 2702 la
1066 2679 1185 2703 Chroni-

173 2733 230 2757 que
255 2725 289 2749 de
312 2725 441 2748 Ricimm
467 2729 502 2746 nr.
529 2722 739 2746 SAN-GERMANO
762 2724 899 2750 (Manum.
920 2725 1051 2746 German.
1076 2724 1186 2752 histor„

172 2775 196 2796 t.
218 2770 291 2800 XIX,
316 2777 342 2800 p.
363 2769 416 2797 358,
442 2771 468 2791 et
494 2769 652 2796 scriptores
675 2774 771 2790 rernm
794 2769 1039 2794 Germanicarum,
1070 2775 1093 2797 p.
1116 2767 1156 2797 91)
1181 2775 1186 2791 :

178 2823 191 2838 <i
206 2815 300 2840 Mense
316 2813 406 2837 martii
421 2811 545 2843 [1230]...‚
561 2811 691 2834 iterum...
711 2811 832 2841 Reginus
851 2811 1076 2841 archiepiscopus
1090 2815 1115 2834 et
1131 2819 1187 2834 ma-

174 2860 264 2891 gister
277 2859 375 2882 domus
391 2857 607 2880 Teutonieorum
626 2855 659 2879 ad
678 2863 774 2886 papam
795 2856 921 2879 redeunt.
936 2869 967 2873 —
986 2855 1079 2879 Mense
1094 2856 1188 2886 aprilis

176 2903 273 2934 neam,
287 2902 372 2926 duces
388 2900 673 2932 [Austrie,Carinthie
686 2907 716 2923 ac
728 2900 849 2923 Moravie
865 2909 894 2921 =
910 2900 1040 2930 Μαι-311110]
1058 2907 1119 2923 cum
1136 2899 1188 2923 Re-

175 2947 246 2979 gino
259 2946 470 2976 archiepiscopo
487 2952 518 2968 ac
529 2945 660 2975 magistro
672 2944 770 2968 domus
781 2944 996 2968 Teutonicorum
1009 2944 1158 2967 redeuntes
1174 2951 1189 2966 a

179 2999 252 3023 papa
266 2998 327 3015 cum
346 2992 465 3014 tractatu
485 2991 512 3013 et
527 2989 615 3012 forma
631 2988 790 3017 concordie,
811 2989 838 3011 in
856 2988 984 3019 Apuliam
1006 2988 1039 3011 ad
1058 2988 1189 3012 Cesarem

1265 388 1384 416 offensis
1400 399 1493 425 nuper
1510 391 1579 418 Sedi
1596 393 1782 425 Apostolicae
1799 394 1908 425 illatis,
1934 394 1958 420 ci
1981 395 2103 421 l'ornmni
2127 396 2206 429 pacis
2222 404 2272 430 per

1266 438 1386 471 Imperii
1406 439 1554 473 principes
1575 441 1765 472 transmittit,
1787 450 1912 475 eumque
1933 444 2011 475 rogat
2032 445 2059 468 et
2082 446 2177 469 nionot
2200 452 2272 477 qua-

1266 488 1351 512 tenus
1367 487 1460 513 cultui
1478 488 1558 521 pacis
1575 488 1726 516 inhaereat
1741 492 1767 515 et
1784 498 1883 516 secure
1895 498 1981 523 super
1992 490 2073 516 illius
2086 491 2273 517 exsecutione

1266 535 1413 567 procedat.
1432 550 1463 553 —
1480 537 1566 567 (REO.
1582 537 1656 564 PER.
1674 538 1694 564 f.
1712 538 1744 564 13
1760 540 1800 569 v‘,
1819 541 1848 564 11θ
1863 538 1920 569 62.)

1308 640 1320 653 «
1341 629 1547 666 [Imperatori.
1563 632 1628 659 sine
1644 632 1733 659 tituto
1745 637 1770 660 el
1786 633 2030 671 attributioneu]
2049 632 2160 661 Missis
2179 633 2274 661 nohis

1265 678 1386 709 litteris
1402 680 1498 710 solita
1515 681 1718 719 benignitate
1739 683 1891 720 receptis,
1910 693 2008 721 super
2024 684 2090 713 hiis
2103 694 2165 722 que
2180 693 2275 714 vene-

1266 732 1381 762 rabilis
1397 734 1497 763 frater
1515 739 1626 763 noster
1646 758 1665 763 ..
1680 736 1828 773 Reginus
1845 736 2112 774 archiepiscopus
2130 742 2160 765 et
2176 736 2274 766 dilec-

1267 789 1317 813 tus
1335 785 1423 814 silius
1444 809 1462 814 ..
1487 788 1644 824 magister
1660 788 1776 817 domus
1794 789 1912 818 Sancte
1935 789 2037 818 Marie
2055 789 2273 818 Tlicotonico-

1264 847 1337 866 111111
1356 847 1392 867 ex
1410 844 1500 876 parte
1519 844 1629 869 nostra
1653 840 1712 869 tibi
1731 841 1864 878 provide
1885 841 2081 873 retulerunt,
2106 842 2273 871 sensimus

1265 891 1345 920 adeo
1363 896 1392 921 te
1410 892 1533 922 mirari,
1555 893 1641 930 quod
1657 893 1696 922 ad
1715 893 1879 931 quendam
1898 893 2055 931 loquendi
2073 894 2205 923 modum
2221 894 2274 923 in-

1265 944 1399 973 solitum
1424 946 1614 983 prorupisti,
1639 955 1792 976 asserens
1816 950 1845 976 te
1863 947 1958 985 quasi
1977 947 2109 977 credere
2129 956 2188 976 uos
2208 956 2273 977 non

1265 996 1408 1026 retinere
1425 1006 1599 1034 personam
1617 999 1762 1036 episcopi
1782 999 1971 1028 Hostiensis
1990 1004 2020 1029 et
2037 999 2144 1037 egisse
2162 999 2274 1038 aliqua

1265 1058 1327 1087 que
1344 1049 1400 1079 ille
1421 1050 1599 1088 aliquando
1621 1060 1685 1080 nou
1708 1056 1910 1089 temptasset.
1934 1052 2039 1089 Super
2059 1052 2119 1081 hoc
2140 1052 2273 1090 quidem

1265 1106 1381 1132 testem
1394 1103 1427 1131 in
1440 1103 1520 1133 celis
1534 1104 1706 1138 habentes,
1724 1105 1989 1142 respondendum
2006 1105 2158 1134 ducimus
2175 1105 2273 1143 quod,

1265 1154 1376 1192 aliquo
1401 1159 1556 1193 tempore,
1585 1156 1744 1194 quicquid
1768 1157 1806 1186 de
1836 1157 1912 1186 aliis
1939 1157 2095 1186 membris
2127 1157 2284 1190 Ecclesiev

1264 1208 1368 1242 fieret,
1393 1218 1534 1246 persona
1557 1209 1734 1239 scribentis
1757 1219 1855 1247 super
1872 1210 1938 1239 hiis
1956 1210 2167 1240 Hostiensem
2186 1211 2273 1248 epis-

1265 1269 1381 1298 copum
1398 1270 1462 1290 non
1480 1258 1679 1299 g1·avasset².
1697 1262 1731 1291 in
1747 1262 1868 1300 quibus
1886 1272 1944 1292 nos
1965 1262 2108 1300 graviter
2127 1263 2275 1292 noscitur

1264 1314 1454 1349 offendisse,
1477 1314 1606 1352 aliquos
1631 1315 1738 1352 Regni
1757 1315 1894 1345 clericos
1912 1320 1941 1345 et
1963 1315 2063 1344 laicos
2081 1316 2114 1344 in
2135 1320 2274 1345 tractatu

1265 1367 1354 1404 pacis
1377 1367 1599 1404 ignominiose
1623 1368 1721 1397 morti
1742 1372 1772 1397 et
1796 1368 1951 1397 horribili
1972 1368 2150 1398 crudeliter
2176 1377 2273 1406 expo-

1265 1420 1389 1455 nendo,
1422 1429 1487 1449 non
1517 1421 1590 1450 sine
1620 1421 1712 1458 gravi
1746 1421 1933 1459 Apostolice
1964 1421 2058 1451 Sedis
2089 1422 2213 1460 injuria
2242 1426 2271 1451 et

1265 1473 1381 1510 grandi
1398 1474 1599 1503 contumelia
1621 1474 1799 1509 Creatoris,
1825 1474 1905 1512 quin
1927 1474 2027 1503 immo
2049 1484 2113 1503 non
2134 1475 2206 1504 sine
2223 1475 2272 1503 os-

1264 1527 1359 1557 fensa
1381 1536 1520 1565 persone
1537 1532 1647 1557 nostre
1666 1528 1821 1565 precipua
1838 1532 1867 1557 et
1886 1528 1933 1556 tui
1952 1528 2087 1557 lionoris
2105 1529 2203 1557 etiam
2221 1528 2271 1557 de-

1266 1580 1431 1615 trimento,
1451 1589 1525 1609 cum
1543 1581 1631 1617 regie
1648 1580 1822 1610 clementie
1839 1580 1956 1610 salutis
1976 1581 2121 1610 humane
2140 1590 2274 1611 conser-

1264 1634 1352 1663 vatio
1371 1638 1401 1663 et
1421 1642 1485 1663 non
1505 1633 1712 1663 subditorum
1729 1633 1923 1663 detestanda
1943 1633 2083 1671 perditio
2103 1633 2270 1663 debeatur.

1265 1687 1373 1721 Unde,
1392 1687 1524 1716 sirecte
1541 1686 1742 1717 consideras.
1762 1686 1790 1715 si
1807 1695 1871 1724 qua
1894 1686 2064 1715 hincinde
2081 1688 2165 1715 facta
2183 1691 2271 1718 sunt,

1264 1740 1397 1769 illorum
1412 1739 1502 1769 solus
1519 1739 1658 1769 extitisti
1675 1739 1813 1769 materia
1830 1743 1861 1769 et
1877 1739 1983 1776 origo;
2002 1740 2115 1777 sicque
2132 1739 2221 1769 solus
2239 1748 2272 1768 es

1265 1792 1440 1830 culpabilis
1458 1797 1487 1822 et
1500 1792 1646 1821 occurris
1659 1792 1776 1821 merito
1790 1791 2023 1829 inculpandus,
2038 1796 2092 1821 tua
2104 1792 2274 1821 conscien-

1265 1846 1321 1880 tia,
1345 1846 1373 1875 si
1393 1845 1587 1884 requiritur,
1616 1849 1729 1874 contra
1757 1849 1786 1874 te
1812 1844 2039 1874 testimonium
2064 1844 2270 1882 perhibente.

1265 1898 1329 1928 sed
1345 1898 1434 1936 quia,
1453 1898 1578 1927 sciente
1595 1897 1741 1927 omnium
1759 1897 1947 1934 Cognitore,
1964 1906 2075 1934 pacem
2089 1897 2270 1934 diligimus.

1266 1947 1338 1980 tue³
1361 1951 1493 1980 sitimus
1521 1951 1630 1980 anime
1652 1950 1792 1987 gratiani
1812 1949 2000 1979 salutarem.
2027 1950 2188 1987 premissa
2212 1950 2272 1979 sul)

1265 2004 1400 2034 silentio
1423 2004 1632 2042 preterimus,
1651 2003 1790 2032 sormam
1812 2003 1902 2040 pacis
1923 2003 1961 2031 de
1983 2003 2121 2031 fratrum
2145 2008 2273 2032 nostro—

1266 2066 1339 2087 rum
1356 2056 1522 2086 communi
1542 2055 1716 2085 concordia
1731 2055 1929 2089 ordinatam.
1946 2055 2006 2084 tibi
2022 2064 2078 2093 per
2095 2060 2165 2084 tuos
2183 2056 2273 2093 prin-

1266 2111 1354 2148 cipes
1375 2109 1651 2139 transmittentes.
1669 2109 1712 2138 Te
1734 2113 1844 2137 autem
1867 2116 1924 2145 per
1947 2108 2087 2137 eundem
2107 2109 2275 2145 Regimen-

1267 2164 1357 2192 scm*
1381 2167 1412 2192 et
1432 2162 1641 2192 venerabiles
1665 2162 1785 2190 fratres
1813 2166 1943 2190 nostros
1964 2183 1983 2189 ..
2002 2160 2275 2197 Salzburgcnsem

1267 2216 1553 2253 archiepiscopum
1570 2221 1599 2243 et
1621 2237 1640 2243 ..
1662 2214 1852 2252 episcopum
1875 2213 2152 2251 Ratisponensem
2172 2222 2208 2243 ac
2227 2213 2276 2242 di-

1266 2270 1389 2300 lectum
1407 2268 1512 2298 filiuni
1531 2267 1674 2297 nobilem
1696 2267 1803 2295 virum
1829 2290 1847 2295 ..
1871 2267 1986 2296 ducem
2009 2267 2142 2296 Austrie
2161 2271 2189 2295 et
2207 2276 2277 2295 ma-

1268 2324 1409 2361 gistrum
1425 2322 1620 2360 predictum,
1644 2329 1783 2358 quorum
1801 2319 1910 2349 verbis
1928 2319 2025 2348 fidem
2047 2319 2203 2349 adhibere
2222 2328 2277 2356 po-

1268 2376 1357 2412 teris,
1374 2375 1431 2414 qui
1445 2375 1621 2413 puritatem
1639 2373 1742 2403 nostri
1756 2373 1859 2401 animi
1873 2372 1931 2401 tibi
1944 2376 2095 2409 poterunt
2109 2372 2275 2401 intimare.

1268 2438 1367 2468 quam
1386 2429 1472 2458 circa
1491 2432 1520 2457 te
1538 2427 1684 2465 gei-imus
1707 2426 1741 2454 in
1759 2425 1925 2463 predictis,
1949 2434 2101 2461 rogamus
2118 2425 2277 2453 attentius

1269 2487 1300 2512 et
1325 2489 1498 2511 monemus
1521 2480 1691 2518 quatinus,
1717 2478 1790 2507 dato
1814 2477 1980 2506 scandalis
2001 2476 2114 2505 libello
2134 2476 2275 2513 repudii.

1270 2588 1404 2611 vadunt.»
1420 2587 1459 2609 En
1477 2589 1565 2611 outre,
1583 2585 1607 2607 la
1623 2584 1702 2606 lettre
1719 2583 1753 2606 de
1770 2582 1897 2605 Frederic
1914 2582 1948 2609 11,
1966 2581 2002 2604 du
2021 2581 2047 2604 15
2059 2581 2136 2609 avril,
2153 2587 2206 2610 que
2223 2581 2276 2603 l'on

1270 2637 1399 2656 trouvcra
1414 2632 1474 2661 plus
1488 2630 1544 2652 loin
1558 2633 1594 2657 ,n0
1606 2628 1685 2656 6167),
1703 2626 1789 2658 parait
1802 2627 1864 2649 bien
1880 2633 1911 2649 110
1927 2626 2043 2656 pouvoir
2056 2626 2112 2648 etre
2124 2632 2176 2655 que
2192 2626 2217 2647 la
2233 2625 2277 2648 re-

1270 2683 1356 2707 ponse
1371 2676 1385 2698 a
1402 2674 1521 2698 celte-ci.

1303 2721 1324 2743 1.
1341 2722 1390 2743 Ms.
1409 2728 1415 2742 :
1431 2719 1490 2742 sine
1507 2721 1537 2741 tt.
1556 2721 1581 2740 et
1597 2720 1646 2740 att.

1300 2764 1324 2787 Ἴ.
1345 2763 1477 2792 Gregoire
1493 2761 1540 2790 IX,
1554 2761 1588 2784 ici
1605 2767 1709 2783 comme
1726 2759 1859 2789 quelques
1873 2758 1960 2787 lignes
1977 2757 2036 2787 plus
2054 2757 2127 2783 haut,
2145 2757 2192 2779 fait
2209 2757 2276 2779 allu-

1271 2809 1332 2831 sion
1343 2808 1358 2830 ἑι
1369 2814 1412 2830 ses
1423 2809 1548 2836 rapports
1560 2811 1625 2827 avec
1637 2803 1765 2827 Frederic
1778 2803 1800 2825 II
1815 2804 1945 2831 (persona
1961 2802 2129 2830 scribentis),
2141 2801 2213 2823 alors
2225 2808 2277 2830 que

1271 2852 1412 2876 lui-meme
1425 2850 1518 2874 n'etait
1537 2856 1637 2872 encore
1653 2848 1804 2878 qu'eve'que
1821 2846 1936 2870 d‘Ostie.

1303 2896 1324 2919 3.
1345 2896 1364 2919 11
1381 2896 1439 2918 faut
1456 2894 1590 2924 peut-etro
1604 2893 1653 2915 lire
1671 2899 1676 2914 z
1694 2894 1717 2914 et
1735 2894 1791 2914 tue.

1303 2941 1324 2964 4.
1349 2940 1386 2963 Le
1407 2939 1493 2962 meme
1513 2944 1566 2968 que
1585 2937 1610 2960 le
1633 2937 1757 2965 Reyinus
1777 2935 2007 2963 archiepiscopus
2032 2932 2067 2955 du
2091 2932 2175 2955 debut
2198 2932 2230 2955 de
2254 2932 2281 2955 la

1272 2984 1362 3008 lettre.
