2553 3526
125 272 178 304 361
929 263 1238 308 QUATORZIEME
1261 265 1419 303 ANNEE.
2163 282 2220 312 352

126 341 208 368 tituli
233 340 336 368 Sancti
363 340 517 367 Laurentii
542 340 573 366 in
596 339 709 366 Lucina
734 339 886 373 presbyter
912 338 1083 370 cardinalis,
1106 341 1133 364 et

126 389 300 422 Riecardus,
320 389 423 416 Sancti
440 388 547 422 Angeli
563 387 704 414 diaeonus
719 387 891 420 cardinalis,
907 388 936 414 in
954 396 1041 414 causa
1056 387 1134 413 inter

125 439 325 474 patriarcham
349 437 715 471 Constantinopolitanum
742 440 769 463 et
794 437 1049 470 archiepiscopum
1077 435 1133 463 Co-

123 487 321 515 rinthiensem
343 489 454 518 exorta,
476 487 511 513 de
532 486 671 512 mandato
691 485 851 519 apostolico
867 484 1085 511 ordinavissent
1103 486 1133 510 ut

125 537 203 563 idem
230 535 479 570 archiepiscopus,
496 534 637 569 praestito
659 534 825 568 juramento
848 534 883 560 de
899 533 1027 567 parendo
1049 541 1133 559 man-

123 586 202 613 datis
218 584 368 611 Ecclesiae
383 587 412 611 et
428 584 614 618 patriarchae
632 583 787 618 praedicti,
809 582 1010 609 absolveretur
1030 581 1067 608 ab
1082 590 1133 607 ex-

121 633 405 661 communicationis
428 632 576 659 sententia
598 632 628 658 in
654 631 750 666 ipsum
777 630 813 658 ab
837 631 937 657 eodem
965 630 1133 664 patriarcha

125 684 195 715 lata,
212 683 255 709 ita
275 684 374 709 tamen
398 681 473 715 quod
494 681 591 708 dietus
609 680 778 714 patriarcha
793 679 888 706 eidem
912 679 1133 713 archiepiscopo

123 731 203 758 nihil
218 730 387 765 praecipere
403 731 450 757 vel
472 729 612 756 mandare
633 729 741 762 absque
761 728 846 755 Sedis
866 727 1051 762 Apostolicae
1070 736 1132 761 spe-

120 779 193 807 ciali
213 779 352 806 mandato
374 781 479 813 posset,
496 793 529 796 —
551 777 676 804 eundem
700 777 954 811 archiepiscopum
976 776 1132 803 absolvant

120 832 152 856 et
167 828 333 856 absolutum
354 827 542 859 denuntient,
561 826 646 860 eique
662 826 821 860 injungant
837 828 880 858 ut,
896 834 962 852 cum
980 825 1132 851 commode

123 877 242 912 poterit,
258 877 337 903 infra
359 884 409 902 sex
434 883 548 902 menses
569 877 632 909 post
656 874 871 901 absolutionem
898 883 980 901 suam
1004 874 1128 900 eundem

120 926 322 961 patriarcham
339 925 451 951 visitet.
470 938 501 942 ——
515 924 602 955 (Rae.
619 923 663 955 20,
686 924 706 949 f.
725 923 758 949 39
772 926 815 954 v⁰;
828 931 898 949 ann.
915 923 998 955 xlv,
1015 931 1039 948 c.
1056 922 1131 953 235.)

164 1053 177 1068 α
199 1064 218 1070 ..
238 1041 373 1070 Thebano
389 1045 415 1069 et
436 1062 456 1068 ..
474 1039 705 1076 Niqriponlensi
724 1038 856 1071 decanis,
879 1043 905 1065 et
930 1060 949 1066 ..
972 1037 1132 1065 archidia-

117 1103 193 1124 cono
209 1093 469 1131 Niqripontensi¹.
487 1093 567 1121 Cum
588 1092 622 1120 in
644 1100 745 1121 eausa
767 1099 829 1129 que
852 1090 939 1120 inter
958 1089 1132 1119 venerabi-

121 1146 187 1177 lem
203 1147 337 1176 fratrem
363 1149 512 1175 nostrum
538 1167 557 1173 ..
582 1143 803 1182 patriarcham
825 1142 1131 1181 Constantinopoli-

121 1205 237 1230 tanum
257 1203 288 1229 et
312 1222 330 1227 ..
356 1197 642 1236 archiepiscopum
666 1196 955 1227 Corinthiensem'2
978 1196 1129 1229 vertitur,

120 1253 297 1291 utriusque
320 1251 422 1289 partis
439 1255 681 1289 procuratores,
709 1249 748 1279 ad
765 1249 883 1279 Sedem
908 1249 1129 1287 Apostolieam

118 1306 325 1339 accedentes,
337 1313 454 1340 ⁴coram
468 1303 624 1343 dil[ectis]
642 1302 745 1341 alpis]
760 1303 902 1332 nosti-15³
921 1301 1129 1341 S[inihaldo],

121 1359 210 1390 tituli
233 1358 345 1389 Sancti
371 1357 542 1388 Laurentii
566 1357 599 1386 in
622 1357 746 1386 Lucina
769 1356 964 1394 presbitero,
988 1360 1019 1386 et
1037 1356 1130 1395 R[ic-

117 1413 242 1451 cardo],
262 1412 375 1443 Sancti
395 1410 514 1449 Angeli
535 1410 698 1450 dia[eon0]
717 1409 980 1449 carminalibus]
1004 1410 1130 1439 diutius

119 1466 310 1504 litigassent
336 1475 342 1494 τ
368 1467 570 1503 proponente
591 1463 677 1492 dicto
705 1468 916 1501 procuratore
942 1463 1048 1501 ipsius
1075 1472 1131 1501 pa-

119 1519 264 1549 triarche
288 1519 452 1557 prefatum
474 1517 771 1555 archiepiscopum,
795 1525 852 1554 pro
874 1525 910 1545 eo
934 1516 1031 1555 quod.
1058 1516 1131 1554 plu-

119 1573 187 1603 ries
203 1572 334 1607 citatus,
355 1571 468 1601 venire
485 1570 524 1600 ad
540 1570 764 1600 obedientiam
781 1574 812 1599 et
829 1569 1047 1599 reverentiam
1066 1578 1131 1608 qua

118 1630 262 1660 tenetur,
287 1625 393 1655 eidem
420 1623 606 1662 patriarche
630 1628 660 1653 et
685 1622 1053 1661 Constantinopolitane
1078 1632 1131 1652 ec-

115 1678 220 1709 clesie
240 1677 471 1708 exhibendam,
495 1676 733 1706 contumaciter
758 1675 942 1709 recusabat,
967 1675 1058 1714 post⁴
1082 1675 1130 1705 la-

120 1736 187 1762 tam
202 1732 237 1761 in
256 1731 365 1769 ipsum
382 1730 551 1760 interdicti
568 1729 780 1763 sententiam,
793 1729 925 1758 vinculo
942 1729 981 1758 ab
996 1729 1130 1759 eodem⁵

118 1784 310 1825 patriarcha
339 1783 693 1814 excommunicationis
719 1782 909 1816 astrictum,
935 1791 971 1811 ac
998 1786 1129 1820 petente

116 1838 207 1878 quod
226 1840 237 1859 ⁶
266 1836 457 1876 hujusmodi
487 1835 840 1866 excommunicationis
873 1839 903 1864 et
933 1835 1128 1864 interdicti⁷

116 1890 303 1922 sententias
321 1889 556 1919 mandaremus
577 1897 683 1927 usque
703 1888 744 1918 ad
766 1888 1029 1918 satisfactionem
1050 1896 1130 1917 con-

116 1945 254 1983 dignam
275 1942 516 1973 inviolabiliter
540 1941 729 1973 observari.
758 1940 919 1979 predicti⁸
945 1940 1129 1979 archiepis-

116 1998 192 2036 copi
208 2001 400 2036 procurator
416 2005 454 2026 ex
475 1995 612 2025 adverso
634 1994 803 2033 respondit
826 1994 927 2033 quod,
951 1999 1129 2033 antequam

155 2157 175 2181 1.
200 2156 340 2180 Plusieurs
361 2155 540 2183 corrections,
564 2154 803 2184 contemporaines
828 2153 861 2176 de
884 2153 909 2176 la
932 2154 1128 2184 transcription

119 2202 158 2225 du
170 2203 305 2231 Reqistre,
321 2204 369 2224 ont
386 2200 428 2224 ete
445 2200 525 2223 faites
541 2206 574 2222 en
589 2205 680 2229 margo
692 2199 725 2222 de
742 2202 812 2222 cette
831 2199 920 2229 picco:
934 2205 969 2222 on
986 2205 1129 2229 remarque

117 2245 274 2277 &galement
288 2252 342 2268 une
363 2244 517 2268 correction
538 2243 606 2266 dans
626 2243 651 2265 la
672 2243 743 2271 date,
762 2244 828 2266 mais
844 2243 996 2266 seulement
1017 2243 1085 2265 dans
1106 2243 1130 2266 la

121 2291 185 2314 date
207 2289 243 2313 du
262 2291 334 2320 Jour.
357 2289 433 2312 Nous
457 2288 606 2318 indiquons
627 2290 689 2310 tous
712 2288 751 2310 les
775 2287 898 2310 endroits
918 2287 954 2310 oii
976 2287 1130 2317 paraissent

118 2335 258 2359 certaines
273 2335 312 2358 les
329 2337 417 2357 traces
434 2333 467 2356 de
483 2333 689 2356 romaniemcnt.

153 2380 176 2403 2.
196 2379 248 2403 Les
265 2379 337 2402 deux
351 2378 471 2408 syllabes
488 2378 592 2405 coria,
610 2376 677 2399 dans
694 2377 879 2405 Corinthien.,
895 2380 944 2400 ont
958 2376 1000 2400 ete
1017 2376 1130 2400 reeritcs

119 2431 171 2448 sur
186 2430 223 2446 un
239 2426 373 2453 grattage.

153 2468 176 2494 3,
195 2467 429 2495 Prnninvement,
453 2466 471 2488 il
499 2467 543 2496 n'y
567 2465 640 2488 avait
662 2466 745 2495 qu'un
773 2464 894 2488 cardinal
920 2465 1028 2488 nomme
1050 2465 1064 2488 a
1089 2468 1132 2488 cet

119 2512 241 2536 endroit.
261 2511 301 2535 En
317 2511 390 2540 effet,
407 2511 512 2533 nostris
529 2509 630 2532 resulto
649 2509 729 2532 d'une
746 2509 910 2537 correction,
932 2509 1001 2532 ainsi
1023 2516 1076 2540 que
1092 2510 1131 2532 les

123 2560 194 2581 mots
207 2557 353 2580 Laurentii
372 2557 400 2578 tn
417 2556 524 2578 Lucina
541 2555 694 2583 presbitero
712 2556 735 2576 et
757 2555 785 2576 Η,
807 2555 922 2582 Sancti;
939 2560 972 2576 en
987 2557 1076 2581 outre,
1092 2553 1132 2577 les

121 2605 194 2625 mots
209 2602 308 2630 Anyeti
326 2598 470 2630 diac[ono]
490 2597 708 2628 card[tnatttaus]
727 2601 774 2620 ont
794 2597 837 2621 ete
856 2598 962 2627 ajoutes
979 2605 1012 2621 en
1030 2604 1131 2628 margo.

153 2645 178 2670 4.
197 2645 249 2669 Les
265 2648 336 2668 mots
351 2646 412 2673 post
430 2645 515 2667 latam
533 2644 563 2666 in
578 2644 672 2671 ipsum
688 2643 832 2665 interdicti
845 2644 1016 2666 sententiam
1028 2646 1076 2666 ont
1090 2642 1133 2666 etc

120 2689 230 2720 aJOutes
246 2695 280 2712 en
296 2695 398 2718 marge.

154 2734 177 2758 5.
206 2733 243 2757 Le
272 2735 327 2756 mot
351 2733 449 2756 eodem
472 2739 487 2755 a
510 2730 552 2755 ete
577 2730 660 2754 reci-it
684 2738 731 2754 sur
755 2737 793 2753 un
817 2733 950 2761 grattage,
976 2734 1003 2754 et
1027 2731 1051 2754 le
1078 2734 1134 2755 mot

119 2779 287 2807 patriarcha
303 2785 318 2800 a
334 2777 376 2800 ete
393 2775 485 2806 ajoute
502 2782 535 2799 en
552 2782 654 2806 marge.

156 2821 179 2845 6.
198 2821 235 2845 Le
251 2824 307 2845 mot
322 2822 396 2850 quod
414 2828 429 2844 a
444 2819 487 2844 ete
502 2819 595 2850 ajoute
611 2825 645 2842 en
661 2819 818 2849 interligne.

156 2866 180 2891 7.
199 2865 252 2889 Les
268 2869 338 2889 mots
354 2868 378 2888 et
396 2865 541 2888 interdicti
558 2868 605 2887 ont
621 2863 663 2887 ete
680 2863 775 2887 recrits
792 2870 839 2887 sur
853 2870 890 2886 un
905 2866 1038 2894 grattage,
1055 2866 1082 2887 et
1095 2863 1134 2887 les

123 2913 197 2933 mots
212 2911 368 2933 sententias
386 2911 590 2932 mandaremus
607 2911 654 2931 ont
670 2908 712 2931 ete
728 2908 834 2938 ajoutes
849 2914 883 2931 en
899 2915 999 2938 marge.

157 2955 180 2978 8.
200 2953 238 2978 La
252 2953 332 2977 finale
348 2953 382 2977 de
396 2954 518 2982 predicti
533 2952 635 2976 resutte
650 2952 730 2976 d'une
745 2952 910 2976 correction.

1217 337 1287 375 ipse
1320 340 1507 377 patriarcha
1539 343 1753 380 processisset
1781 344 1814 373 in
1842 345 1952 383 aliquo
1983 352 2095 376 contra
2127 359 2215 384 enm,

1218 391 1257 420 ad
1288 401 1346 422 nos
1379 393 1525 431 legitime
1556 396 1748 434 appellavit,
1789 398 2020 436 appellationis
2054 410 2111 430 sue
2142 411 2219 431 cau-

1217 455 1269 475 sas
1288 447 1474 484 prohabiles
1492 450 1704 487 assignando,
1724 451 1873 481 videlicet
1894 452 2121 482 infirmitatem
2146 464 2219 492 pro-

1217 500 1280 537 prii
1306 501 1467 538 corporis.
1496 502 1690 532 discrimina
1712 504 1841 533 viarum
1867 510 1897 535 et
1918 515 2111 543 guerrarum
2134 509 2220 545 peri-

1216 552 1299 582 cula.
1328 562 1384 591 per
1409 563 1472 592 que
1500 555 1821 594 Constantinopolim
1854 558 1902 587 ire
1933 558 2120 589 volentibus
2152 566 2221 590 erat

1216 606 1278 635 iter
1295 607 1426 644 penitus
1443 607 1678 643 interclusum;
1706 615 1836 648 propter
1855 611 1940 649 quod
1959 612 2087 641 dicebat
2105 613 2221 651 hujus-

1216 660 1320 689 modi'
1339 662 1521 691 sententias
1542 662 1649 691 nullas
1667 672 1750 693 csse.
1763 664 1920 698 Tandem,
1940 674 1996 702 pro
2014 665 2096 693 hono
2117 667 2217 704 pacis,

1212 713 1361 751 jamdicti
1380 720 1608 752 procuratores
1625 716 1835 754 dispositioni
1857 722 1886 747 ct
1903 719 2105 748 ordinationi
2123 720 2220 750 dicto-

1215 763 1309 795 rum²
1333 767 1596 807 card[inalium]³
1621 778 1654 798 se
1680 779 1777 807 super
1801 770 1860 799 hoc
1883 770 2067 801 voluntarie
2094 773 2220 802 submi-

1216 824 1340 848 serunt.
1371 820 1500 859 I[i]dem
1526 830 1602 851 vero
1627 822 1812 852 cardinales
1841 824 1878 853 de
1905 824 2039 861 speciali
2067 826 2220 855 mandato

1216 877 1327 902 nostro
1347 873 1456 903 taliter
1478 874 1685 904 ordinarunt.
1711 880 1745 904 ut
1768 876 1853 905 idem
1881 877 2159 916 archiepiscopus,
2181 879 2219 909 de

1216 926 1357 962 parendo
1375 926 1538 956 inundatis
1556 927 1700 957 Ecclcsie
1718 938 1753 957 ac
1773 929 1958 966 patriarche
1976 931 2112 968 predicti
2126 932 2219 969 jura-

1214 983 1323 1007 mento
1348 979 1499 1016 prestito,
1534 980 1573 1008 ad
1597 981 1773 1016 cautelam,
1797 982 1889 1020 juxta
1912 983 2049 1012 sormam
2074 984 2218 1015 Ecclesie

1214 1031 1414 1061 absolvatur.
1433 1032 1479 1061 ita
1500 1037 1606 1062 tamen
1626 1034 1722 1071 qnod.
1743 1040 1889 1071 pretextu
1904 1036 2085 1074 juramenti
2102 1037 2218 1076 hujus-

1214 1084 1313 1118 modi,
1339 1084 1446 1114 dictus
1467 1086 1656 1123 patriarcha
1682 1087 1785 1116 nichil
1806 1088 1909 1125 possit
1932 1089 1961 1117 ci
1985 1090 2151 1128 precipere
2169 1091 2219 1120 vel

1215 1137 1370 1167 mandare
1400 1137 1525 1176 absque
1555 1139 1708 1168 mandato
1739 1140 1833 1169 Sedis
1859 1141 2045 1178 Apostolicc
2071 1143 2216 1180 speciali.

1213 1190 1374 1226 Quocirca
1397 1191 1592 1221 mandamus
1616 1197 1791 1230 quatenus,
1812 1194 1877 1231 ipsi
1902 1194 2150 1234 archiepiscopo
2171 1206 2221 1227 se-

1214 1243 1357 1272 cundum
1384 1244 1580 1282 premissam
1606 1245 1746 1274 sormam
1773 1246 1993 1277 absolutionis
2024 1248 2221 1279 beneficium

1214 1296 1453 1335 impendentes,
1473 1302 1503 1327 et
1519 1298 1755 1329 denuntiantes
1773 1308 1848 1329 eum
1867 1300 1996 1338 publice
2020 1302 2218 1339 absolutum,

1214 1350 1409 1379 auctoritate
1426 1355 1538 1380 nostra
1561 1351 1745 1389 injungatis
1767 1351 1874 1382 eidem
1901 1357 1945 1388 ut,
1969 1363 2042 1383 cum
2069 1355 2224 1386 comode⁴

1215 1403 1342 1440 poterit,
1363 1403 1503 1432 eundem
1523 1403 1744 1441 patriarcham
1762 1404 1851 1434 infra
1868 1414 1923 1435 sex
1939 1415 2070 1437 menses
2087 1412 2158 1445 post
2171 1408 2223 1438 ab·

1214 1456 1412 1486 solutionem
1424 1465 1528 1490 suam,
1540 1465 1613 1485 cum
1626 1457 1799 1487 devotione
1811 1467 1846 1487 ac
1863 1460 2049 1489 reverentia
2064 1461 2222 1491 visitabit.

1213 1509 1388 1539 Ceterum⁵
1412 1518 1485 1538 cum
1504 1509 1590 1539 dicto
1610 1510 1857 1548 archiepiscopo
1874 1520 1972 1550 super
1995 1522 2032 1542 eo
2049 1514 2134 1552 quod
2153 1520 2225 1552 post

1214 1562 1403 1601 hujusmodi
1425 1563 1609 1592 sententias
1633 1563 1823 1594 celebravit.
1843 1564 1881 1594 de
1899 1566 2117 1603 appellatione
2142 1577 2219 1597 con-

1214 1616 1305 1650 fisus,
1337 1616 1450 1646 eadem
1481 1617 1675 1647 auctoritate
1700 1617 1892 1655 dispensare
1917 1620 2051 1649 curetis.
2077 1621 2168 1656 Quod
2194 1621 2222 1651 si

1214 1678 1277 1698 non
1301 1679 1414 1699 omnes
1437 1675 1497 1699 etc.
1524 1671 1595 1699 Dat.
1622 1671 1788 1699 Laterani.
1813 1672 1843 1701 11
1869 1671 1964 1700 idus⁶
1988 1674 2108 1704 martii,
2135 1683 2222 1704 :inno

1212 1723 1470 1761 quartodecimo.
1494 1736 1505 1748 n

1281 1929 1398 1957 5385

1246 1991 1421 2018 Abbatissae
1448 1994 1476 2018 et
1503 1992 1663 2018 conventui
1690 1993 1817 2019 Sanctae
1842 1993 1956 2021 Mariae
1984 1995 2216 2029 Suessionensis,

1211 2041 1324 2067 ordinis
1339 2040 1434 2067 sancti
1451 2041 1618 2073 Benedicti,
1635 2042 1792 2068 attendens
1807 2044 2027 2071 monomachias
2044 2054 2104 2072 esse
2121 2047 2217 2080 prohi-

1772 1931 1892 1959 Latran.
1910 1932 1925 1958 6
1943 1933 2050 1959 sevrier
2066 1934 2144 1961 1241.

1211 2089 1299 2121 bitas,
1313 2089 1448 2122 indulget
1463 2091 1494 2115 ut
1509 2089 1560 2120 eis,
1577 2093 1679 2116 contra
1692 2090 1865 2123 originarios
1882 2091 2012 2125 ipsarum
2036 2095 2218 2128 monasterii,

1213 2138 1243 2164 jn
1261 2138 1361 2165 Gallia
1378 2137 1500 2163 nomines
1514 2137 1545 2162 de
1561 2145 1669 2170 corpore
1684 2142 1878 2173 nuncupatos,
1894 2140 1944 2174 qui
1960 2141 2078 2174 fugitivi
2094 2143 2129 2168 ad
2146 2143 2219 2169 alie—

1212 2195 1282 2214 nun]
1304 2186 1471 2213 dominium
1493 2187 1698 2220 migraverint,
1716 2189 1884 2216 volentibus
1900 2191 2039 2224 experiri,
2057 2192 2099 2218 uti
2120 2192 2218 2226 liceat,

1213 2243 1269 2261 non
1285 2234 1420 2261 obstante
1437 2234 1648 2261 constitutione
1662 2235 1765 2268 duelli,
1780 2236 1911 2270 quolibet
1927 2238 2059 2271 legitimo
2076 2239 2218 2272 probandi

1246 2375 1266 2399 1.
1287 2375 1323 2398 Le
1343 2378 1398 2398 mot
1420 2376 1586 2404 hujusmodi
1609 2384 1624 2399 a
1643 2376 1685 2400 ete
1703 2377 1784 2400 recrit
1800 2384 1847 2401 sur
1864 2385 1900 2400 un
1920 2382 2056 2409 grattage;
2079 2380 2111 2403 de
2135 2382 2222 2405 meme

1213 2420 1251 2443 les
1265 2420 1360 2444 finales
1378 2420 1426 2443 des
1443 2424 1512 2444 mots
1528 2423 1683 2445 sententias
1699 2425 1725 2445 ct
1743 2424 1846 2447 nulla&

1243 2465 1266 2489 Ἴ.
1287 2465 1324 2489 Le
1342 2469 1397 2488 mot
1414 2467 1555 2488 dictorum
1573 2473 1588 2488 a
1604 2465 1645 2489 cte
1663 2466 1745 2489 recrit
1758 2474 1805 2489 sur
1821 2474 1857 2490 un
1874 2470 2007 2497 grattage.

1245 2510 1266 2534 3.
1287 2509 1370 2532 Entre
1387 2511 1529 2533 (lictorum
1547 2513 1573 2533 et
1590 2510 1807 2541 ca›·(![inalt'urn]
1826 2518 1861 2534 on
1877 2512 1907 2534 lit
1926 2521 1931 2534 :
1949 2520 1959 2533 «
1978 2512 2017 2539 S..
2034 2513 2104 2536 tituli
2126 2514 2221 2538 Sancti

1216 2554 1356 2577 Laurentii
1376 2554 1402 2576 in
1420 2554 1525 2577 Lucina
1542 2555 1697 2584 presbiteri,
1715 2558 1740 2578 et
1758 2554 1799 2584 lt,
1817 2555 1917 2578 Sancte
1936 2556 2020 2580 Marie
2035 2557 2061 2580 in
2079 2558 2221 2582 Cosmidin

1215 2599 1323 2621 diaconi
1344 2605 1371 2626 u,
1391 2602 1467 2621 toute
1484 2602 1554 2621 cette
1573 2599 1660 2629 partie
1677 2599 1709 2622 de
1730 2599 1755 2622 la
1776 2599 1874 2629 phrase
1895 2607 1910 2622 a
1925 2600 1967 2623 ete
1984 2602 2101 2625 annulee
2123 2610 2170 2633 par
2186 2610 2223 2626 un

1217 2645 1316 2666 ua-cat.

1246 2689 1269 2712 4.
1286 2687 1369 2711 Entre
1383 2694 1448 2710 curn
1466 2690 1492 2710 et
1509 2689 1635 2715 comode,
1652 2694 1687 2710 on
1704 2688 1734 2711 lit
1751 2694 1756 2710 :
1776 2698 1786 2709 u
1803 2688 1921 2712 Domino
1938 2690 2065 2718 faciente,
2079 2692 2224 2716 restitutus

1216 2732 1298 2755 suerit
1321 2732 1440 2754 libertati
1465 2735 1490 2755 et
1506 2741 1529 2761 n,
1554 2735 1631 2755 autre
1653 2733 1739 2762 partie
1761 2732 1793 2756 de
1814 2733 1912 2763 phrase
1934 2734 2085 2764 &galement
2108 2736 2225 2760 annulee

1218 2783 1265 2806 par
1281 2783 1318 2799 un
1335 2778 1437 2799 va-cat.

1248 2822 1268 2844 5.
1288 2820 1359 2844 Tout
1374 2827 1404 2844 ce
1421 2820 1468 2850 qui
1482 2821 1546 2849 suit,
1562 2820 1676 2851 depuis:
1690 2822 1946 2853 Ceterum‚jusqu'a
1961 2824 1986 2846 la
1999 2824 2131 2848 tormule:
2147 2827 2225 2852 Quod

1217 2865 1241 2887 si
1258 2871 1314 2887 non
1326 2871 1424 2887 omnes
1436 2868 1496 2892 etan,
1512 2864 1733 2894 inclusivement,
1746 2873 1760 2888 a
1771 2865 1813 2889 ete
1826 2867 1916 2896 ajoute
1930 2867 1997 2891 dans
2011 2869 2035 2891 la
2048 2876 2138 2899 marge
2153 2869 2229 2893 exte-

1219 2915 1318 2931 rieure.

1249 2952 1271 2976 6.
1291 2955 1315 2975 11
1332 2954 1397 2976 ictus
1413 2956 1454 2975 cst
1467 2952 1492 2975 le
1509 2952 1622 2976 resultat
1639 2953 1719 2976 d'une
1736 2955 1891 2978 correctmn
