2553 3526
146 301 201 331 453
982 291 1226 334 QUINZIEME
1248 291 1408 327 ANNEE.
2188 309 2243 337 434

146 367 256 399 nerint,
283 366 339 400 ipsi
366 374 458 400 papae
486 365 658 397 rescribant,
683 355 709 392 et
737 366 831 392 eidem
859 366 994 399 episeopo
1018 373 1070 390 nec
1097 372 1152 390 non

143 415 243 442 abbati
260 414 479 448 conventuique
496 414 639 448 praedicti
657 414 827 441 monasterii
846 414 1076 448 peremptorium
1095 416 1154 439 ter-

147 464 262 491 minum
287 465 503 497 competentem
528 462 689 496 assignent,
712 471 767 496 quo
788 471 838 496 per
857 465 1057 496 procuratores
1074 469 1155 495 apos-

145 513 233 540 tolico
250 512 420 546 conspectui
439 520 469 538 se
488 514 685 545 praesentent.
707 526 736 530 —
759 513 845 542 (REG.
868 511 912 543 20,
930 513 950 538 f.
972 511 1004 537 64
1023 514 1060 541 r⁰;
1082 518 1152 536 ann.

145 562 213 593 XV,
233 570 258 587 c.
276 561 306 592 5;
325 576 355 579 —
370 562 408 587 cf.
425 568 521 593 supra,
539 564 568 586 n⁰
583 560 676 591 5395.)

185 673 198 688 «
218 683 237 690 ..
255 661 421 690 Eaeoniensi
434 666 459 689 et
475 660 522 700 [.]
539 661 790 697 Hereford[i]ensi
803 662 957 698 episcopis,
976 665 1001 688 et
1020 683 1039 688 ..
1055 661 1154 688 abbati

142 714 248 744 Sancti
265 706 432 748 Edmumli,
457 714 660 742 Norwicensis
679 714 814 741 diocesis.
836 713 881 742 Ex
906 717 996 750 parte
1017 712 1154 741 dilecto-

145 775 218 795 rum
231 783 280 794 —-.
296 767 369 795 Dat.
384 766 551 800 Laterani,
570 767 619 795 III
636 765 795 795 kalendas
812 765 939 803 aprilis,
954 774 1040 794 anno
1055 765 1153 803 quin-

146 818 318 848 todecimo.
341 831 353 844 »

213 1003 333 1032 595¹?

178 1065 322 1099 Magistro
343 1065 485 1097 Guidoni,
503 1065 636 1099 physico,
654 1065 795 1092 canonico
815 1065 949 1097 Aretino,
967 1065 1100 1099 indulget
1121 1068 1153 1092 ut

142 1113 297 1140 ecclesiam
312 1113 348 1139 de
363 1113 634 1146 XVildenemoron„
655 1114 874 1140 Lincolniensis
894 1114 1046 1146 dioecesis,
1063 1122 1151 1147 quam

142 1162 219 1189 idem
239 1162 336 1189 Guido
351 1163 528 1189 auctoritate
543 1163 705 1196 apostolica
720 1171 750 1189 se
767 1162 946 1196 proponebat
961 1163 1050 1188 fuisse
1066 1162 1153 1196 adep>

142 1214 221 1244 tum,
244 1214 272 1238 et
290 1211 444 1238 ecclesiam
468 1211 503 1237 de
518 1212 701 1238 Denekastre
722 1214 767 1243 (z
783 1212 966 1244 Doneaster),
986 1211 1152 1238 Eburacen-

141 1260 181 1287 sis
203 1260 356 1292 dioecesis,
374 1260 431 1294 ipsi
453 1260 594 1292 Guidoni,
616 1262 648 1286 ut
669 1260 746 1286 idem
767 1260 926 1288 asserebat.
948 1260 984 1287 ab
1007 1259 1151 1294 O[ttone],

143 1308 245 1335 Sancti
260 1308 377 1335 Nicolai
394 1308 423 1334 in
445 1308 568 1335 Carcere
584 1309 724 1335 Tulliano
744 1309 867 1335 diacono
883 1309 1040 1341 cardinali,
1057 1310 1152 1342 Apos-

141 1357 247 1384 tolicae
269 1357 354 1384 Sedis
375 1358 480 1390 legato,
497 1358 648 1389 collatam,
666 1365 740 1390 quae
756 1357 897 1384 ecclesiae
918 1366 1017 1384 curam
1035 1358 1152 1383 anima-

141 1413 205 1432 rum
221 1405 380 1438 habebant,
397 1406 489 1440 possit
505 1414 563 1432 una
580 1414 645 1432 cum
664 1406 840 1433 canonicatu
855 1407 997 1433 ecelesiae
1010 1407 1152 1433 Aretinae

140 1454 278 1486 retinere,
293 1454 335 1481 ita
350 1456 450 1481 tamen
468 1454 543 1488 quod
560 1454 590 1480 in
608 1454 826 1488 praedictarum
846 1454 1037 1481 ecelesiarum
1054 1455 1152 1488 quali-

140 1502 189 1530 bet
201 1511 252 1537 per
267 1503 386 1530 idoneos
399 1503 527 1530 vicarios
541 1503 631 1530 faeiat
644 1503 799 1530 deserviri.
815 1519 848 1521 —
859 1504 946 1535 (Rae.
963 1503 1008 1535 20,
1026 1505 1045 1530 i.
1063 1504 1095 1530 64
1113 1506 1150 1536 r⁰;

140 1559 210 1578 ann.
230 1551 299 1583 XV,
321 1559 346 1578 c.
367 1551 398 1582 ὃς
415 1566 449 1569 -—
464 1552 556 1576 omisit
572 1552 684 1582 Buss.)

725 1004 846 1032 Latran.
861 1004 894 1030 27
910 1013 986 1030 mars
1002 1004 1080 1030 1241.

182 1664 195 1679 «
213 1653 356 1689 Mayislro
374 1652 517 1687 Guidoni,
539 1653 666 1689 phisico,
685 1654 831 1681 canonico
847 1654 982 1682 Aretino.
1005 1653 1096 1683 Licet
1112 1654 1152 1683 ad

140 1705 357 1735 refrenandas
386 1723 436 1734 —.
464 1706 537 1735 Dat,
562 1705 735 1740 Laterani,
762 1707 808 1736 VI
834 1706 993 1736 kalendas
1023 1707 1148 1744 aprilis,

141 1768 228 1789 anno
245 1759 501 1798 quintodecimo.
526 1771 538 1785 »

209 1952 328 1980 5958

176 2014 245 2041 Pari
262 2014 298 2040 de
313 2014 412 2040 Asisio
429 2014 550 2048 ejusque
569 2014 650 2046 filiis,
673 2014 810 2041 fidelibus
830 2014 901 2042 suis.
925 2015 1027 2041 scribit
1045 2024 1050 2041 :
1071 2024 1084 2039 a
1103 2016 1151 2042 Fi-

140 2070 154 2088 »
175 2063 240 2089 dem
262 2065 290 2089 et
310 2062 498 2089 devotionem
519 2071 605 2096 quam
628 2063 664 2089 ad
683 2071 733 2089 nos
749 2066 777 2089 et
795 2063 1018 2090 Sacrosanctam
1044 2065 1150 2091 Roma-

140 2120 154 2138 »
176 2120 244 2138 nam
264 2110 440 2144 Ecclesiam,
454 2115 578 2138 matrem
597 2115 738 2144 vestram,
753 2112 858 2139 habere
869 2113 1040 2145 noscimini,
1057 2116 1152 2140 atten-

139 2168 153 2187 »
174 2161 288 2192 dentes,
305 2161 439 2187 redditus
451 2169 523 2194 quos
538 2161 567 2187 in
582 2159 742 2195 Moran[o]‚
760 2160 938 2196 Laneean[o]
955 2165 983 2188 et
996 2162 1151 2195 Vaccaria,

140 2218 154 2235 »
174 2209 343 2236 Nucerinae
365 2210 518 2240 dioecesis,
545 2210 645 2236 eadem
667 2209 800 2236 Ecclesia
823 2209 955 2236 obtinere
975 2211 1150 2241 dinoscitur,

141 2266 154 2284 1)
175 2258 258 2285 vobis
282 2267 374 2292 usque
394 2258 430 2285 ad
455 2258 676 2292 beneplacitum
702 2261 833 2285 nostrum
857 2259 892 2285 de
913 2259 1036 2293 speciali
1057 2260 1152 2293 gratia

140 2315 154 2333 ))
174 2307 316 2334 duximus
338 2307 549 2334 concedendos,
569 2315 581 2331 n
603 2321 635 2324 —
657 2307 744 2337 (Rae.
766 2307 810 2339 20,
833 2309 853 2334 s.
878 2308 911 2334 64
933 2312 971 2339 r⁰;
994 2317 1063 2334 ann.
1083 2309 1150 2341 XV,

140 2364 164 2382 c.
182 2356 221 2387 7.)

736 1953 856 1982 Latran.
876 1953 890 1978 3
906 1953 983 1979 avril
1000 1953 1078 1979 1241.

180 2467 194 2482 «
212 2456 311 2484 Nobili
326 2456 392 2484 viro
411 2456 485 2484 Part
510 2456 543 2484 de
565 2457 663 2484 Asisio
686 2461 710 2485 et
733 2457 816 2484 mztis
832 2457 904 2493 ejas,
926 2457 1066 2493 fidelibus
1082 2467 1151 2487 nos-

141 2509 209 2538 tris.
227 2508 340 2538 Fidem
359 2512 389 2538 et
408 2508 616 2538 devotionem
631 2525 679 2537 —.
697 2509 770 2538 Dat.
792 2509 958 2541 Laterani,
978 2511 1027 2540 III
1046 2519 1150 2540 nonas

140 2560 269 2598 aprilis,
289 2569 375 2590 anno
392 2560 650 2599 quintodecimo.
672 2573 684 2586 ι)

209 2751 326 2780 5959

174 2813 318 2848 Episcopo
333 2813 520 2840 Norwicensi
541 2813 644 2840 scribit
666 2814 701 2840 de
724 2814 818 2841 tribus
835 2815 951 2842 clericis
968 2817 1056 2850 priori
1073 2817 1150 2844 Nor-

138 2862 273 2895 wieensi,
295 2863 378 2896 cujus
394 2862 542 2896 obsequiis
558 2862 747 2895 insistebant,
768 2863 799 2890 in
817 2864 950 2891 consiliis
965 2867 1148 2900 opportunis,

139 2913 168 2937 et
180 2910 309 2937 moribus
318 2919 352 2937 ac
363 2910 489 2937 scientia
500 2911 726 2943 commendatis,
738 2920 861 2945 quorum
874 2913 1011 2946 quilibet,
1024 2915 1149 2948 receptis

139 2958 234 2986 tribus
250 2959 401 2986 beneficiis
417 2967 516 2985 curam
538 2959 706 2986 animarum
732 2960 919 2993 habentibus,
941 2970 990 2988 seu
1011 2970 1149 2996 persona-

720 2753 841 2785 Latran,
853 2753 887 2780 26
904 2762 981 2781 mars
998 2755 1076 2782 1241.

1237 363 1326 394 tibus,
1345 372 1377 390 ea
1393 368 1495 392 contra
1512 367 1631 392 concilii
1654 368 1798 400 generalis
1814 369 2056 396 constitutionem
2075 372 2243 405 detiiwbat;

1237 412 1263 437 ei
1281 413 1403 439 mandat
1421 418 1576 446 quatenus,
1599 423 1612 439 (ι
1630 415 1780 442 beneficiis
1796 420 1822 442 et
1846 418 2049 450 personatibus
2066 420 2138 453 ipsis
2155 422 2244 449 libere

1238 468 1251 485 ))
1273 469 1290 486 a
1307 461 1449 494 predictis
1470 463 1584 489 clericis
1609 464 1775 497 resignatis,
1798 466 1919 492 retentis
1940 466 2096 494 dumtaxat
2118 469 2243 502 ultimis,

1239 516 1251 532 ›)
1273 516 1306 534 ac
1320 509 1472 536 satisfacto
1489 511 1525 537 ab
1539 511 1648 537 eisdem
1667 513 1783 539 clericis
1804 514 1936 540 eeclesiis
1952 524 1968 541 a
1985 516 2090 548 quibus
2112 518 2211 543 eadem
2232 527 2244 543 ι)

1238 557 1433 590 perceperint,
1452 567 1505 585 nec
1521 568 1577 585 non
1595 561 1735 593 praelatis
1754 562 1869 588 clericis
1887 571 1936 596 pro
1954 572 1985 589 eo
2001 565 2076 597 quod
2092 566 2171 591 dicta
2198 566 2245 592 be-

1238 604 1343 631 neficia
1357 614 1406 632 seu
1421 610 1592 640 personatus
1609 609 1790 636 detinuerint
1807 610 1924 641 illicite,
1942 612 2077 644 injuncta
2094 615 2244 647 paeniten-

1238 653 1290 685 tia,
1323 662 1413 688 eaque
1446 660 1572 689 peraeta,
1604 666 1669 684 cum
1704 658 1776 692 ipsis
1804 661 1988 692 postmodum
2021 662 2181 696 dispenset.
2213 679 2246 682 Q

1237 702 1324 731 (ΠΕΟ.
1341 702 1385 734 20,
1405 705 1423 729 Γ.
1441 704 1527 735 641·“;
1545 713 1614 731 ann.
1632 706 1700 738 XV,
1715 715 1739 732 c.
1757 707 1795 737 8.)

1279 816 1291 829 «
1320 827 1338 832 ..
1366 807 1500 842 episcopo
1527 807 1722 836 Norwz‘censi.
1750 808 1897 839 Dilectus
1920 810 2008 839 lilius
2034 835 2053 839 ..
2081 813 2170 849 prior
2195 831 2243 842 —.

1237 856 1310 885 Dat.
1340 857 1506 893 Laterani,
1532 859 1595 888 VII
1621 859 1780 890 kalendas
1802 862 1928 899 aprilis,
1958 872 2044 893 anno
2070 865 2245 902 quintode-

1237 917 1332 938 cimo.
1356 922 1368 935 ι)

1306 1087 1429 1115 5960

1272 1149 1417 1183 Episcopo
1433 1150 1656 1183 Majoricarum,
1673 1151 1788 1186 P[etri].
1799 1154 1911 1180 domini
1927 1155 2007 1188 regni
2021 1155 2243 1189 Majoricarum,

1235 1198 1503 1231 supplicationibus
1524 1208 1668 1231 annuens,
1694 1215 1729 1220 —
1749 1202 1824 1235 quod
1846 1211 1980 1236 regnum,
2002 1212 2014 1229 (1
2041 1205 2115 1231 ultra
2146 1206 2244 1239 longas

1237 1254 1250 1271 1>
1271 1246 1430 1273 distantias
1446 1249 1534 1274 maris
1552 1249 1629 1275 iuter
1650 1250 1748 1276 fauces
1772 1251 1901 1277 hostium
1925 1253 2020 1279 crucis
2037 1253 2148 1280 Christi
2168 1255 2244 1288 posi-

1237 1302 1250 1319 »
1272 1298 1332 1321 tum
1360 1303 1384 1327 1),
1408 1296 1630 1324 defensionibus
1656 1298 1808 1331 indigebat
1835 1303 1863 1326 et
1891 1300 2041 1332 subsidiis,
2067 1317 2099 1319 —
2124 1304 2244 1330 mandat

1236 1346 1380 1376 quatenus
1396 1345 1527 1377 ejusdem
1545 1346 1627 1379 regni
1645 1347 1815 1374 hominibus
1836 1349 2006 1375 facultatem
2030 1350 2151 1383 tribuat,
2169 1355 2244 1378 tem-

1236 1400 1303 1425 pore
1319 1401 1374 1425 qno
1395 1402 1496 1426 guerra
1519 1394 1596 1421 inter
1617 1395 1803 1422 Christianos
1826 1400 1852 1423 et
1877 1397 2053 1425 Sarracenos
2070 1408 2125 1425 non
2144 1401 2242 1433 inerit,

1236 1440 1428 1467 mercimonia
1443 1450 1504 1473 sua,
1521 1450 1533 1467 (‹
1549 1443 1680 1477 exceptis
1696 1444 1797 1473 armis,
1816 1447 1890 1471 ferro
1904 1448 1931 1472 et
1945 1446 2012 1473 aliis
2029 1447 2134 1480 quibus
2149 1453 2243 1482 posset

1236 1497 1249 1514 1)
1271 1489 1460 1516 Christianus
1486 1492 1610 1524 populus
1636 1492 1804 1526 impugnari
1830 1502 1854 1523 n,
1877 1494 2048 1522 Sarraccnis
2073 1496 2102 1522 in
2125 1498 2244 1524 remotis

1236 1538 1368 1571 partibus
1382 1539 1587 1566 habitantibus
1603 1541 1751 1567 vendendi
1767 1550 1816 1568 seu
1831 1544 2045 1570 commutandi.
2060 1546 2243 1575 —(HE1;.20,

1236 1586 1306 1612 1164
1322 1590 1364 1618 v'’;
1382 1595 1451 1613 ann.
1465 1588 1533 1616 XV.
1549 1597 1573 1614 e.
1587 1589 1618 1620 9;
1637 1604 1668 1606 —
1685 1589 1818 1617 MOREAU
1833 1591 1912 1621 1193,
1929 1593 1947 1618 s.
1963 1592 2038 1620 262.)

1831 1092 1951 1123 Latran,
1968 1094 1984 1118 9
1999 1095 2075 1120 avril
2095 1095 2172 1121 1241.

1279 1699 1290 1713 a
1312 1710 1331 1715 ..
1351 1689 1485 1725 episcopo
1505 1689 1737 1725 Major-icarum.
1756 1691 1886 1721 Nobilis
1905 1692 1954 1720 vir
1971 1694 2006 1722 P.
2024 1711 2071 1721 —.
2092 1682 2165 1723 Dat.
2185 1696 2245 1725 La-

1237 1741 1355 1776 terani,
1373 1742 1401 1770 V
1419 1741 1493 1771 idus
1511 1742 1635 1779 aprilis,
1656 1752 1742 1772 anno
1762 1744 2018 1782 quintodecimo.
2038 1760 2049 1771 >1

1306 1920 1420 1948 5961

1270 1982 1379 2009 Abbati
1392 1982 1491 2009 Villae
1508 1983 1634 2016 Longae,
1654 1983 1895 2011 Carcassonensis
1910 1985 2061 2015 dioecesis.
2078 1996 2129 2013 nec
2145 1997 2200 2014 non
2216 1992 2243 2015 et

1236 2032 1363 2057 Sanctae
1386 2031 1499 2057 Mariae
1525 2031 1617 2065 Rupis
1638 2033 1800 2064 Amatoris,
1825 2033 2014 2061 Caturcensis
2039 2035 2190 2065 dioecesi&
2216 2040 2244 2064 et

1236 2079 1363 2105 Sanctae
1380 2079 1494 2106 Mariae
1517 2080 1760 2107 Carcassonensis
1787 2082 1933 2115 prioribus
1957 2084 2078 2110 mandat
2101 2088 2244 2118 quatenus

1235 2128 1376 2161 quosdam
1396 2128 1526 2154 decimas
1543 2129 1734 2155 eeclesiarum
1754 2130 1790 2156 ad
1809 2132 2020 2157 11]‹‡›nastei·iuin
2039 2132 2244 2166 Moysiacense

1235 2176 1434 2210 spectantium
1453 2177 1560 2203 illicite
1576 2177 1756 2209 detinentes,
1779 2182 1883 2212 cogant
1902 2182 1932 2205 ut
1944 2181 2119 2213 permittant
2133 2190 2148 2207 a
2165 2190 2245 2216 prae-

1236 2225 1305 2252 fatis
1317 2226 1449 2252 eeclesiis
1462 2226 1628 2260 praedictas
1640 2227 1770 2253 decimas
1784 2228 1906 2261 percipi.
1921 2243 1951 2246 ——
1965 2229 2051 2257 (Rae.
2065 2230 2186 2261 20,1’.61
2198 2234 2244 2262 5⁷⁰2

1235 2283 1304 2300 ann.
1323 2274 1391 2304 XV,
1406 2274 1493 2305 e.10;
1512 2290 1544 2292 ἡ
1564 2275 1697 2302 ΜΟΗΕΑυ
1715 2276 1793 2306 1193,
1812 2278 1832 2302 1'.
1847 2276 1924 2307 265.)

1818 1922 1938 1955 Latran,
1955 1924 1987 1950 10
2000 1926 2076 1952 avril
2092 1926 2170 1953 1211.

1276 2388 1289 2401 «
1311 2398 1332 2403 ..
1351 2376 1451 2404 abbati
1469 2377 1540 2404 Ville
1552 2377 1658 2413 Longe,
1674 2382 1699 2404 el
1714 2399 1732 2404 ..
1749 2378 1856 2405 Sancte
1869 2378 1962 2406 ,narie
1975 2379 2067 2415 Rupis
2078 2381 2239 2409 Amatoris.

1234 2429 1466 2457 Carcasonensis
1482 2434 1507 2457 el
1526 2431 1721 2459 caturcensis
1737 2430 1901 2461 ‹liores-um,
1930 2436 1955 2459 et
1978 2453 1996 2459 ..
2018 2432 2125 2460 Sancte
2150 2433 2244 2461 Mario

1235 2483 1468 2511 Carcasonensis
1489 2483 1656 2519 prioribus.
1678 2482 1797 2511 Dilecti
1815 2483 1875 2511 filii
1895 2506 1914 2512 ..
1933 2484 2034 2513 abbas
2051 2489 2081 2513 et
2101 2494 2244 2515 conven-

1235 2539 1286 2564 tus
1314 2534 1510 2563 monasterii
1542 2535 1801 2573 Moysiacensis,
1838 2535 2070 2566 Cluniacensis
2102 2538 2240 2572 ordinis,

1234 2587 1330 2616 nobis
1358 2587 1548 2624 significare
1573 2592 1731 2616 curarunt
1757 2588 1860 2625 quod,
1885 2598 1958 2617 cum
1983 2590 2135 2619 nonnulli
2165 2591 2243 2620 laici

1233 2640 1378 2670 decimas
1401 2640 1617 2670 ecclesiarum
1636 2641 1857 2678 spectantium
1881 2642 1919 2671 ad
1937 2643 2175 2672 monasterium
2193 2644 2242 2682 ip-

1233 2701 1307 2721 sum
1341 2697 1397 2721 aut
1427 2693 1591 2730 prioratus
1623 2692 1718 2730 pleno
1743 2693 1817 2731 jure
1844 2695 2046 2724 monasterio
2077 2696 2242 2734 subjectos

1234 2746 1356 2779 eidem,
1381 2745 1499 2775 illicite
1520 2745 1718 2780 detinerent,
1742 2747 1944 2777 venerabilis
1965 2748 2067 2778 frater
2090 2753 2202 2779 noster
2221 2774 2239 2779 ..

1234 2799 1407 2837 episcopus
1423 2797 1617 2832 Tolosanus,
1636 2798 1670 2827 in
1688 2799 1782 2837 cujus
1799 2799 1923 2829 diocesi
1940 2800 2078 2830 ecclesie
2097 2802 2241 2838 predicte

1233 2851 1432 2884 consistunt,
1452 2874 1472 2880 ..
1492 2850 1593 2880 abbas
1610 2851 1648 2880 de
1665 2851 1781 2880 Mauso
1797 2860 1896 2889 prope
1912 2852 2105 2882 Verdunum
2123 2858 2153 2883 ct
2167 2855 2242 2892 qui-

1233 2905 1307 2933 dam
1325 2904 1382 2933 alii
1401 2903 1513 2933 clerici
1531 2903 1675 2933 civitatis
1694 2909 1725 2933 et
1745 2904 1886 2933 diocesis
1907 2904 2078 2935 Tolosane.
2097 2905 2241 2936 decimas

1233 2957 1332 2995 ipsas,
1361 2957 1433 2986 sine
1456 2956 1602 2994 ipsorum
1627 2956 1755 2985 abbatis
1780 2960 1810 2985 et
1833 2962 2014 2986 conventus
2033 2966 2183 2993 assensu,
2202 2959 2240 2988 de
