2553 3526
188 331 246 363 593
974 329 1188 359 REGISTRE
1210 329 1266 358 DE
1289 322 1501 359 PEROCSE.
2229 334 2291 362 594

187 398 299 432 scripto
321 396 532 431 perspicaciter
552 396 715 428 intellecto,
736 397 793 431 ipsi
816 405 909 430 papae
930 396 1087 423 consilium
1111 404 1196 422 suum

186 446 343 474 intiment.
360 459 393 462 —
406 445 494 475 (Rae.
512 445 586 471 PER.
604 445 624 471 f.
642 445 673 471 11
684 448 724 477 r’,
740 448 770 471 0ο
781 444 832 475 ὂῗς
849 459 882 462 -
896 446 934 471 cf.
946 445 1102 471 Por-masi·
1113 443 1197 475 8464;

187 509 222 514 —
237 495 276 521 cf.
293 494 478 521 Bonas-Bam
491 493 557 525 409;
573 508 604 511 —
620 494 658 520 cf.
672 501 768 526 supra,
786 496 815 519 n'
831 493 879 520 361
890 495 922 524 ¹.)

231 607 244 621 ιι
263 594 447 633 [Rectoribus
457 594 617 623 Socielalz's
633 593 833 632 Lombardia]
852 594 934 631 Sepe
944 593 984 622 ab
1000 593 1199 632 1³[1-ederico]

187 664 239 676 —-.
258 648 333 677 Dat.
352 647 496 690 Perusii,
515 647 565 676 III
580 646 656 676 idus
674 646 876 676 novembris.
897 658 909 671 ι

223 894 331 921 Forma
349 894 513 928 juramenti
532 902 549 920 a
571 893 723 921 Friderieo
742 894 922 928 imperatore
945 894 1126 928 praestandi,
1150 902 1201 921 seu

184 942 288 978 potius
301 942 488 970 enumeratio
499 943 713 969 nonnullarum
730 942 910 976 injuriarum
927 943 965 970 ab
980 942 1082 969 eodem
1099 942 1200 969 Eccle-

186 991 252 1020 siae
270 992 425 1019 illatarum
449 995 477 1018 et
498 991 535 1018 de
557 991 665 1025 quibus
686 991 858 1018 satisfacere
876 991 996 1023 debeat;
1018 992 1067 1019 eui
1089 993 1202 1019 formae

185 1040 362 1075 adjungitur
381 1040 526 1074 quaedam
543 1041 688 1072 clausula,
713 1044 814 1074 postea
829 1042 1005 1073 cancellata,
1025 1041 1062 1067 de
1078 1041 1201 1074 quibus-

185 1089 257 1116 dam
270 1088 497 1116 condicionibus
510 1088 548 1115 ab
567 1088 668 1116 eodem
683 1089 708 1115 F
708 1089 834 1116 riderico
849 1089 886 1115 ad
898 1097 999 1123 pacem
1013 1089 1200 1116 tractandam

171 1137 353 1171 exigendis,
371 1151 403 1155 —
418 1137 507 1169 (Rsso.
522 1137 598 1164 Pan.
614 1138 634 1164 f.
651 1137 683 1164 11
699 1141 740 1169 νο,
757 1145 787 1164 0.
804 1135 934 1172 53[-54].)

231 1249 244 1264 ι
267 1237 390 1277 [Forma
405 1237 608 1275 juramenti]
634 1238 818 1275 Imperator
840 1247 939 1276 super
963 1238 1118 1267 omnihus
1144 1248 1202 1276 pro

187 1290 313 1330 quibus
329 1294 379 1320 est
391 1290 707 1325 excommunicatus,
722 1290 849 1329 jurabit
866 1295 953 1320 stare
965 1291 1092 1329 precise
1107 1301 1202 1321 man-

187 1343 275 1373 datis
291 1343 440 1373 Ecclesie
456 1348 488 1372 et
504 1343 577 1372 sine
593 1343 706 1381 aliqua
722 1343 917 1373 condicione
934 1344 1117 1373 secundum
1133 1345 1202 1374 for-

187 1404 278 1426 mam
291 1395 451 1429 Ecclesieg
470 1400 501 1425 et
518 1404 621 1433 super
632 1395 694 1425 hoc
710 1395 800 1426 dabit
815 1402 944 1434 apertas
956 1397 1085 1427 litteras
1102 1407 1201 1428 aurea

187 1447 282 1478 bulla
303 1447 461 1478 munitas.
492 1448 635 1478 Prestito
659 1453 771 1478 autem
788 1449 988 1487 juramento,
1012 1451 1125 1480 statim
1144 1461 1202 1489 pro

187 1510 287 1541 posse
301 1501 482 1531 manifesta
500 1501 689 1531 emendabit
707 1507 738 1532 et
754 1503 854 1532 faciet
867 1503 1048 1538 emendari,
1064 1504 1202 1534 daturus

186 1563 248 1594 pro
262 1553 340 1584 aliis
355 1553 527 1584 cautiones
539 1563 622 1592 quas
633 1554 781 1585 Eeclesie
797 1555 1027 1586 misericordia
1038 1565 1202 1595 congruas

182 1607 369 1647 judicabit3
388 1611 421 1637 et
435 1616 494 1645 pro
513 1607 590 1637 aliis
605 1607 796 1638 manifestis
813 1609 1030 1639 emendandis
1048 1614 1078 1640 et
1090 1610 1203 1640 dubiis

188 1660 292 1691 stabit.
300 1660 383 1699 jin-i.

231 1725 246 1741 ι
264 1714 377 1744 Primo
392 1718 581 1744 revertatur
596 1713 750 1744 dominus
770 1737 789 1743 ..
806 1714 1027 1745 Albanensis²
1043 1725 1118 1746 cum
1132 1726 1203 1747 om-

187 1766 292 1797 nihus
307 1767 390 1802 suis,
416 1771 549 1806 recepta
573 1767 753 1797 securitate
771 1768 858 1807 quod
878 1767 970 1798 loeus
988 1768 1046 1799 ille
1062 1778 1128 1799 non
1145 1770 1202 1800 de-

188 1824 338 1851 struetur
351 1829 412 1850 nec
429 1821 610 1856 munietur,
630 1821 690 1851 sed
703 1821 740 1850 in
756 1830 795 1851 ea
814 1821 968 1852 libertate
985 1831 1021 1852 ac
1038 1827 1127 1853 statu
1146 1824 1200 1858 sit,

188 1872 226 1903 in
241 1882 307 1912 quo
322 1873 388 1903 fuit
406 1878 482 1903 ante
499 1873 710 1903 discordiam.
728 1874 834 1912 Super
848 1874 910 1904 hoc
927 1875 1055 1905 cavebit
1074 1885 1133 1914 per
1147 1876 1204 1906 lit-

188 1917 279 1957 teras
294 1931 438 1965 apertas.
458 1927 602 1957 Prestito
623 1927 825 1966 juramento,
850 1933 1029 1967 antequam
1051 1929 1204 1959 absolva-

222 2060 244 2085 1.
263 2060 302 2084 La
316 2060 397 2091 copie
412 2060 450 2084 du
462 2060 590 2090 Registre
605 2061 643 2084 du
657 2061 774 2084 vatican
789 2065 869 2092 porte
883 2062 907 2085 13
923 2062 986 2086 date
1002 2064 1055 2086 1111
1072 2064 1137 2087 idus
1152 2071 1203 2087 no-

189 2104 412 2134 vembrt's(=10
426 2106 598 2135 novembre),
615 2105 707 2128 tundis
725 2113 779 2136 que
799 2107 824 2129 la
844 2107 923 2137 copie
943 2107 980 2130 du
1001 2109 1153 2131 manuscrit
1169 2108 1203 2131 de

189 2148 324 2178 Pei-unse,
332 2155 382 2179 par
394 2149 468 2172 suite
480 2150 624 2180 peut-etro
638 2150 720 2174 d'une
731 2151 829 2181 simple
842 2158 938 2174 errcur
949 2151 983 2175 de
995 2152 1203 2183 transcription,

190 2195 234 2217 est.
243 2193 324 2217 datee
339 2193 376 2217 du
389 2193 547 2217 lendemain
563 2195 602 2217 111
617 2195 683 2218 idus
699 2196 862 2219 novembris
877 2197 918 2224 (=
930 2196 954 2219 11
970 2197 1140 2225 novembre).

211 2238 245 2261 '‘2.
263 2237 302 2262 Le
311 2237 434 2261 cardinal
455 2237 564 2268 pelage,
577 2238 683 2268 eveque
694 2239 839 2267 d'Albano,
856 2240 977 2263 enferme
993 2247 1059 2263 avec
1070 2248 1114 2264 ses
1125 2244 1204 2264 trou-

191 2288 241 2312 1185
255 2280 325 2306 dans
339 2281 466 2312 l'abbaye
485 2282 522 2305 du
543 2282 740 2306 Mont-Cassin.
761 2283 802 2307 Cf.
821 2284 914 2307 Pietro
928 2284 1033 2314 Binis,
1053 2287 1088 2307 La
1108 2287 1204 2314 prima

189 2326 259 2355 lolia
276 2326 308 2350 di
328 2327 461 2355 Gregorio
483 2327 521 2349 IX
535 2333 589 2350 con
612 2328 747 2356 Federiyo
761 2329 788 2350 11
808 2327 970 2357 (liv-¹230),
990 2328 1116 2357 Modene.
1136 2330 1203 2355 ¹87¹.

187 2372 219 2401 p:
232 2369 290 2399 286,
305 2372 332 2393 et
347 2371 441 2394 sior-ia
455 2371 485 2393 tii
500 2372 634 2399 Gregorio
649 2373 688 2394 IX
704 2379 717 2394 ε
733 2373 779 2394 dei
794 2374 857 2395 suoi
874 2374 971 2402 tempi,
987 2376 1005 2396 t.
1021 2373 1056 2399 11.
1074 2373 1202 2402 Motu-ne,

191 2414 262 2443 1873.
275 2421 302 2445 p.
315 2413 356 2442 20,
368 2416 396 2437 et
408 2413 457 2437 Ed.
472 2414 686 2444 meammsn,
700 2417 800 2439 Kaiser
811 2418 959 2440 Friedrich
974 2419 1009 2443 11.
1026 2420 1045 2442 t.
1057 2417 1093 2447 11,
1109 2425 1135 2448 p.
1151 2418 1202 2446 168,

188 2464 219 2482 n.
232 2458 242 2482 Ι
257 2460 285 2481 et
298 2464 326 2488 p.
345 2457 400 2482 171.
414 2470 445 2474 —
461 2457 536 2481 Dans
551 2465 606 2481 une
622 2459 702 2482 lettre
717 2459 751 2483 de
764 2459 883 2484 Thomas
896 2460 931 2484 de
946 2460 1060 2491 Gapoue
1073 2460 1203 2484 adresseo

188 2501 207 2525 ‘a
225 2509 264 2526 un
283 2502 407 2526 cardinal
428 2509 481 2533 peu
504 2506 587 2526 avaut
602 2503 628 2526 le
643 2503 673 2527 ‘27
692 2505 842 2527 novembre
860 2504 927 2534 1229,
949 2509 975 2528 et
995 2505 1138 2536 imprimee
1155 2512 1204 2536 par

190 2546 231 2572 Η.
244 2546 421 2570 Ronmoessno
437 2546 506 2570 dans
521 2553 573 2570 son
589 2547 685 2570 article
696 2547 758 2577 deja
771 2548 835 2578 cite,
846 2550 894 2572 Die
908 2551 1202 2579 Vorverliandlunyeu

187 2597 255 2616 zum
282 2591 404 2614 Frieden
435 2597 490 2614 von
519 2593 578 2614 San
601 2593 752 2621 Germano,
784 2591 921 2617 tras-‘1230
948 2594 1050 2623 (Neues
1081 2595 1202 2623 Archiv,

182 2637 210 2660 -t.
225 2633 330 2664 xvnl,
351 2642 378 2665 p.
397 2634 450 2664 180,
466 2639 495 2658 n'
510 2635 560 2663 81),
582 2641 619 2658 on
633 2635 665 2658 lit
681 2642 687 2659 :
705 2644 717 2658 «
733 2635 873 2667 Ceterum,
894 2637 960 2667 quia
975 2637 1104 2661 liberatio
1119 2645 1202 2662 venc-

189 2677 287 2702 rabilis
295 2678 382 2709 patris
391 2678 496 2702 domini
504 2679 669 2703 Albanensis
679 2680 826 2711 diligenter
835 2681 1002 2705 sollicitabat
1010 2682 1200 2712 affectum...-;

190 2722 227 2747 οἵ.
241 2723 323 2752 ibid„
338 2729 366 2753 p.
386 2722 438 2752 181,
455 2727 484 2746 0·
499 2723 542 2747 83.
557 2736 588 2740 -
603 2723 645 2747 Cf.
659 2731 759 2748 encore
775 2732 806 2748 ce
821 2732 936 2756 passage
952 2726 986 2749 de
1000 2726 1027 2749 la
1043 2726 1202 2757 Chronique

189 2765 227 2790 de
241 2765 374 2790 Rumam>
387 2772 423 2790 Dss
439 2766 668 2796 SAN-Gssmufflo,
679 2775 744 2792 ann.
760 2768 827 2797 1229,
839 2771 1023 2793 monumenta
1035 2772 1202 2794 Germaniae

139 2836 143 2839 .
161 2801 170 2807 ’
189 2810 337 2839 historica,
348 2813 368 2834 t.
379 2810 442 2834 XIX
453 2811 544 2841 (1866),
556 2819 581 2842 p.
592 2812 680 2842 357‚et
688 2815 847 2842 Scriptores
860 2821 956 2838 rerum
967 2816 1200 2843 germanicarum

143 2851 164 2871 -’
189 2854 223 2878 in
235 2861 322 2878 usum
338 2856 503 2879 scholarum
516 2855 670 2886 (naum-re,
687 2857 766 2887 1864),
781 2865 808 2888 p.
824 2858 854 2882 89
870 2865 876 2882 ε
893 2866 905 2880 (1
921 2858 1018 2882 Dictus
1034 2859 1201 2882 Albanensis

188 2898 371 2929 episcopus...
397 2906 459 2922 cum
479 2900 620 2930 Aquinate
643 2904 671 2924 et
696 2902 883 2932 Aliphanense
904 2903 1058 2934 episcopis,
1087 2906 1114 2926 et
1138 2910 1200 2926 cum

187 2942 340 2973 Campanis
353 2943 488 2967 militibus
499 2945 546 2974 qui
557 2951 587 2968 se
602 2951 664 2968 cum
677 2946 739 2976 ipso
751 2947 901 2971 Albanensi
913 2947 1044 2978 episcopo
1056 2947 1086 2971 in
1099 2947 1200 2971 Casino

187 2990 365 3018 receperant,
375 2987 444 3011 salvi
460 2992 572 3012 exeunt.
586 2996 599 3011 υ

314 3037 501 3069 (10000100
519 3045 572 3076 tx,
591 3049 611 3071 t.
629 3047 679 3072 111.

1281 399 1343 429 tur,
1365 395 1404 424 de
1424 395 1561 424 offensis
1578 394 1759 424 satisfaciet
1777 395 1976 425 manifestis.
1996 396 2148 426 videlicet
2167 407 2173 426 ε
2193 400 2287 436 quie-

1280 448 1360 486 quid
1384 449 1594 485 0000001001ί
1619 452 1666 477 est
1690 456 1747 485 per
1772 456 1846 477 eum
1875 448 1926 477 vel
1948 449 2119 478 ministros
2148 459 2223 480 suos
2252 452 2288 480 in

1283 501 1429 530 Mat-chia
1447 500 1497 530 vel
1512 502 1650 530 Ducatu.
1669 500 1718 530 vel
1734 500 1799 530 alio
1816 501 2015 538 patrimonio
2026 502 2183 532 Ecclesie.
2196 504 2289 532 resti-

1281 558 1366 587 tuet;
1384 553 1464 583 item
1484 554 1635 583 restituet
1649 553 1810 592 quicquid
1825 558 2022 592 occupatum
2038 558 2084 583 est
2103 563 2160 592 per
2177 555 2287 592 ipsum

1280 606 1332 636 vel
1350 606 1477 645 bajulos
1497 615 1554 636 seu
1573 607 1744 636 ministros
1762 615 1849 640 51105,
1868 606 1906 636 de
1928 606 2046 636 castris
2063 608 2291 644 0100550550)-

1282 659 1380 689 nibus
1399 660 1684 694 monasteriorum,
1707 664 1736 688 et
1757 659 1946 697 specialiter
1965 660 2159 689 monasterii
2177 661 2291 690 Sancti

1280 713 1408 749 Quirici
1425 713 1463 742 de
1479 712 1665 747 Introduc-o,
1679 712 1906 746 ecclesiarum,
1919 712 2191 750 Templariorum.
2205 714 2293 743 Hos-

1282 766 1521 804 pitalariorum.
1540 765 1701 794 baronum
1725 770 1754 795 et
1778 765 1919 794 aliorum
1937 765 2099 794 nobilium
2116 771 2145 795 et
2163 771 2291 796 cetero-

1280 828 1354 848 rum
1371 818 1427 857 qui
1441 818 1588 848 Ecclesie
1600 818 1634 847 in
1648 818 1708 847 hoc
1726 818 1858 855 negotio
1872 817 2090 852 adheserunt;
2112 818 2291 848 restituan-

1283 877 1334 900 tur
1352 880 1467 900 omnes
1489 871 1633 909 episcopi
1655 875 1685 900 et
1705 870 1762 900 alii
1780 870 1898 908 prelati
1924 871 1981 909 qui
2005 876 2080 900 sunt
2105 871 2231 905 exules,
2251 872 2292 901 ad

1282 924 1377 954 sedes
1394 928 1423 953 et
1442 923 1512 953 loca
1529 932 1599 959 sua,
1620 931 1694 952 cum
1710 922 1806 952 bonis
1825 921 1960 956 ablatis;
1982 923 2201 953 restituantur
2221 933 2292 953 010-

1283 986 1342 1007 nes
1362 976 1483 1014 captivi
1507 976 1641 1006 Reatini
1665 980 1696 1005 et
1720 975 1934 1009 Celanenses,
1958 980 1987 1004 et
2011 998 2030 1004 ..
2048 975 2138 1005 filius
2160 977 2292 1006 comitis

1283 1030 1483 1063 Thomasii²‚
1505 1034 1534 1059 et
1560 1038 1674 1058 omnes
1696 1028 1753 1057 alii
1778 1028 1900 1066 captivi
1926 1028 2003 1058 hinc
2034 1029 2126 1063 inde;
2154 1034 2183 1059 et
2213 1030 2294 1068 quia

1284 1082 1559 1112 excommunicati
1575 1082 1710 1111 fuerunt
1731 1090 1846 1111 omnes
1867 1086 1898 1110 et
1916 1081 2040 1118 singuli
2056 1091 2197 1120 quorum
2214 1092 2293 1112 auc-

1284 1135 1427 1169 toritate,
1449 1134 1601 1164 consilio.
1623 1133 1747 1164 auxilio
1770 1134 1822 1164 vel
1842 1134 1954 1163 favore
1977 1135 2214 1172 patrimonium
2234 1137 2295 1166 Ee-

1284 1188 1384 1218 clesie
1401 1188 1435 1217 in
1450 1187 1599 1217 Marcilia
1617 1192 1647 1216 et
1659 1187 1739 1216 alibi
1755 1192 1876 1216 terram
1893 1187 2039 1217 Ecclesie
2056 1191 2292 1225 occuparunt³,

1285 1242 1504 1272 restituentur
1530 1249 1645 1270 omnes
1667 1249 1809 1278 expense
1835 1249 1916 1278 quas
1939 1240 2047 1270 facere
2075 1245 2206 1279 propter
2231 1241 2293 1272 hoc

1286 1295 1433 1326 Ecclesia
1461 1299 1510 1324 est
1529 1293 1709 1332 compulsa,
1736 1298 1768 1323 et
1795 1293 1844 1323 eis
1868 1293 1906 1323 de
1933 1293 2085 1332 dampnis
2109 1294 2295 1326 satisfaciet.

1284 1348 1453 1386 irrogatis.

1327 1415 1339 1428 a
1358 1400 1690 1431 Excommunicatus⁴
1705 1405 1753 1430 est
1770 1399 1860 1438 quia,
1884 1404 1997 1429 contra
2017 1400 2218 1430 sententiam
2238 1410 2294 1431 ex-

1285 1453 1597 1485 communicationis
1619 1462 1639 1482 a
1661 1452 1844 1483 venerabili
1867 1453 1969 1482 fratre
1989 1457 2101 1482 nostro
2119 1453 2292 1492 P[elagio]‚

1284 1507 1468 1538 Albanensi
1493 1506 1661 1544 episcopo,
1685 1510 1717 1536 et-
1739 1505 1824 1535 bone
1851 1505 2009 1535 memorie
2034 1505 2177 1544 G[uala],
2204 1506 2295 1536 tituli

1286 1560 1399 1591 Sancti
1423 1559 1560 1590 Martini
1585 1558 1769 1597 presbitero
1794 1558 1967 1593 cardinali,
2001 1558 2039 1588 de
2064 1558 2233 1588 voluntate
2263 1564 2296 1589 et

1285 1622 1427 1643 assensu
1443 1621 1502 1642 500
1519 1612 1715 1642 auctoritate
1729 1611 1917 1649 Apostolice
1934 1611 2029 1641 Sedis
2041 1611 2154 1647 latam,
2172 1612 2213 1641 ad
2229 1616 2294 1642 ter-

1285 1666 1414 1695 minum
1442 1674 1541 1704 quem
1570 1665 1636 1695 sibi
1664 1664 1804 1703 prefixit,
1838 1673 1903 1694 non
1933 1665 2177 1698 transfretavit.
2209 1665 2297 1695 sicut.

1284 1719 1455 1758 promisit3
1482 1722 1513 1748 et
1538 1718 1617 1756 quia
1641 1717 1842 1756 promissum
1863 1713 2039 1747 numerum
2060 1717 2203 1747 militum
2224 1718 2296 1748 suis

1286 1771 1439 1810 expensis
1478 1780 1544 1800 non
1573 1771 1666 1800 misit
1701 1769 1753 1800 vel
1783 1770 1891 1800 tenuit-
1920 1779 1978 1808 pro
2008 1769 2159 1800 subsidio
2194 1771 2296 1801 Terre

1287 1826 1423 1859 Sancte3
1448 1828 1479 1854 et
1504 1823 1582 1862 quia
1606 1823 1740 1853 statutis
1759 1822 1799 1852 ab
1821 1822 1894 1861 ipso
1913 1822 2078 1856 terminis,
2101 1823 2136 1852 in
2158 1824 2295 1853 Terram

1318 1930 1341 1954 1.
1358 1930 1420 1954 Une
1436 1929 1524 1960 partie
1539 1929 1576 1952 du
1593 1932 1668 1952 texte
1682 1928 1716 1951 de
1730 1928 1756 1951 la
1771 1928 1900 1958 presente
1915 1927 2003 1958 piece,
2020 1935 2057 1951 un
2073 1935 2127 1959 peu
2141 1929 2296 1959 impropre-

1286 1979 1360 1999 ment
1374 1974 1501 1998 intitulee
1516 1976 1618 1996 Forma
1630 1975 1800 2002 ,fut-amenti,
1817 1979 1847 1996 se
1860 1976 1960 1996 trouve
1975 1972 2094 2002 repetem,
2111 1972 2297 1996 evidemment

1286 2019 1393 2050 d'aprcs
1410 2026 1447 2042 un
1463 2019 1612 2042 document
1629 2017 1738 2044 officiel,
1755 2017 1823 2040 dans
1840 2018 1866 2040 13
1881 2017 2042 2047 chronique
2063 2017 2096 2041 de
2116 2017 2244 2041 Ricninn
2260 2023 2297 2041 DE

1287 2063 1519 2092 six-Genusum
1546 2069 1610 2087 ann.
1643 2062 1718 2091 1230,
1740 2064 1924 2085 Monumenta
1954 2063 2121 2085 Germaniae
2146 2063 2298 2090 historica,

1287 2112 1305 2132 t.
1326 2108 1400 2137 xlx,
1422 2114 1449 2138 p.
1465 2107 1519 2136 360,
1543 2110 1570 2130 et
1585 2108 1745 2136 Scriptores
1763 2113 1859 2130 rerum
1881 2108 2126 2135 germanicarum,
2147 2113 2173 2136 p.
2198 2106 2268 2129 96·OE
2288 2112 2295 2129 z

1288 2160 1300 2174 (t
1317 2153 1413 2183 Igitur,
1430 2152 1526 2175 eodem
1543 2151 1588 2174 die
1605 2151 1645 2181 [23
1658 2151 1720 2181 julii
1737 2151 1804 2181 1230]
1825 2150 1942 2181 predicti
1957 2150 2110 2173 cardinales
2127 2150 2187 2174 vice
2202 2150 2296 2173 domni

1287 2203 1357 2227 pape
1373 2196 1510 2220 dederunt
1529 2195 1630 2218 domno
1646 2195 1818 2225 imperatori,
1833 2195 1885 2217 sub
1902 2194 1996 2217 debito
2014 2194 2122 2224 prestiti
2138 2194 2299 2223 juramenti.

1286 2241 1401 2264 firmiter
1423 2241 1451 2263 in
1474 2239 1621 2267 mandatis,
1643 2242 1673 2262 ut
1695 2240 1822 2262 restituat
1843 2239 1980 2267 quicquid
2001 2240 2170 2266 occupatum
2190 2241 2229 2261 est
2246 2245 2299 2266 per

1286 2286 1376 2315 ipsum
1395 2286 1435 2308 vet
1447 2284 1516 2307 alios
1534 2285 1684 2306 ministros
1693 2289 1760 2306 suos
1774 2284 1802 2305 in
1821 2283 1947 2305 marchia
1961 2283 2002 2305 rel
2014 2284 2129 2309 ducatu,
2143 2288 2191 2305 seu
2203 2283 2230 2305 in
2241 2284 2299 2305 alio

1285 2330 1462 2358 patrimonio
1478 2329 1603 2355 ecclesie,
1623 2330 1649 2350 et
1667 2328 1804 2356 quicquid
1829 2329 1998 2355 occupatum
2020 2329 2059 2349 est
2075 2333 2125 2354 per
2144 2327 2236 2355 ipsum
2255 2327 2296 2349 rel

1288 2375 1437 2397 ministros
1452 2373 1495 2396 vel
1511 2374 1620 2400 bajulos
1633 2373 1667 2394 de
1685 2373 1786 2394 castris
1802 2377 1850 2394 seu
1865 2370 1898 2393 dc
1911 2371 2141 2399 possessionibus
2153 2373 2297 2393 mona-stc-

1286 2420 1407 2444 riorum,
1427 2420 1452 2440 et
1471 2418 1632 2445 specialiter
1651 2416 1819 2438 monasterii
1837 2416 1929 2438 sancti
1950 2416 2058 2442 Quirici
2076 2416 2110 2437 de
2129 2416 2296 2442 lueroatuco,

1285 2463 1480 2489 ecclesiarum,
1493 2462 1730 2489 Temptariorum,
1746 2460 2014 2487 Hospitatariorum‚
2029 2459 2170 2481 baronum
2186 2461 2209 2481 et
2221 2460 2293 2481 alio-

1286 2513 1351 2529 rum
1371 2507 1510 2529 nobilium
1527 2505 1561 2528 de
1581 2511 1665 2534 regno
1681 2504 1724 2526 vel
1740 2503 1936 2532 undecunque,
1954 2509 2063 2526 necnon
2086 2505 2110 2524 et
2131 2504 2290 2525 ceterorum

1284 2551 1333 2579 qui
1349 2552 1378 2573 in
1392 2551 1443 2573 hoc
1457 2550 1567 2578 neqotio
1583 2552 1679 2572 contra
1694 2554 1723 2570 se
1742 2547 1865 2570 Romane
1883 2548 1997 2570 ecclesie
2013 2548 2196 2569 adheserunt.
2215 2554 2226 2567 »
2248 2546 2292 2569 Ct'.

1284 2601 1382 2623 supra,
1395 2598 1425 2617 11ο
1440 2594 1494 2621 415,
1510 2593 1541 2616 in
1556 2593 1625 2620 tine.

1315 2639 1338 2662 -2,
1355 2637 1494 2661 Thomasii
1511 2637 1544 2660 de
1557 2636 1670 2660 Celano.

1315 2682 1337 2706 3.
1360 2682 1398 2706 Le
1419 2682 1499 2711 sujet,
1523 2679 1735 2706 sous-entendu,
1761 2678 1794 2702 de
1817 2680 2003 2707 occuparunt,
2026 2681 2077 2705 est,
2095 2677 2264 2701 semble-t-il
2286 2684 2293 2701 z

1285 2735 1296 2747 u
1308 2726 1432 2749 homines
1446 2724 1632 2755 Imperatoris.
1643 2731 1658 2746 1>
1670 2736 1699 2741 —
1710 2723 1762 2746 Les
1771 2722 1846 2746 idees
1858 2721 2045 2745 s'enchaiucnt
2058 2721 2196 2745 d'ailleurs
2211 2728 2294 2745 assez

1283 2770 1334 2793 mal
1351 2769 1418 2792 dans
1434 2769 1460 2792 la
1475 2765 1512 2792 fin
1527 2769 1561 2792 de
1577 2775 1608 2791 ce
1624 2767 1804 2798 paragrapbe.

1313 2814 1337 2837 4.
1352 2813 1405 2837 Les
1421 2816 1521 2837 termes
1536 2813 1638 2836 memes
1654 2811 1687 2835 de
1703 2814 1780 2835 toute
1795 2814 1867 2834 cette
1882 2810 1971 2841 partie
1986 2809 2020 2833 de
2033 2809 2058 2832 la
2071 2809 2201 2840 presente
2212 2809 2296 2839 piece

1281 2864 1311 2881 se
1329 2860 1523 2881 retrouveront
1541 2856 1609 2879 dans
1628 2856 1654 2878 la
1668 2856 1749 2878 lettre
1769 2854 1807 2878 du
1828 2854 1982 2885 patriarche
2003 2853 2157 2883 d'Aquilee,
2173 2853 2207 2875 de
2226 2853 2294 2875 l'ar-

1282 2902 1422 2932 cheveque
1438 2901 1472 2924 de
1488 2901 1640 2930 Salzbourg
1656 2902 1682 2923 et
1697 2899 1731 2922 de
1746 2898 1868 2929 l'eveque
1884 2898 1918 2921 de
1934 2897 2114 2925 Ratisbonne,
2129 2896 2166 2919 du
2182 2896 2294 2926 2311111-

1282 2945 1319 2969 let
1331 2945 1390 2969 1-230
1403 2945 1448 2975 (cf.
1464 2951 1562 2974 supra,
1576 2949 1605 2967 n*
1616 2944 1681 2973 415),
1693 2943 1761 2966 daus
1774 2943 1891 2973 laquelle
1905 2949 1950 2965 ces
1961 2941 2062 2972 prelats
2077 2940 2137 2964 font
2151 2943 2212 2971 part
2228 2942 2295 2963 uni-

1282 2991 1371 3015 versis
1387 2989 1420 3013 dc
1435 2989 1461 3012 la
1475 2988 1640 3018 conclusion
1651 2987 1685 3011 de
1700 2988 1726 3011 la
1741 2987 1815 3018 paix.

2142 3040 2172 3065 38
