2553 3526
0 1611 11 2216 vvv-—v-uww-ww-——wzvv

133 323 187 353 113
975 316 1210 354 TRElzIEME
1234 316 1392 352 ANNEE.
2176 333 2227 360 Μ

133 389 260 419 brachii
288 390 464 427 secularis,
501 395 531 420 et
559 391 818 421 contradictores
853 391 949 430 [etc.
980 399 1085 428 usque
1114 389 1138 427 2]

132 443 380 480 compescendo.
407 443 482 477 Sed,
503 443 586 481 ipsis
612 443 646 472 in
668 444 800 480 negotio
818 444 910 482 juxta
930 443 1069 472 formam
1092 441 1139 471 eis

133 495 288 524 traditam
311 495 582 534 procedentibus,
608 496 747 534 predicti
769 495 922 525 monachi
944 496 1000 534 qui
1024 504 1058 524 se
1083 503 1140 532 pro

132 553 296 578 conventu
316 549 486 586 gerebant.
506 553 694 578 asserentes
717 549 811 578 nobis
831 549 916 587 quod
943 547 1139 577 correctioni

133 604 165 630 et
187 601 416 630 reformationi
438 610 495 639 per
517 601 592 631 illos
616 601 650 630 in
670 601 742 639 ipso
765 601 965 631 monasterio
989 600 1140 630 faciende

132 662 247 692 parere
270 653 433 689 volebant,
460 654 499 683 ad
524 654 655 684 eosdem
682 663 781 692 super
806 654 983 683 relaxanda
1012 654 1139 692 prefata

133 707 486 737 excommunicationis
523 708 689 737 sententia
722 708 762 737 ad
801 707 974 737 cautelam.
1010 711 1140 737 nostras

133 758 261 789 litteras
279 764 500 798 reportarunt.
518 761 589 797 Qua
605 760 737 790 demum
754 770 811 798 per
827 760 931 789 dictos
951 760 1140 798 episcopum

133 812 327 843 Olorensem
360 818 391 843 et
420 813 574 851 collegas,
606 824 623 843 a
648 813 820 843 monachis
848 814 931 851 ipsis
951 814 1141 852 juramento

134 869 265 904 recepto
291 866 385 905 juxta
413 866 552 895 formam
584 866 737 904 rescripti
767 865 951 904 apostolici.
983 865 1138 895 relaxata.

134 917 246 953 iidem,
275 918 309 948 in
331 919 548 949 correctionis
571 924 602 949 et
627 919 874 949 reformationis
898 919 1004 948 officio
1028 927 1141 956 proce-

133 970 260 1006 dentes,
283 975 314 1001 et
338 972 547 1002 attendentes
568 972 664 1011 quod,
693 976 825 1010 propter
852 971 1013 1001 malitiam
1046 971 1141 1000 habi-

133 1023 275 1054 tantium
302 1024 336 1053 in
360 1024 562 1054 monasterio
586 1025 785 1063 supradicto,
816 1025 902 1054 idem
931 1025 964 1053 in
991 1033 1051 1053 suo
1076 1033 1139 1053 non

133 1081 260 1115 poterat
277 1077 393 1111 ordine
417 1077 605 1107 reformari.
628 1078 661 1106 in
681 1077 774 1111 illud,
805 1077 918 1106 habito
943 1077 1140 1114 prudentum

133 1133 165 1160 et
184 1129 417 1168 religiosorum
439 1140 476 1160 ac
499 1130 640 1160 aliorum
667 1131 813 1160 virorum
842 1130 992 1166 consilio,
1012 1130 1142 1168 predic-

133 1187 203 1213 tum
225 1183 484 1214 cisterciensem
513 1184 676 1217 ordinem,
704 1188 811 1213 amoto
838 1183 954 1213 abbate
981 1183 1038 1221 qui
1065 1188 1140 1212 tunc

130 1241 212 1272 erat,
231 1245 288 1275 per
305 1237 518 1267 diffinitivam
536 1237 738 1267 sententiam
760 1237 974 1266 induxerunt.
997 1237 1060 1265 Sed
1077 1246 1141 1265 mo-

132 1289 232 1320 nachi
252 1289 424 1328 sepedicti.
453 1289 560 1319 adhuc
597 1290 631 1318 in
656 1298 714 1319 sue
740 1289 930 1328 iniquitatis
959 1290 1142 1327 pertinacia

131 1342 360 1382 perdurantes,
379 1347 410 1372 et
427 1342 562 1372 illorum
580 1352 694 1381 parere
721 1342 886 1372 sententie
911 1348 1088 1372 renuentes
1105 1352 1141 1372 ac

131 1395 278 1434 ipsorum
315 1395 491 1426 molientes
527 1405 687 1426 enervare
720 1405 923 1434 processum,
959 1396 1141 1435 juramenti

131 1449 294 1487 religione
324 1449 761 1487 contempta,,frustratorie
790 1450 897 1479 denuo
926 1449 966 1479 ad
997 1449 1142 1488 appella-

132 1501 235 1532 tionis
253 1501 429 1540 diffugium
452 1502 688 1538 convolarunt;
717 1507 848 1541 propter
872 1503 957 1541 quod
974 1503 1038 1541 ipsi
1066 1503 1142 1532 visi-

133 1558 267 1589 tatores,
286 1555 507 1595 appellatione
530 1555 721 1594 hujusmodi
744 1564 809 1585 non
834 1556 990 1589 admissa,
1018 1565 1143 1585 excom-

132 1607 371 1638 municationis
395 1608 544 1638 tulerunt
561 1609 762 1638 sententiam
781 1609 815 1638 in
838 1609 981 1638 eosdem.
1006 1609 1043 1638 Et
1066 1608 1142 1639 licet

132 1660 199 1699 ipsi
222 1660 376 1690 monachi
397 1661 460 1691 sibi
485 1661 663 1691 terminum
688 1661 722 1690 in
749 1661 833 1691 festo
854 1661 948 1691 Beati
977 1661 1142 1692 ,Iohannis

133 1714 283 1753 Baptiste
307 1714 456 1753 proximo
478 1714 648 1752 preterito,
669 1714 703 1744 in
724 1724 798 1753 quo,
823 1715 862 1744 ad
878 1715 1143 1753 prosequendam

133 1766 391 1806 appellationem
409 1767 561 1801 eandem,
575 1776 633 1806 per
646 1772 891 1806 procuratorem
902 1768 1057 1798 idoneum
1070 1777 1143 1798 nos-

132 1823 184 1850 tro
209 1829 244 1850 se
266 1820 459 1858 conspectui
488 1825 717 1858 presentarent
748 1830 857 1850 coram
895 1821 954 1851 eis.
988 1821 1143 1850 duxerint

133 1873 370 1912 prefigendum,
392 1873 494 1903 iidem
516 1879 627 1903 tamen
652 1882 711 1903 nec
746 1874 965 1912 personaliter
996 1883 1055 1903 nec
1086 1883 1143 1911 per

131 1931 379 1965 procuratorem
401 1926 558 1965 aliquem,
584 1927 707 1964 pretixo
730 1926 841 1964 elapso
871 1926 1023 1961 termino,
1055 1936 1142 1956 com-

132 1987 247 2017 parere
269 1978 304 2007 in
327 1983 439 2008 nostra
460 1979 627 2017 presentia
644 1984 855 2008 curaverunt.
874 1984 968 2017 prout
993 1980 1088 2009 nobis
1106 1989 1142 2009 ex

129 2031 291 2062 relatione
316 2031 478 2062 auditoris
505 2031 647 2070 prefati¹
678 2036 707 2061 et
737 2041 894 2070 processu
921 2033 1142 2070 predictorum

131 2084 342 2115 visitatorum
359 2084 509 2114 constitit
529 2085 710 2115 evidenter.
732 2086 781 2115 Ne
801 2085 904 2123 igitur
921 2086 1142 2124 predictorum

131 2137 369 2168 monachorum
402 2137 613 2176 dampnanda
644 2139 842 2176 protervitas
871 2139 1142 2169 reformationem

132 2190 244 2221 eludat
258 2191 292 2220 in
306 2191 509 2220 monasterio
525 2191 596 2229 ipso
616 2191 747 2226 factam,
767 2191 916 2221 districte
930 2192 1143 2230 precipiendo

131 2243 330 2274 mandamus
353 2249 530 2283 quatenus,
553 2244 774 2282 appellatione
803 2254 868 2275 non
891 2245 1043 2276 obstante
1069 2256 1143 2284 pre-

131 2297 247 2333 missa,
269 2306 368 2336 quam
388 2306 452 2326 non
479 2302 557 2327 sunt
574 2298 663 2327 infra
686 2298 845 2336 prefixum
870 2299 1048 2328 terminum
1068 2308 1143 2337 pro-

131 2351 249 2387 secuti,
272 2351 436 2389 predictas
459 2351 670 2381 diffinitivam
688 2356 731 2387 et,
757 2361 861 2390 usque
885 2352 924 2381 ad
940 2353 1143 2382 satisfactio-

132 2413 207 2434 nem
219 2403 429 2442 condignam,
444 2405 799 2434 excommunicationis
816 2406 1000 2435 sententias
1017 2406 1144 2436 sacien-

131 2460 182 2487 tes
197 2465 256 2495 per
272 2465 448 2487 censuram
469 2456 742 2492 ecclesiasticam,
766 2457 986 2496 appellatione
1005 2464 1142 2494 remota,

131 2509 373 2540 inviolabiliter
389 2509 571 2544 observari,
589 2510 754 2548 predictos
772 2510 950 2540 monachos
972 2512 1058 2550 quod
1075 2512 1144 2542 dic-

133 2566 242 2593 torum
257 2562 430 2593 Olorensis
447 2567 478 2592 et
495 2562 697 2600 collegarum
714 2563 942 2593 reformationi
961 2569 991 2594 et
1009 2565 1143 2594 ordina-

131 2615 216 2646 tioni
245 2620 382 2654 pareant
411 2633 460 2651 —,
495 2615 710 2654 compellatis,
744 2616 896 2646 invocato
933 2617 974 2647 ad
1010 2617 1082 2653 hoc,
1115 2619 1143 2647 si

133 2677 269 2699 necesse
295 2668 409 2703 suerit,
439 2668 563 2698 auxilio
593 2668 722 2698 brachii
747 2669 925 2705 secularis,
950 2671 1142 2701 mandatum

131 2726 282 2752 nostrum
309 2721 419 2752 taliter
451 2722 632 2760 impleturi,
668 2722 755 2761 quod
786 2723 824 2752 de
857 2723 1061 2761 negligentia
1091 2724 1143 2754 vel

132 2779 322 2813 contemptu
344 2775 499 2813 redargui
522 2784 585 2805 non
609 2776 756 2813 possitis,
781 2776 838 2806 sed
855 2776 965 2814 potius
986 2777 1025 2807 de
1050 2777 1143 2807 solli—

132 2827 280 2857 citudine
301 2836 339 2857 ac
360 2827 537 2865 diligentia
558 2829 784 2858 commendari
802 2846 849 2858 ——.
876 2830 950 2859 Dat.
977 2830 1140 2868 Anagnie,

131 2880 228 2923 XVII
244 2880 403 2924 kalendas
422 2881 576 2915 octobris,
600 2889 686 2910 anno
705 2881 941 2912 tertiodecimo.
968 2894 982 2908 »

165 2999 187 3022 1.
204 2998 391 3023 Ο”οεῐ-ὲ-ᾱίῐ·ο;
408 3007 419 3021 t(
434 2999 593 3030 R[iccardi].
610 2999 704 3023 Sancti
719 3000 816 3031 Angeli
831 3001 940 3024 diaconi
955 3001 1111 3024 cardinalis.
1130 3009 1141 3023 υ

254 3048 440 3080 GREGomE
460 3056 511 3085 tx,
530 3059 548 3080 t.
569 3056 616 3080 111.

1291 390 1407 416 49:32

1702 393 1831 425 Anagni.
1847 393 1879 419 15
1895 395 2059 427 septembre
2077 396 2153 423 1239.

1256 451 1366 477 Abbati
1381 455 1406 477 et
1425 453 1583 478 conventui
1602 453 1728 479 Sanctae
1743 454 1858 481 Mariae
1874 455 1908 481 de
1924 456 2021 483 Gloria
2039 459 2224 491 Auagniuan,

1222 507 1343 531 quorum
1361 501 1571 527 monasterium
1590 501 1652 535 ipse
1667 510 1739 535 papa
1756 511 1771 528 a
1790 503 1991 530 fundamentis
2004 513 2132 532 erexerat
2149 513 2174 533 vt
2190 508 2225 533 «10

1222 546 1305 573 bouis
1320 548 1445 581 propriis
1468 549 1631 578 dotaverat,
1656 550 1803 581 significat
1829 560 1858 577 se
1879 553 2033 579 ecclesiam
2055 554 2090 580 <le
2112 555 2224 586 Magor.

1223 595 1426 622 Landavensis
1446 597 1597 629 dioecesis,
1620 604 1681 632 post
1704 599 1826 626 liberam
1846 601 2072 634 resignationem
2092 605 2224 637 magistri

1222 645 1311 671 Alani
1333 645 1368 671 de
1389 646 1498 672 Sancta
1519 646 1601 676 Fide,
1623 648 1768 681 quondam
1792 650 1911 676 rectoris
1936 650 2038 684 ipsius,
2059 659 2226 686 vacantem,

1223 707 1255 710 —
1280 702 1346 719 cum
1366 692 1550 728 {('1ilbe1·tus,]
1573 697 1762 723 marescallus
1785 698 1921 731 Angliae,
1943 708 2038 726 comes
2061 699 2118 735 [de]
2138 702 2227 728 Pem-

1223 741 1322 773 broch,
1338 743 1384 775 jus
1399 746 1570 777 patronatus
1583 745 1659 777 quod
1674 745 1702 770 in
1718 745 1817 771 cadem
1835 747 1958 773 ecclesia
1973 748 2108 781 habebat,
2125 759 2191 777 eoru
2198 760 2223 778 n]

1225 791 1401 817 monasterio
1423 792 1611 823 contulisset,
1632 807 1662 811 ——
1684 793 1725 819 eis
1745 803 1904 828 eorumque
1925 798 2101 824 monasterio
2124 808 2227 826 conce-

1223 838 1301 870 dere,
1324 846 1336 863 «
1354 843 1477 873 excepta
1497 843 1636 874 perpetue
1652 841 1762 868 vicarie
1779 851 1904 876 congrua
1921 845 2053 878 portione
2075 855 2087 871 υ
2109 855 2159 880 pro
2179 849 2226 874 ‹li-

1223 887 1315 914 versis
1333 888 1474 914 ecclesiae
1494 889 1623 922 ejusdem
1643 889 1780 916 oneribus
1799 893 2017 925 supportandis,
2038 895 2225 929 assignanda.

1224 951 1256 953 —
1267 937 1353 967 (Rae.
1366 936 1410 967 19,
1422 939 1440 963 f.
1455 937 1501 963 131
1516 935 1588 971 [125]
1601 942 1645 970 v‘';
1659 947 1728 964 ann.
1744 939 1824 972 XIII,
1838 949 1862 966 c.
1876 941 1942 973 125,
1956 957 1987 959 —
2002 942 2225 977 MOREAL’1192,

1224 986 1244 1011 t.
1262 984 1336 1015 383.)

1266 1099 1277 1111 «
1307 1109 1325 1114 ..
1358 1088 1458 1114 ammte·
1479 1092 1504 1114 el
1528 1089 1690 1115 couventui
1713 1090 1820 1117 sam-11·
1846 1090 1940 1117 Murio
1965 1091 1998 1118 (ἰν
2022 1092 2122 1120 Gloria
2145 1096 2228 1122 ,lua-

1223 1140 1356 1176 y›11'11[e],
1387 1140 1506 1167 ordinis
1532 1141 1692 1168 florensis.
1721 1141 1789 1170 Etsi
1815 1151 1851 1171 ex
1880 1143 2056 1173 commisso
2080 1162 2128 1173 —.
2154 1147 2226 1175 Dat.

1225 1192 1386 1229 Anagnie.
1404 1193 1496 1221 xvll
1514 1192 1672 1222 kalendas
1688 1193 1842 1227 octobris,
1857 1204 1942 1224 anno
1961 1197 2196 1227 tertiodecimo.
2215 1212 2227 1225 »

1295 1393 1416 1420 4933

1261 1465 1274 1481 «
1290 1456 1321 1482 In
1337 1455 1463 1482 eundem
1482 1456 1541 1481 tere
1556 1455 1673 1481 modum
1692 1453 1815 1490 o[ttom].
1835 1455 1931 1481 Sunt-n
1945 1456 2054 1482 X1'culac'
2071 1458 2099 1482 in
2117 1459 2229 1484 Car-rere

1704 1393 1834 1427 Anauni,
1849 1395 1884 1420 1‘r
1898 1395 2063 1428 septembre
2079 1396 2156 1423 1239.

1229 1505 1355 1530 Tulliano
1370 1504 1484 1529 ‹liacono
1500 1503 1650 1533 cardinali,
1668 1505 1814 1535 :tposlolice
1831 1504 1906 1530 Salis
1923 1506 2017 1536 [effato.
2039 1504 2084 1540 [Ei
2107 1507 2229 1534 mandat

1225 1557 1380 1588 quatenus,
1401 1552 1604 1586 praesentibus
1625 1552 1670 1578 his
1687 1552 1737 1586 qui
1757 1552 1792 1578 de
1811 1553 1876 1585 jure
1894 1552 2034 1579 interesse
2054 1554 2178 1581 debeant
2200 1558 2229 1581 et

1226 1603 1350 1636 possint,
1365 1601 1448 1628 bonis
1463 1604 1490 1627 et
1512 1600 1704 1627 facultatibus
1722 1601 1890 1634 praedictae
1910 1601 2052 1628 ecclesiae
2073 1602 2108 1628 de
2128 1603 2230 1637 Magor

1225 1651 1385 1685 diligenter
1402 1650 1543 1684 pensatis,
1560 1652 1776 1683 competentem
1795 1657 1829 1675 ex
1844 1649 1916 1681 illis,
1934 1658 1984 1684 pro
2000 1650 2138 1677 oneribus
2153 1652 2231 1685 ejus-

1225 1701 1291 1727 dem
1313 1699 1455 1726 ecclesiae
1475 1698 1696 1732 supportandis,
1716 1698 1878 1732 portionem
1901 1699 1996 1725 taxari
2022 1702 2050 1725 et
2074 1704 2231 1734 perpetuae

1226 1749 1356 1776 vicariae
1385 1747 1528 1781 assignari
1559 1747 1666 1778 faciat;
1697 1746 1816 1781 insuper
1836 1745 2015 1781 D[eodato]¹,
2040 1749 2183 1774 monacho
2203 1752 2231 1775 et

1227 1797 1406 1832 procuratori
1431 1796 1562 1830 ejusdem
1585 1795 1756 1822 monasterii
1779 1795 1906 1821 Sanctae
1928 1795 2042 1822 Mariae
2066 1796 2102 1822 de
2129 1797 2231 1823 Gloria

1225 1846 1389 1879 Anagnini,
1409 1854 1459 1880 pro
1474 1845 1604 1878 ejusdem
1621 1844 1746 1878 negotiis
1768 1844 1798 1870 in
1821 1844 1929 1878 Anglia
1951 1845 2156 1873 commoranti.
2179 1854 2230 1879 pa—

1226 1900 1320 1923 tentes
1335 1904 1401 1922 suas
1416 1895 1540 1926 litteras,
1559 1902 1571 1919 α
1585 1894 1675 1920 totius
1688 1893 1797 1927 negotii
1811 1893 1916 1919 seriem
1932 1893 2116 1920 continentes
2128 1902 2153 1926 ³),
2168 1895 2231 1928 ipse

1225 1944 1387 1971 cardinalis
1415 1941 1568 1977 assignet]
1598 1943 1670 1969 Dat.
1699 1942 1850 1975 Anagnie,
1880 1942 2016 1968 kalendis
2045 1943 2231 1976 septembris,

1226 1994 1414 2028 pontificatus
1436 1992 1527 2018 nostri
1548 2000 1625 2018 anno
1648 1990 1860 2017 tertiodecimo.
1879 1998 1892 2014 n
1910 2005 1942 2008 —
1965 1991 2050 2022 (Rffi.
2074 1991 2118 2023 19,
2140 1992 2160 2017 f,
2183 1992 2230 2018 131

1225 2040 1298 2078 [125]
1313 2043 1364 2072 Ψ.)

1295 2237 1414 2264 4934

1262 2299 1406 2333 Episcopo
1423 2297 1628 2329 Praenestino,
1642 2296 1802 2330 apostolico
1820 2297 1924 2330 legato,
1942 2296 2043 2323 scribit
2060 2305 2066 2323 z
2089 2304 2101 2321 (‹
2125 2297 2163 2323 L't
2179 2297 2230 2323 ka-

1755 2234 1886 2268 Anagni,
1903 2235 1938 2260 1⁷¹
1951 2235 2068 2261 octobre
2082 2234 2159 2261 1239.

1227 2356 1240 2373 i)
1262 2348 1379 2374 ris-simo
1404 2347 1433 2373 in
1456 2346 1574 2374 Christo
1599 2346 1659 2372 filio
1678 2349 1775 2371 nostro
1797 2366 1814 2371 ..
1838 2345 1947 2371 illustri
1969 2345 2028 2378 regi
2049 2346 2230 2378 Aragonum,

1226 2405 1240 2421 »
1261 2396 1370 2423 balivis
1392 2404 1425 2421 ae
1443 2394 1620 2421 officialibus
1637 2394 1697 2420 suis
1717 2393 1788 2420 anni
1806 2393 1939 2427 preteriti
1956 2397 1983 2419 et
2000 2394 2154 2427 presentis,
2177 2402 2230 2419 nec

1227 2454 1240 2471 »
1262 2454 1318 2472 nou
1340 2445 1511 2471 consulibus
1534 2446 1562 2470 et
1585 2443 1775 2470 universitati
1797 2443 1869 2469 ville
1890 2442 2002 2468 Montis
2022 2443 2173 2469 Pesulani.
2195 2451 2229 2469 ex

1227 2503 1240 2520 »
1261 2503 1319 2521 una
1343 2496 1436 2528 parte,
1459 2502 1493 2519 ac
1515 2492 1680 2519 venerabili
1706 2491 1789 2518 fratri
1810 2494 1906 2517 nostro
1929 2512 1946 2517 ..
1969 2491 2103 2524 episeopo
2126 2491 2229 2523 Maga—

1226 2552 1240 2570 »
1263 2543 1394 2575 lonensi,
1418 2551 1453 2568 ex
1478 2543 1581 2573 altera,
1606 2541 1714 2567 laboris
1739 2546 1765 2566 et
1789 2548 1982 2573 expensarum
2009 2543 2140 2565 cessante
2166 2548 2229 2565 ma-

1227 2601 1240 2618 »
1261 2593 1347 2624 teria,
1373 2591 1481 2626 quietis
1504 2594 1531 2616 et
1553 2589 1707 2616 concordie
1727 2588 1822 2622 gratia
1849 2590 2028 2621 procuretur,
2053 2587 2229 2613 mandamus

1227 2650 1240 2667 1)
1261 2645 1406 2675 quatenus
1421 2640 1457 2666 de
1479 2639 1575 2666 causis
1595 2638 1733 2665 omnibus
1754 2637 1924 2667 eorundem,
1945 2636 1981 2662 de
2006 2636 2112 2669 quibus
2132 2644 2228 2663 coram

1227 2698 1240 2715 »
1262 2693 1290 2716 te
1319 2689 1467 2715 volueriut
1498 2687 1636 2721 experiri,
1663 2686 1697 2712 (le
1721 2686 1808 2719 plano
1833 2689 1859 2711 et
1884 2685 1948 2711 sine
1970 2684 2095 2718 strepitu
2122 2684 2227 2717 judicii

1227 2747 1241 2763 t)
1262 2746 1444 2772 cognoscere,
1461 2745 1494 2763 ac
1509 2735 1625 2762 easdem
1643 2734 1856 2768 compositione
1877 2732 2031 2760 amicabili
2052 2733 2099 2758 vel
2119 2732 2230 2766 judicio

1260 2868 1278 2890 1.
1299 2866 1340 2890 On
1357 2870 1464 2892 trouve,
1481 2865 1548 2887 dans
1565 2864 1589 2886 Ia
1607 2863 1682 2893 pic-ce
1699 2862 1767 2888 3049,
1784 2862 1809 2884 Ia
1825 2861 1910 2884 forme
1923 2859 2057 2890 complete
2074 2859 2108 2882 du
2122 2867 2183 2883 nom
2196 2859 2229 2882 de

1226 2918 1256 2934 ce
1272 2916 1453 2940 persoun:1gc,
1468 2908 1590 2937 designo,
1608 2913 1712 2930 comme
1729 2906 1773 2933 ici,
1791 2905 1942 2928 seulement
1960 2911 2008 2933 par
2020 2910 2069 2926 son
2084 2903 2186 2925 iniuale
2199 2905 2228 2930 D,

1226 2955 1294 2978 dans
1311 2956 1348 2976 les
1365 2953 1454 2983 pii-ces
1470 2952 1610 2975 Rsts-352-2.
1631 2951 1698 2974 Von-
1714 2950 1787 2972 aussi
1805 2949 1842 2971 les
1856 2948 2002 2971 Additions
2014 2950 2040 2969 et
2052 2947 2228 2970 Corrections

1226 3006 1259 3022 au
1277 3003 1349 3021 tome
1365 2998 1398 3021 11.

2093 3047 2108 3071 S
