2553 3526
281 303 337 331 *275
1007 299 1244 330 REulsTREs
1269 298 1322 327 DE
1346 291 1567 328 GREGCHRE
1592 300 1650 329 IX.
2324 303 2381 331 ‘27ss

280 369 411 397 dilectis
434 368 511 396 tiliis
538 368 775 397 mercatoriluis
799 367 957 397 Romanis
986 389 1005 395 ..
1029 366 1287 403 e1.›iscopo.tunc

280 423 393 452 electo.
414 422 553 451 Metensi
570 422 758 450 dederimus
777 421 898 449 nostris
915 420 1035 449 litteris
1052 418 1236 448 districtius
1253 417 1287 446 in

279 475 452 513 preceptis.
473 479 505 503 ut
524 474 573 503 vel
592 474 715 503 eisdem
734 474 973 503 mercatoribus
991 481 1049 501 seu
1066 470 1288 509 procuratori-

281 528 341 557 bus
360 528 519 565 ipsorum,
540 527 625 564 apud
642 526 825 557 T1·ecas.dt=
844 526 940 554 tertia
959 529 1048 563 parte
1069 524 1167 553 totius
1185 523 1287 552 debiti

279 581 509 619 comprehensi
543 581 576 609 in
608 580 845 617 compositione
877 580 963 608 sacta
995 579 1081 607 inter
1111 578 1217 615 ipsos,
1251 586 1287 606 ex

278 638 369 672 parte
397 642 471 664 una.
498 637 526 660 et
553 633 636 661 lione
661 632 818 661 memorie
839 655 857 660 ..
878 632 1058 660 Metensem
1085 630 1285 667 episcsquun.

278 687 542 724 pred·-cessorem
561 694 669 714 suuni.
695 694 731 714 ex
750 684 863 714 altera.
883 684 1046 713 mediante
1065 683 1146 712 lione
1164 691 1288 711 memo-

278 740 325 768 rie
342 738 503 777 T[lioma].
522 737 610 766 tituli
623 740 742 767 Sancte
760 737 881 767 Saliine
895 736 1078 774 presbitero
1095 735 1286 771 cardinali*⁷

278 801 376 829 super
392 791 451 820 hoc
474 802 489 819 a
515 791 610 820 nobis
630 790 779 819 auditore
797 799 963 820 concesso.
985 788 1286 827 proportionaliter,

277 849 368 882 prout
385 852 548 882 quemque
566 843 739 878 contingit.
758 852 816 880 pro
832 847 903 871 rata
920 842 1076 879 temporis
1089 842 1157 880 jam
1170 841 1285 878 elapsi.

273 898 364 936 juxta
382 902 527 926 tenorem
544 896 793 933 compositionis
811 895 969 933 ejusdem.
984 895 1070 923 inl'ra
1084 904 1138 923 sex
1156 902 1287 923 menses

277 961 293 979 a
311 950 498 987 receptione
524 949 710 978 litterarum
735 952 933 979 nostrarum.
958 957 1031 976 cum
1047 947 1148 985 justis
1166 951 1196 975 et
1219 955 1287 975 mo—

276 1003 399 1033 deratis
418 1002 570 1040 expensis
588 1006 618 1031 et
635 1011 781 1037 congrua
798 1001 1039 1031 restauratione
1057 1001 1285 1038 dampnorum.

277 1057 469 1086 satisfacere
487 1060 688 1093 procuraret.
710 1054 760 1084 vel
777 1055 865 1083 infra
882 1054 1021 1083 eundem
1041 1053 1218 1082 terminum
1234 1062 1287 1082 co-

278 1119 345 1139 rant
366 1109 460 1138 nobis
477 1108 697 1146 personaliter
717 1112 931 1145 compareret.
954 1106 1193 1136 mercatoribus
1207 1106 1287 1143 ipsis

277 1163 539 1192 satisfactionem
567 1161 749 1199 plenariam
773 1161 997 1199 impensurus,
1022 1160 1142 1189 dilecto
1170 1159 1238 1188 tilio
1267 1182 1286 1187 ..

276 1216 386 1245 abbati
404 1215 565 1245 Dei-vensi
583 1224 639 1252 per
656 1214 778 1252 scripta
792 1219 904 1243 nostra
914 1213 1109 1243 mandantes
1124 1218 1169 1245 ut,
1182 1213 1287 1242 eidem

276 1269 379 1298 electo
405 1269 567 1307 predictas
590 1267 717 1297 litteras
742 1267 961 1305 personaliter
983 1271 1233 1304 representatis.
1261 1265 1288 1294 si

275 1323 315 1351 ad
349 1322 564 1351 monitionem
593 1322 664 1359 ejus
691 1321 779 1349 infra
810 1320 1029 1358 prescriptum
1064 1324 1191 1357 tempus
1224 1327 1287 1348 non

276 1375 429 1413 impleret
445 1374 584 1403 alterum
602 1373 836 1411 predictorum.
857 1373 944 1402 idem
963 1377 1081 1401 extunc
1099 1372 1187 1401 infra
1201 1380 1288 1401 men-

277 1437 346 1458 sem
364 1432 537 1466 postquam
559 1436 657 1464 super
682 1426 739 1455 lioc
763 1430 850 1455 esset
869 1434 887 1454 a
903 1425 1005 1455 latore
1022 1425 1209 1454 litterarum
1228 1424 1290 1453 1111-

272 1481 419 1520 jusmodi
437 1479 629 1518 requisitus.
645 1479 679 1508 111
697 1488 771 1508 eum
789 1478 1143 1508 excommunicationis
1160 1482 1289 1508 senten-

279 1535 357 1564 tiam
375 1533 609 1572 promulgaret.
626 1536 657 1562 et
674 1533 796 1561 faceret
813 1541 895 1567 eam,
917 1531 1135 1569 appellatione
1153 1536 1287 1565 remota,

277 1596 382 1626 usque
406 1587 445 1615 ad
472 1585 734 1615 satisfactionem
758 1585 956 1622 condignam
976 1584 1215 1614 inviolaljtiliter
1232 1584 1289 1614 ol]-

278 1641 403 1671 servari
420 1651 426 1668 :
445 1640 552 1669 dictus
568 1639 680 1669 abhas.
697 1639 843 1668 mandati
853 1639 957 1668 nostri
968 1638 1111 1675 diligens
1124 1643 1286 1668 executor.

279 1694 358 1733 quia
371 1693 458 1723 idem
476 1692 599 1722 electus
614 1697 769 1721 neutrum
782 1691 901 1721 horum
913 1692 1041 1721 efficere
1059 1691 1173 1720 voluit.
1193 1692 1290 1721 obau-

277 1748 356 1777 ditis
374 1747 497 1776 nostris
515 1751 545 1776 et
562 1746 668 1783 ipsius
689 1745 817 1774 abbatis
836 1745 972 1774 monitis
988 1745 1081 1783 juxta
1098 1745 1289 1774 mandatum

278 1800 496 1839 apostolicum
518 1799 706 1832 inculcatis,
726 1798 811 1829 tulit.
830 1799 980 1835 exigente
1000 1798 1141 1836 justitia.
1162 1807 1291 1827 excom-

278 1854 516 1884 municationis
547 1853 748 1882 sententiam
779 1853 812 1881 in
849 1852 1007 1882 eundem.
1042 1861 1180 1890 eamque
1213 1851 1291 1881 fecit

279 1907 506 1946 sollempniter
517 1906 691 1945 publicari.
706 1910 802 1943 prout
814 1906 847 1934 in
863 1906 1011 1944 ejusdem
1024 1905 1152 1935 abbatis
1169 1905 1290 1934 litteris

277 1960 438 1990 consectis
455 1959 571 1989 exinde
585 1959 812 1997 perspeximus
825 1959 999 1988 contineri.
1019 1959 1127 1994 Quare
1143 1958 1290 1996 Angelus

277 2013 443 2045 Johannis
469 2012 615 2050 Iilperini
641 2016 671 2041 et.
691 2011 879 2049 stephanus
901 2011 1098 2046 Cafarellus,
1119 2012 1207 2041 cives
1225 2013 1291 2041 Ro-

280 2067 381 2096 mani.
401 2076 458 2104 pro
475 2075 587 2095 eorum
605 2069 696 2103 parte
714 2074 776 2103 que
796 2065 829 2093 in
844 2064 965 2094 litteris
982 2065 1066 2094 dicte
1084 2065 1290 2102 compositio-

281 2121 332 2149 nis
357 2120 555 2149 continetur.
583 2118 678 2148 nohis
701 2118 872 2147 humiliter
901 2118 1130 2156 supplicarunt
1153 2123 1187 2146 nt,
1212 2127 1291 2147 ean-

279 2174 352 2202 dem
381 2172 580 2202 sententiam
614 2171 712 2200 robur
742 2171 929 2200 faceremus
960 2171 1129 2200 firmitatis
1156 2170 1289 2200 halvere.

278 2226 441 2263 Quocirca
452 2225 648 2254 mandamus
663 2228 838 2262 quatenus.
853 2224 1051 2253 sententian]
1065 2224 1170 2262 ipsam
1186 2233 1291 2262 usque

280 2280 320 2309 ad
345 2279 608 2309 satisfactionem
637 2277 820 2316 plenariam
845 2277 1040 2307 auctoritate
1069 2282 1181 2307 nostra
1208 2277 1291 2306 irre-

280 2332 488 2370 fragabiliter
504 2331 685 2360 observari.
707 2330 836 2360 sublato
861 2329 1091 2368 appellationis
1109 2329 1289 2361 obstaculo.

280 2386 419 2419 faciens,
454 2393 525 2414 eam
557 2383 700 2421 singulis
733 2383 850 2412 diebus
881 2383 1058 2412 dominicis
1085 2388 1115 2412 et
1146 2383 1289 2412 festivis,

282 2439 422 2477 pulsatis
439 2437 609 2475 campanis
627 2441 657 2466 et
678 2435 826 2466 candelis
845 2436 1006 2466 accensis.
1025 2445 1081 2474 por
1101 2436 1291 2465 Virdunen-

283 2501 362 2522 sem.
378 2491 579 2521 Tullensem.
602 2491 784 2519 Metensem
802 2494 832 2519 et
850 2488 1154 2520 Catlialaunensem
1174 2489 1291 2518 civita-

283 2551 330 2575 tes
348 2549 378 2574 et
394 2544 541 2573 dioceses
559 2542 689 2581 publice
707 2542 907 2575 innovando,
926 2546 957 2571 et
971 2542 1053 2571 alias
1070 2542 1290 2579 aggravando,

281 2602 377 2636 prout
391 2597 574 2635 pertinacia
590 2596 696 2634 ipsius
712 2596 869 2633 exegerit,
887 2604 1006 2625 manus
1021 2600 1105 2629 tuas,
1124 2595 1291 2625 civitatem

284 2652 477 2684 Metensem,
496 2655 526 2679 et
543 2649 608 2679 alia
624 2649 695 2679 loca
712 2649 872 2679 Metensis
889 2649 1031 2678 diocesis
1048 2649 1087 2677 ad
1104 2658 1167 2687 que
1183 2649 1291 2687 ipsum

283 2703 438 2733 devenire
457 2703 645 2740 contigerit.
670 2702 828 2740 quamdiu
853 2702 899 2731 ibi
923 2702 1033 2737 suerit,
1055 2711 1220 2740 supponas
1240 2711 1292 2732 ec-

282 2756 469 2786 clesiastico
499 2755 688 2785 interdicto.
719 2756 894 2789 Ceterum,
927 2755 1006 2793 quia
1040 2764 1136 2785 nemo
1166 2755 1293 2793 cogitur

283 2809 425 2848 propriis
449 2808 624 2846 stipendiis
650 2808 805 2843 militare,
831 2817 990 2846 expensas
1014 2809 1149 2846 quasin
1177 2809 1294 2848 hujus-

283 2862 371 2892 modi
389 2862 619 2900 prosecutione
643 2861 767 2898 negotii
790 2861 979 2890 necessario
995 2861 1172 2899 contigerit
1191 2867 1220 2892 te
1237 2871 1293 2892 su-

317 2975 336 2998 1.
354 2975 394 2998 Os.
412 2981 508 3003 supra,
526 2978 545 2999 t.
562 2973 610 3003 111,
628 2974 679 2997 col.
700 2973 751 3003 158,
769 2977 832 2997 note
851 2974 870 3001 1,
888 2977 913 2997 et
930 2974 980 2997 eol.
998 2974 1053 3003 214,
1070 2978 1133 2998 note
1151 2975 1171 2998 1.

1373 364 1454 397 hire.
1473 365 1577 394 facias
1596 365 1655 394 tibi
1676 366 1715 396 de
1734 367 1830 396 honis
1849 367 2057 404 episcopatus
2074 367 2232 397 Metensis
2254 367 2381 406 integre

1371 418 1568 447 ministrari.
1587 419 1854 449 Contradictores
1871 437 1919 448 —.
1936 420 2009 449 Non
2026 420 2201 459 ob[stante]
2220 421 2382 451 constitu-

1372 470 1460 500 tione
1489 470 1527 500 de
1550 471 1678 501 duabus
1704 472 1802 502 dietis
1825 472 1913 502 edita
1937 472 1971 501 in
1995 472 2135 502 concilio
2163 473 2323 510 generali.
2351 479 2382 504 et

1371 524 1457 562 quod
1481 525 1514 553 in
1540 526 1778 563 compositione
1801 526 1959 564 jamdicta
1985 534 2049 555 non
2078 526 2273 564 exprimitur
2294 532 2383 556 certa

1370 578 1540 616 quantitas
1557 579 1654 608 annis
1671 579 1814 616 singulis
1832 579 2020 609 exolvenda.
2041 579 2091 608 vel
2108 579 2194 617 quod
2210 580 2245 608 in
2261 580 2382 617 priori—

1370 631 1431 660 bus
1447 630 1568 661 litteris
1586 632 1709 662 nostris
1730 641 1885 670 expressa
1903 632 2065 662 dictorum
2087 637 2305 662 mercatorum
2323 642 2382 663 no-

1370 684 1461 713 mina
1487 693 1550 713 non
1575 686 1720 717 suerunt.
1747 687 1793 715 et¹
1821 685 1953 719 litteris,
1983 685 2010 714 si
2033 694 2096 723 que
2121 686 2335 722 apparuerint
2364 696 2382 715 a

1371 737 1453 766 Sede
1478 737 1667 775 Apostolica
1690 738 1875 777 impetrate.
1900 738 1934 767 Si
1960 747 2046 770 vero.
2071 738 2157 776 quod
2186 747 2249 768 non
2275 739 2381 769 credi-

1370 798 1454 823 mus.
1474 795 1630 820 executus
1646 800 1709 821 non
1723 792 1828 821 fueris
1842 801 1904 830 que
1922 792 2130 826 mandamus,
2148 801 2222 820 cum
2239 791 2381 821 alienam

1370 842 1499 880 eulpam
1518 847 1607 871 tuam
1625 844 1769 874 videaris
1786 844 1915 874 efficere
1929 853 1986 882 per
2002 853 2213 879 consensum,
2230 844 2382 874 volumus

1370 900 1401 925 et
1417 896 1566 925 districtc.
1591 897 1650 925 ubi
1676 897 1876 935 precipimus
1900 902 1934 926 ut
1957 906 2140 935 suspensus
2164 897 2383 935 personaliter

1370 949 1409 978 ad
1428 954 1573 978 nostram
1600 950 1736 979 accedas
1758 951 1976 988 presentiam.
2002 950 2195 980 meritorum
2217 950 2383 988 stipendia

1370 1007 1580 1040 recepturus:
1605 1003 1701 1032 nohis
1721 1003 1879 1041 quicquid
1900 1003 2018 1032 feceris
2038 1003 2077 1032 de
2095 1003 2249 1033 omnibus
2266 1013 2383 1042 supra-

1370 1055 1478 1089 dictis,
1496 1065 1554 1094 per
1573 1056 1728 1085 nuntium
1750 1061 1970 1085 mercatorum
1996 1056 2143 1094 ipsorum
2164 1056 2306 1086 fideliter
2330 1066 2383 1086 re-

1370 1109 1556 1138 scribendo.
1576 1110 1646 1139 Dat.
1668 1109 1834 1143 Laterani.
1848 1110 1892 1139 VI
1910 1109 2169 1148 kalendasjulii,
2185 1118 2271 1138 anno
2288 1119 2383 1148 quar-

1371 1162 1544 1192 todecimo.
1565 1176 1577 1187 n

1442 1322 1563 1350 5238

1408 1385 1596 1412 Landavensi
1623 1385 1771 1419 episeopo,
1799 1385 1979 1419 significanti
2007 1386 2083 1419 quod
2108 1385 2238 1419 plurium
2264 1386 2382 1412 Lauda-

1965 1323 2085 1355 Latran.
2104 1323 2135 1349 19
2150 1323 2214 1356 juin
2233 1323 2310 1349 1240.

1372 1434 1471 1460 vensis·
1487 1434 1628 1460 dioecesis
1641 1434 1830 1460 eeclesiarum
1844 1434 1937 1468 ipsius
1954 1434 2083 1468 episcopi
2098 1433 2299 1467 jurisdictioni
2314 1433 2383 1461 sub-

1371 1484 1531 1516 jectarum,
1556 1483 1626 1509 adeo
1650 1486 1751 1509 tenues
1777 1486 1804 1509 et
1829 1483 1920 1509 exiles
1942 1485 2102 1516 pmwentus
2123 1485 2224 1514 erant,
2250 1483 2325 1516 quod
2349 1482 2384 1509 de

1373 1532 1444 1566 ipsis
1474 1534 1598 1558 rectores
1623 1532 1782 1558 earundem
1810 1540 1866 1557 non
1892 1534 2026 1565 poterant
2052 1531 2224 1562 sustentari,
2249 1546 2280 1549 —
2306 1532 2384 1558 unde

1372 1581 1562 1615 contingebat
1583 1581 1657 1614 quod
1674 1581 1767 1614 aliqui
1785 1589 1818 1607 ex
1837 1581 1946 1607 eisdem
1964 1581 2127 1607 rectoribus
2144 1581 2335 1607 residentiam
2354 1581 2383 1607 in

1374 1630 1434 1656 illis
1458 1629 1590 1656 ecelesiis
1612 1631 1706 1655 faeere
1723 1637 1779 1655 non
1798 1631 1943 1662 poterant.
1968 1632 1996 1655 et
2016 1629 2118 1657 etiam.
2143 1637 2209 1654 enni
2227 1629 2383 1658 vacabant.

1372 1679 1423 1705 vix
1441 1678 1642 1712 reperiebatur
1655 1678 1703 1711 qui
1727 1678 1856 1712 ipsarum
1875 1678 2066 1704 ecclesiarum
2084 1678 2214 1711 regimen
2232 1678 2323 1704 vellet
2338 1686 2385 1704 as-

1373 1736 1497 1757 sumere.
1516 1742 1547 1745 —
1565 1729 1593 1753 et
1605 1726 1767 1760 postulanti
1784 1726 1937 1752 licentiam
1955 1726 2027 1752 duas
2040 1727 2086 1753 vel
2100 1729 2157 1753 tres
2174 1734 2208 1752 ex
2224 1727 2385 1753 antedictis

1373 1777 1506 1803 ecelesiis
1532 1775 1670 1807 uniendi,
1695 1775 1831 1801 coneedit
1857 1778 1889 1801 nt
1916 1775 1983 1802 illas
2005 1783 2039 1801 ex
2062 1775 2222 1809 praedictis
2252 1775 2384 1802 ecclesiis

1373 1826 1458 1851 unire
1474 1826 1584 1856 valeat,
1599 1832 1723 1858 quarum
1747 1824 1869 1850 evidens
1887 1824 2046 1850 necessitas
2062 1827 2090 1851 et
2106 1824 2222 1850 utilitas
2238 1824 2267 1850 icl
2282 1832 2386 1858 expos-

1373 1878 1429 1901 cat.
1448 1890 1478 1892 —
1496 1875 1582 1904 (Ram.
1608 1873 1653 1904 20,
1679 1875 1698 1899 1⁴.
1725 1873 1758 1899 19
1783 1876 1820 1903 r‘';
1843 1882 1913 1900 ann.
1931 1873 2013 1902 XIV.
2030 1882 2054 1899 e.
2072 1873 2147 1903 107.)

1416 1989 1427 2002 ι(
1455 1999 1474 2004 ..
1500 1976 1692 2004 Lambavensi
1714 1976 1859 2013 episcopo.
1881 1974 2085 2012 significasti
2105 1974 2200 2004 nobis
2223 1974 2310 2012 quod
2334 1992 2383 2003 —.

1374 2031 1446 2058 Dat.
1477 2028 1643 2063 Laterani.
1675 2029 1758 2058 XIII
1787 2027 1947 2057 kalendas
1969 2027 2062 2066 julii,
2095 2036 2181 2056 anno
2209 2027 2385 2066 quartode-

1374 2091 1468 2111 cimo.
1494 2094 1505 2107 »

1445 2241 1565 2269 5233

1411 2304 1554 2338 Episcopo
1578 2303 1753 2331 Carnotensi
1779 2303 1901 2330 mandat
1927 2305 2071 2337 quatenus
2094 2304 2254 2336 proventus
2279 2302 2328 2336 qui
2352 2302 2382 2328 in

1375 2353 1549 2379 t'arnotensi
1569 2353 1693 2379 eeclesia
1716 2360 1749 2378 ex
1771 2351 1986 2378 anniversariis
2004 2351 2211 2378 defunctorum
2233 2350 2383 2378 habeban-

1375 2406 1432 2432 tur.
1449 2402 1479 2428 111
1496 2402 1568 2428 ‹luas
1583 2401 1731 2435 portiones
1745 2401 1873 2432 dividat.
1884 2409 2007 2434 quarum
2024 2408 2112 2426 unam
2131 2399 2160 2426 in
2171 2399 2286 2433 vigiliis
2299 2402 2328 2427 et
2342 2401 2383 2426 al<

1374 2455 1466 2478 teram
1485 2451 1514 2476 in
1538 2451 1636 2477 missis
1653 2451 1730 2476 inter
1749 2450 1905 2476 canonicos
1921 2449 2051 2483 ejusden]
2070 2448 2210 2475 eeclesiae
2227 2449 2382 2482 partiatur,

1375 2504 1401 2525 et
1419 2500 1533 2526 eosdem
1552 2499 1708 2526 canonicos
1725 2500 1883 2533 compellat
1907 2502 1939 2525 ut
1963 2499 2070 2525 missae
2090 2497 2195 2531 majori
2210 2500 2238 2524 et
2254 2498 2322 2524 aliis
2338 2498 2384 2525 di-

1375 2548 1454 2574 vinis
1469 2548 1547 2574 horis
1562 2548 1710 2574 intersint.
1729 2563 1760 2565 —
1778 2548 1864 2579 (nm.
1882 2547 1925 2579 20,
1945 2548 1964 2573 Γ.
1983 2547 2015 2573 19
2031 2550 2070 2579 1’“;
2087 2555 2156 2573 ann.
2174 2546 2256 2579 XIV,
2272 2555 2296 2572 c.
2316 2546 2383 2579 1083

1376 2612 1406 2614 —
1425 2597 1556 2623 MonEAU
1573 2596 1652 2627 1193,
1671 2598 1690 2623 t'.
1708 2597 1764 2627 63.)

1953 2241 2074 2273 Latran,
2089 2240 2104 2267 '2
2119 2240 2217 2274 juillet
2232 2240 2310 2267 1240.

1418 2711 1429 2723 1(
1451 2721 1472 2726 ..
1490 2699 1624 2735 episcopo
1638 2699 1830 2727 Carozotensi.
1848 2697 1893 2727 Ex
1905 2696 2011 2726 relatu
2025 2695 2137 2726 dilecti
2153 2695 2214 2725 filii
2231 2719 2250 2725 ..
2269 2696 2385 2726 decani

1376 2751 1589 2781 Carnotensis
1608 2751 1769 2780 mirantes
1786 2750 1973 2788 accepimus
1993 2749 2090 2788 quod,
2113 2758 2187 2778 cum
2206 2753 2385 2787 proventus

1377 2805 1433 2843 qui
1460 2805 1494 2834 in
1518 2804 1717 2835 Carnotensi
1739 2803 1880 2834 ecclesia
1900 2803 2065 2833 habentur
2083 2811 2119 2832 ex
2143 2802 2385 2832 anniversariis

1377 2857 1619 2892 defunctorum,
1638 2857 1672 2886 in
1690 2866 1803 2887 eorum
1821 2856 1946 2894 vigiliis
1970 2856 2056 2885 inter
2078 2855 2185 2893 ipsius
2209 2855 2386 2885 canonicos

1410 2977 1429 3001 l.
1447 2977 1467 3000 ΙΙ
1483 2977 1541 3000 faut.
1558 2977 1690 3000 entendre
1708 2984 1713 3000 1
1731 2985 1743 2999 «
1760 2983 1815 3000 non
1831 2976 2005 3000 obstantibus
2022 2976 2129 2999 litteris.
2147 2984 2159 2997 1>
