2553 3526
202 303 260 336 585
991 306 1205 337 REGISTRE
1228 305 1283 335 DE
1306 298 1516 338 PEROUSE.
2245 318 2303 347 585

202 372 264 402 bus
281 372 467 401 sitientium
486 372 630 401 animam
648 373 719 411 ejus
733 373 889 411 eripiens,
908 373 988 402 fovit
1004 372 1166 411 pupillum
1181 376 1211 401 et

202 425 350 463 provexit
374 425 532 461 adultum,
559 426 683 455 frustra
708 425 801 455 vobis
828 426 1011 455 niteremur
1036 434 1208 464 exponere,

201 477 260 516 qui
274 478 334 508 hec
348 478 441 508 scitis
455 479 646 516 perfectius,
663 479 748 508 sicut
761 479 939 513 credimus,
953 488 1052 517 quam
1066 479 1104 509 de
1121 477 1211 507 facili

203 530 310 561 valeat
331 531 509 566 recenseri,
533 531 684 570 quamvis
706 536 737 561 et
759 531 863 561 multa
887 531 926 561 de
949 531 1045 561 bonis
1069 530 1211 569 propriis

202 583 351 614 Ecclesia
375 584 567 622 expenderit
586 593 643 622 pro
664 584 789 615 eodem.
811 593 874 622 que
896 584 1058 622 [minime]
1082 583 1120 612 ad
1139 592 1212 612 ves-

202 640 287 665 tram
311 637 462 666 notitiam
490 642 721 675 pervenerunt.
744 637 806 667 Sed
828 637 909 674 ipse,
933 637 1000 666 Deo
1019 640 1050 665 et
1066 635 1212 665 homini-

201 689 264 719 bus
288 690 390 727 gratis
414 690 576 727 ingratus.
603 690 716 719 filialis
741 689 926 719 devotionis
947 689 1081 719 oblitus,
1110 689 1212 718 immo

199 742 386 779 dedignans
417 751 451 772 se
484 742 587 771 filium
619 751 854 780 recognoscere
884 742 1033 771 omnium
1062 741 1210 772 fidelium

199 794 329 826 Christi
347 796 475 830 matris,
496 805 566 825 eam
585 800 736 833 patenter
751 795 935 833 impugnat,
949 795 1037 830 dum,
1058 804 1121 825 non
1137 804 1211 824 con-

200 851 312 878 tentus
330 848 417 886 quod
438 849 607 886 negotium
623 849 722 878 Terre
744 849 862 878 Sancte
885 848 1034 878 studiosa
1055 848 1212 885 maligni-

200 905 266 931 tate
287 901 551 939 irreparabiliter
574 902 642 931 fere
666 902 826 935 confudit,
852 911 939 931 nunc
964 907 1083 931 terram
1108 902 1211 939 patri-

201 954 306 984 monii
331 954 418 984 beati
446 955 546 989 Petri,
577 964 641 984 non
666 959 731 984 tam
752 955 880 984 viribus
901 964 1000 993 quam
1024 954 1210 989 fraudibus,

198 1007 365 1044 corruptis
395 1007 596 1045 quibusdam
631 1007 891 1037 habitatoribus.
925 1007 1002 1037 fecit
1036 1006 1149 1036 invadi
1181 1011 1211 1035 et

160 1066 168 1070 ·
198 1059 308 1089 adhuc
330 1064 418 1090 tenet
437 1060 598 1096 invasam,
619 1060 706 1089 vires
728 1065 758 1089 et
775 1060 908 1090 fraudes
929 1060 1101 1089 inhianter
1116 1068 1210 1088 exer-

198 1121 278 1143 cens
295 1112 336 1142 ad
351 1112 451 1142 aliam
468 1113 703 1151 occupandam,
724 1113 898 1143 immemor
914 1113 1067 1146 forsitan,
1087 1112 1137 1142 vel
1155 1121 1212 1150 po-

199 1165 267 1196 tius
290 1165 500 1195 voluntarius
523 1165 680 1200 violator,
705 1165 835 1204 prestiti
855 1164 1054 1203 juramenti,
1075 1173 1139 1203 quo
1167 1168 1211 1194 te-

198 1223 298 1249 netur
320 1218 505 1257 predictum
523 1218 760 1257 patrimonium
778 1227 833 1256 pro
851 1218 978 1247 viribus
997 1217 1209 1252 defensam-0¹3

198 1280 260 1301 nec
271 1271 388 1306 adhuc,
403 1271 489 1301 sicut
505 1271 637 1306 dicitur,
656 1271 761 1300 ascire
778 1280 860 1309 qnos
878 1270 982 1308 potuit
999 1271 1032 1299 in
1049 1270 1212 1299 Teutonia

197 1324 264 1355 sibi
285 1324 409 1354 desinit
428 1325 467 1354 ad
491 1324 674 1354 Ecclesiam
696 1323 968 1361 impugnandam,
988 1323 1084 1361 quasi
1106 1323 1210 1352 modi-

196 1386 273 1407 cum
299 1377 351 1406 illi
376 1377 418 1407 sit
447 1377 592 1407 scienter
616 1377 762 1406 animam
788 1385 881 1406 suam
910 1376 1056 1414 perdere,
1086 1375 1152 1404 nisi
1180 1380 1209 1405 et

195 1429 368 1468 pertrahat
384 1429 467 1459 alias
489 1429 530 1459 ad
545 1429 760 1468 perdendum.
778 1429 860 1458 Cum
880 1429 982 1466 igitur
1004 1437 1068 1458 non
1093 1429 1134 1457 sit
1154 1429 1209 1457 de-

196 1482 372 1513 ferendum
390 1482 519 1512 homini
538 1486 653 1512 contra
673 1483 789 1516 Deum,
815 1482 868 1511 cni
892 1486 940 1511 est
961 1486 1075 1511 contra
1095 1490 1209 1510 omnes

196 1534 350 1566 homines
381 1535 608 1571 deferendum,
640 1544 699 1565 nec
728 1538 879 1565 teneatur
908 1534 983 1573 quis
1010 1534 1138 1572 preciso
1170 1534 1209 1563 ab

197 1587 345 1619 Ecclesie
362 1597 498 1627 corpore
513 1588 660 1623 obedire,
681 1588 738 1618 sed
755 1588 864 1626 potius
882 1587 1055 1625 refragari,
1074 1588 1210 1616 univer-

196 1641 332 1672 sitatem
362 1646 507 1671 vestram
534 1650 688 1679 rogamus
720 1646 751 1670 et
780 1650 953 1671 monemus
984 1645 1118 1675 attente,
1154 1651 1210 1679 per

196 1694 378 1733 apostolica
401 1695 524 1733 scripta
546 1694 742 1724 mandantes
767 1695 936 1732 quatinus,
963 1698 1118 1732 tanquam
1149 1694 1209 1723 tilii

195 1747 441 1778 benedictionis
459 1752 490 1778 et
513 1748 618 1786 gratie
637 1749 689 1786 pie
707 1748 805 1777 matri
830 1747 943 1776 filialis
963 1752 1115 1785 gerentes
1137 1748 1207 1777 sin-

195 1800 346 1831 ceritatis
369 1801 535 1835 affectum,
556 1801 647 1830 nulla
669 1810 724 1830 vos
748 1801 922 1839 patiamini
944 1801 1058 1829 fraude
1082 1801 1207 1831 seduci,

197 1853 290 1883 nulla
306 1853 440 1883 fallacia
457 1853 699 1885 circumscribi,
722 1854 900 1892 quominus
917 1862 974 1891 pro
989 1853 1136 1883 Ecclesia
1154 1864 1209 1891 po-

196 1910 305 1936 tenter
326 1906 526 1936 inssexibiles
548 1907 747 1944 persistatis,
778 1906 844 1935 hiis
866 1916 928 1944 que
952 1906 1093 1936 dilectus
1119 1906 1208 1936 iilius

197 1963 310 1990 noster
326 1959 438 1998 O[tto].
453 1960 567 1990 Sancti
583 1959 713 1989 Nicolai
732 1959 764 1988 in
782 1960 921 1990 C'dl'Cel'e
933 1959 1085 1989 Tulliano
1100 1959 1209 1989 diaco-

197 2021 260 2042 nus
277 2012 469 2047 cardinalis,
483 2012 671 2050 Apostolice
689 2013 784 2042 Sedis
800 2012 938 2049 legatus,
956 2012 1048 2041 vobis
1066 2022 1102 2042 ex
1119 2017 1209 2050 parte

197 2071 311 2096 nostra
329 2071 497 2104 proponet,
514 2066 734 2095 indubitatam
751 2065 905 2094 fiduciam
924 2065 1122 2096 adhibendo.
1142 2066 1209 2095 Nos

196 2119 287 2149 enim
305 2119 465 2158 quicquid
486 2119 556 2157 ipse
574 2119 756 2153 vobiscum,
777 2119 972 2156 disponente
990 2119 1142 2151 Domino,
1162 2120 1210 2148 fe-

196 2172 291 2203 cerit,
323 2172 525 2207 curabimus,
565 2176 697 2201 auctore
731 2173 809 2202 Deo.
844 2172 984 2201 tirmiter
1020 2171 1208 2206 observare,

196 2224 349 2264 aliasque
372 2225 546 2255 universos
572 2229 603 2255 et
624 2224 774 2261 singulos
802 2225 849 2254 sic
872 2224 1078 2254 intendimus
1100 2224 1210 2262 dignis

198 2278 354 2316 prosequi
382 2278 660 2307 retributionibus
689 2278 882 2315 gratim-mn,
910 2277 1007 2316 quod,
1033 2282 1141 2315 preter
1165 2277 1210 2306 tli-

198 2331 276 2361 vine
294 2331 526 2361 retributionis
544 2330 805 2368 incomparabile
827 2330 990 2367 premium
1013 2330 1100 2368 quod
1118 2330 1210 2359 vobis

197 2383 317 2413 exinde
334 2383 543 2421 comparatis,
563 2382 735 2420 temporali
752 2391 882 2420 quoque
902 2383 1038 2420 possitis
1056 2392 1211 2420 compen-

197 2436 328 2466 satione
347 2436 501 2473 gaudere.
521 2437 593 2465 Dat.
614 2435 754 2471 Pei-usn,
781 2435 878 2465 non-is
899 2435 1109 2473 septembris,
1129 2444 1210 2473 pon-

199 2489 345 2518 tificatus
362 2488 468 2518 nostri
485 2497 571 2518 anno
590 2488 702 2518 tercio.
725 2500 737 2513 »

269 2633 388 2661 (3134

234 2694 311 2722 Duci
332 2694 508 2723 Carinthiae
528 2694 668 2726 scribens,
691 2695 726 2721 de
745 2695 905 2727 Friderieo,
925 2695 1003 2722 dicto
1022 2696 1209 2729 imperatore,

197 2745 400 2779 conqueritur,
430 2744 479 2778 qui
509 2747 617 2771 terram
645 2744 818 2778 patrimonii
844 2743 920 2771 beati
946 2744 1027 2771 Petri
1058 2744 1211 2771 detinebat

195 2796 388 2828 occupatam:
410 2793 494 2820 ducis
515 2801 680 2827 personam,
700 2793 794 2826 parati
816 2801 866 2827 pro
884 2793 1040 2820 tractanda
1056 2792 1212 2819 concordia

691 2632 828 2666 Permise,
847 2634 862 2660 5
879 2633 1045 2668 septembre
1059 2633 1138 2660 1229.

235 2894 254 2918 ἱ.
275 2893 336 2918 Une
349 2893 453 2924 grande
469 2894 556 2924 partie
574 2893 607 2917 de
624 2900 653 2916 ce
671 2900 785 2923 passage
801 2900 830 2916 se
844 2897 941 2917 trouve
960 2893 1029 2923 defi,
1049 2893 1060 2915 :¹1
1079 2900 1131 2923 pou
1150 2893 1211 2923 pres

198 2945 267 2962 avec
283 2939 322 2962 les
342 2939 444 2961 memes
461 2938 650 2968 expressions,
666 2938 733 2961 dans
748 2938 773 2960 la
790 2938 869 2961 lettre
887 2945 940 2960 aux
958 2937 1070 2965 Genois,
1088 2937 1123 2960 du
1141 2937 1211 2960 mois

201 2982 237 3006 de
252 2982 313 3013 juin
328 2982 487 3012 precedent,
504 2982 647 3012 imprimee
662 2982 723 3012 plus
739 2982 804 3005 haut
820 2989 885 3005 sous
903 2982 927 3005 lc
945 2986 972 3004 n⁰
989 2981 1057 3007 6127.

1294 374 1488 406 personaliter
1503 375 1538 401 ad
1563 376 1669 403 Sedeui
1687 378 1886 411 Apostolicam
1913 380 2053 408 laborare,
2075 382 2200 409 libenter
2216 384 2301 410 vide-

1294 424 1353 453 ret;
1371 422 1433 455 ejus
1448 426 1546 450 tamen
1564 425 1726 452 adventum
1749 435 1933 461 nequaquam
1952 429 1977 454 ei
1997 430 2127 462 providit
2145 431 2301 464 injungen-

1294 471 1376 502 dum,
1399 480 1434 497 ne
1460 473 1515 506 ipsi
1539 473 1617 505 duci,
1642 476 1781 502 frustrato
1806 476 1983 503 intentionis
2004 485 2073 503 suae
2095 479 2203 511 trus-tu,
2226 488 2301 514 papa

1293 519 1475 546 confusionis
1502 522 1684 549 occasionem
1716 524 1847 557 ingerere
1877 525 2022 552 videatur.
2050 541 2082 544 —
2110 528 2196 557 (Rae.
2224 529 2300 556 PER.

1294 568 1314 594 f.
1332 568 1366 594 10
1379 572 1412 601 r⁰‚
1432 572 1459 595 n⁰
1473 570 1530 601 34.)

1336 668 1348 681 «
1368 657 1468 685 Nobili
1484 658 1552 686 viro
1570 681 1589 686 ..
1608 659 1679 688 duci
1696 659 1865 689 Carintliie.
1885 661 2078 692 Nobilitatis
2098 668 2152 693 tue
2173 664 2302 694 litteras

1294 708 1391 738 solita
1405 709 1610 747 benignitate
1624 713 1809 750 recepimus
1826 718 1856 743 et
1872 714 2098 746 intelleximus
2112 716 2300 754 diligenter,

1294 761 1520 791 sinceritatem
1536 767 1624 793 tuam
1638 765 1748 803 dignis
1762 766 1796 795 in
1814 767 1954 797 Domino
1968 767 2121 799 laudibus
2139 779 2301 800 commen-

1294 813 1420 849 dantes,
1439 816 1536 854 quod.
1556 821 1621 846 tam
1645 827 1722 856 erga
1744 820 1927 849 Romanam
1950 821 2142 856 Ecclesiam,
2163 828 2302 854 matrem

1294 870 1395 901 tuam,
1423 877 1520 906 quam
1541 878 1618 906 erga
1643 872 1834 909 Imperium,
1854 873 2001 902 debitum
2027 883 2145 911 gerens
2169 876 2245 906 fidei
2272 881 2304 906 et

1294 919 1478 950 devotionis
1492 922 1657 957 affectum,
1672 927 1702 953 te
1718 925 1892 963 utriusque
1907 926 1997 963 pacis
2014 933 2199 965 promptum
2213 930 2303 959 exhi-

1294 972 1351 1001 bes
1371 973 1556 1007 zelatorem,
1576 981 1709 1012 paratus
1725 986 1782 1015 pro
1800 979 1970 1008 tractanda
1991 981 2166 1010 concordia
2186 991 2302 1019 perso-

1295 1024 1415 1054 naliter
1431 1026 1469 1055 ad
1488 1027 1604 1056 Sedem
1626 1029 1849 1066 Apostolicam
1872 1030 2033 1066 laborare,
2053 1042 2117 1062 non
2140 1035 2304 1071 parcendo

1293 1076 1463 1107 laboribus
1476 1078 1525 1108 vel
1538 1081 1703 1117 expensis.
1713 1082 1751 1111 Et
1764 1083 1897 1120 quidem
1910 1084 2052 1113 intentio
2065 1090 2119 1114 tua
2132 1087 2198 1115 Deo
2210 1091 2304 1124 grata

1294 1134 1325 1159 et
1345 1129 1539 1160 bominibus
1557 1138 1605 1161 est
1622 1138 1765 1171 accepta,
1785 1135 1863 1173 quia
1884 1136 1971 1165 beati
1986 1137 2124 1174 pacifici,
2145 1139 2304 1176 quoniam

1294 1181 1355 1211 filii
1379 1183 1438 1212 Dei
1460 1184 1696 1214 vocabuntur&
1715 1186 1778 1215 Sed
1801 1188 1929 1217 utinam
1951 1188 2006 1218 ille
2028 1190 2117 1227 pacis
2143 1191 2301 1227 turbator,

1296 1240 1485 1271 persecutor
1502 1236 1660 1270 Ecclesie,
1683 1238 1723 1267 ad
1739 1248 1794 1268 cor
1811 1240 1953 1274 rediens,
1976 1251 1992 1270 a
2011 1251 2085 1280 quo,
2111 1252 2168 1280 per
2189 1253 2305 1282 super-

1295 1287 1381 1317 biam
1393 1297 1410 1317 a
1425 1289 1565 1318 Domino
1578 1290 1761 1328 elongatus,
1776 1293 1959 1330 periculose
1973 1296 2150 1325 recessisse
2164 1296 2303 1331 videtur,

1295 1340 1392 1369 vellet
1415 1342 1482 1371 Deo
1505 1347 1533 1371 et
1556 1343 1702 1374 Ecclesie
1727 1345 1918 1375 satisfacere
1943 1347 1980 1376 de
2002 1349 2200 1383 commissis,
2226 1359 2305 1379 con-

1294 1393 1433 1423 scientie
1452 1404 1487 1423 ae
1508 1396 1593 1425 fame
1615 1405 1673 1426 sue
1693 1397 1871 1427 salubriter
1892 1399 2105 1430 consulendo.
2125 1406 2303 1440 antequam

1294 1446 1535 1483 desperationis
1562 1453 1679 1486 puteus
1705 1459 1740 1479 os
1767 1460 1863 1480 suum
1890 1453 2016 1489 aperiat
2041 1462 2139 1491 snper
2164 1454 2301 1492 ipsum&

1294 1499 1451 1536 quoniam
1476 1505 1580 1530 mater
1604 1501 1751 1531 Ecclesia
1773 1512 1943 1542 nunquam
1967 1505 2006 1534 ad
2030 1514 2063 1535 se
2088 1506 2306 1537 redeuntibus

1294 1549 1446 1580 claudere
1456 1551 1537 1581 solet
1549 1553 1711 1587 eremium
1721 1555 1864 1592 pietatis,
1873 1556 2002 1594 justitie
2013 1561 2119 1587 tamen
2130 1558 2305 1589 observan-

1294 1603 1339 1632 tia
1352 1605 1592 1642 sempersalva.
1607 1606 1771 1643 Ceterum,
1787 1617 1859 1638 cum
1875 1609 1942 1643 ille,
1959 1619 2021 1639 non
2035 1616 2207 1642 contentus
2220 1613 2306 1651 quod

1295 1657 1463 1694 negotium
1481 1659 1578 1688 Terre
1597 1660 1715 1690 Sancte
1732 1662 1881 1691 studiosa
1903 1663 2108 1701 malignitate
2125 1666 2303 1699 confudit3,

1291 1710 1415 1748 jugiter
1435 1711 1467 1739 in
1494 1721 1553 1741 sua
1574 1713 1702 1743 malitia
1723 1714 1954 1751 obdurescens,
1976 1717 2082 1747 adbuc
2107 1722 2226 1748 terram
2248 1728 2306 1757 pa-

1295 1763 1442 1792 trimonii
1469 1765 1554 1794 beati
1583 1766 1671 1795 Petri
1697 1767 1843 1797 detineat
1867 1775 2057 1806 occupatam
2085 1776 2115 1800 et
2141 1772 2181 1800 ad
2206 1772 2304 1802 aliam

1293 1816 1400 1845 inhiet
1418 1818 1673 1855 occupandanss.
1692 1828 1757 1849 non
1781 1825 1827 1850 est
1846 1830 1919 1859 spes
1936 1823 2163 1852 conversionis
2185 1825 2303 1862 ipsius,

1294 1869 1359 1907 qui,
1381 1870 1554 1900 aversione
1572 1872 1778 1901 contentiosa
1795 1873 1940 1904 rebellis.
1960 1874 2058 1909 ‹fle-„rit
2077 1877 2184 1913 potius
2201 1877 2235 1906 in
2252 1887 2306 1907 su-

1294 1922 1440 1959 perbiam
1462 1922 1595 1958 elevari,
1615 1934 1677 1962 que
1702 1925 1835 1963 quidem
1860 1926 2003 1956 clevatos
2025 1928 2208 1965 deprimere
2226 1939 2306 1959 con-

1294 1975 1413 2005 suevit,
1440 1975 1623 2013 dtqwnente
1654 1978 1720 2007 Deo
1746 1978 1784 2007 de
1811 1979 1886 2008 sede
1914 1980 2072 2017 superbos
2100 1986 2130 2010 et
2160 1982 2305 2013 humiles

1294 2027 1488 2057 exaltante⁵.
1507 2029 1612 2063 Unde,
1630 2029 1705 2059 licet
1720 2040 1894 2068 personam
1910 2037 1997 2061 tuam
2016 2033 2156 2063 libenter
2173 2044 2304 2072 presen-

1296 2080 1418 2110 tialiter
1436 2082 1634 2113 videremus,
1655 2092 1694 2112 ne
1713 2088 1833 2113 tamen.
1854 2085 1892 2115 si,
1912 2090 1983 2122 post
1997 2085 2126 2115 labores
2146 2087 2305 2124 plurimos

1294 2138 1323 2162 et
1347 2143 1516 2171 expensas.
1544 2144 1607 2164 non
1630 2145 1743 2173 posses
1767 2136 1861 2165 illuni
1884 2138 1923 2166 ad
1948 2139 2138 2167 mandatum
2160 2140 2306 2170 Ecclesie

1295 2195 1456 2217 revocare.
1487 2188 1633 2217 studiose
1662 2189 1861 2219 intentionis
1890 2195 1943 2219 tue
1972 2192 2081 2220 fructu
2112 2193 2304 2227 frustratus,

1295 2239 1352 2268 tibi
1372 2246 1541 2277 reputares
1557 2241 1703 2273 illusum,
1720 2243 1898 2272 adventum
1915 2248 2006 2272 tuum
2022 2254 2230 2283 nequa-luam
2246 2247 2304 2275 tibi

1293 2293 1497 2329 providimus
1522 2294 1775 2332 injungendum.
1804 2306 1843 2325 ne
1873 2296 1931 2325 tibi
1955 2298 2163 2327 occasionem
2188 2300 2305 2328 confu-

1294 2345 1399 2374 sionis
1418 2346 1568 2381 ingerere
1584 2348 1790 2383 videi-emm:
1810 2349 1865 2377 sed
1885 2349 1919 2377 in
1940 2353 1993 2377 tua
2017 2354 2123 2378 tamen
2142 2351 2306 2389 relinqui-

1293 2406 1366 2427 mus
1397 2399 1564 2436 opinione,
1599 2409 1638 2429 ne
1670 2401 1758 2437 pacis
1789 2401 1928 2429 consilia
1957 2411 2015 2430 nos
2045 2403 2119 2440 quis
2148 2412 2305 2440 spernere

1293 2452 1491 2488 suspicetur.
1511 2454 1581 2481 Dat.
1603 2458 1636 2483 ut
1655 2463 1762 2491 supra.
1789 2466 1800 2479 »

1365 2595 1483 2622 (5¹35

1330 2657 1473 2689 Romano,
1490 2657 1593 2684 Sancti
1608 2658 1716 2691 Angeli
1733 2658 1855 2685 diacono
1870 2659 2027 2693 cardinali,
2046 2660 2233 2694 Apostolicae
2250 2661 2304 2688 Se-

1788 2597 1924 2629 Perouse,
1941 2598 1957 2623 5
1971 2598 2137 2632 septembre
2154 2599 2230 2625 1229.

1327 2756 1349 2779 1.
1369 2756 1474 2780 MA‘rrn.
1491 2757 1521 2786 V⁷
1540 2758 1562 2780 9.

1325 2802 1348 2825 Q.
1367 2802 1408 2825 Cf.
1426 2801 1531 2825 PsALu.
1549 2801 1675 2830 LXVIII,
1694 2802 1729 2826 16.

1326 2846 1347 2869 3.
1366 2845 1406 2869 Cf.
1424 2852 1522 2875 supra,
1539 2850 1566 2868 [ιο
1583 2845 1651 2869 6133.

1325 2890 1347 2914 4.
1365 2889 1406 2913 Cf.
1422 2896 1519 2917 supra,
1536 2893 1563 2911 n⁰
1580 2889 1640 2913 6133
1655 2896 1661 2912 ε
1680 2898 1691 2912 (ι
1708 2890 1780 2914 vires
1798 2893 1824 2914 et
1840 2891 1952 2915 fraudes
1968 2891 2106 2916 inhianter
2122 2898 2254 2916 exercens
2270 2893 2303 2917 ad

1296 2934 1374 2957 aliam
1395 2933 1592 2963 occupandam.
1612 2943 1622 2954 u

1327 2978 1350 3002 5.
1370 2977 1411 3002 Cf.
1429 2977 1496 3001 Luc.
1514 2978 1533 3006 Ι,
1551 2977 1588 3001 52.
