<?xml version="1.0" encoding="UTF-8"?>
<!DOCTYPE html PUBLIC "-//W3C//DTD XHTML 1.0 Transitional//EN"
    "http://www.w3.org/TR/xhtml1/DTD/xhtml1-transitional.dtd">
<html xmlns="http://www.w3.org/1999/xhtml" xml:lang="en" lang="en">
 <head>
  <title>
</title>
<meta http-equiv="Content-Type" content="text/html;charset=utf-8" />
  <meta name='ocr-system' content='tesseract 3.04.00' />
  <meta name='ocr-capabilities' content='ocr_page ocr_carea ocr_par ocr_line ocrx_word'/>
</head>
<body>
  <div class='ocr_page' id='page_1' title='image "./lesregistresdegr03cathuoft_0069.png"; bbox 0 0 2553 3526; ppageno 0'>
   <div class='ocr_carea' id='block_1_1' title="bbox 0 1250 66 3526">
    <p class='ocr_par' dir='ltr' id='par_1_1' title="bbox 0 1250 66 3526">
     <span class='ocr_line' id='line_1_1' title="bbox 0 1250 66 3526; baseline 0 0"><span class='ocrx_word' id='word_1_1' title='bbox 0 1250 66 3526; x_wconf 95' lang='lat' dir='ltr'> </span> 
     </span>
    </p>
   </div>
   <div class='ocr_carea' id='block_1_2' title="bbox 145 291 2238 339">
    <p class='ocr_par' dir='ltr' id='par_1_2' title="bbox 145 291 2238 339">
     <span class='ocr_line' id='line_1_2' title="bbox 145 291 2238 339; baseline 0.001 -12"><span class='ocrx_word' id='word_1_2' title='bbox 145 299 199 327; x_wconf 82' lang='lat'>117</span> <span class='ocrx_word' id='word_1_3' title='bbox 987 291 1223 331; x_wconf 78' lang='lat' dir='ltr'><strong>TREIZIEME</strong></span> <span class='ocrx_word' id='word_1_4' title='bbox 1246 292 1404 329; x_wconf 70' lang='lat' dir='ltr'>ANNEE.</span> <span class='ocrx_word' id='word_1_5' title='bbox 2186 310 2238 339; x_wconf 74' lang='lat'>113</span> 
     </span>
    </p>
   </div>
   <div class='ocr_carea' id='block_1_3' title="bbox 141 365 1152 836">
    <p class='ocr_par' dir='ltr' id='par_1_3' title="bbox 141 365 1152 836">
     <span class='ocr_line' id='line_1_3' title="bbox 143 365 1149 401; baseline 0 -9"><span class='ocrx_word' id='word_1_6' title='bbox 143 365 231 392; x_wconf 89' lang='lat' dir='ltr'>nibus</span> <span class='ocrx_word' id='word_1_7' title='bbox 250 366 361 393; x_wconf 89' lang='lat' dir='ltr'>damna</span> <span class='ocrx_word' id='word_1_8' title='bbox 377 367 481 401; x_wconf 81' lang='lat' dir='ltr'>gravia</span> <span class='ocrx_word' id='word_1_9' title='bbox 499 369 528 393; x_wconf 79' lang='lat' dir='ltr'>et</span> <span class='ocrx_word' id='word_1_10' title='bbox 550 366 677 400; x_wconf 89' lang='lat' dir='ltr'>injurias</span> <span class='ocrx_word' id='word_1_11' title='bbox 701 367 892 401; x_wconf 78' lang='lat' dir='ltr'>irrogaverat,</span> <span class='ocrx_word' id='word_1_12' title='bbox 916 367 1098 398; x_wconf 74' lang='lat' dir='ltr'><strong>vertebatur,</strong></span> <span class='ocrx_word' id='word_1_13' title='bbox 1122 369 1149 394; x_wconf 89' lang='lat' dir='ltr'>et</span> 
     </span>
     <span class='ocr_line' id='line_1_4' title="bbox 142 414 1149 450; baseline 0 -9"><span class='ocrx_word' id='word_1_14' title='bbox 142 414 179 441; x_wconf 90' lang='lat' dir='ltr'>de</span> <span class='ocrx_word' id='word_1_15' title='bbox 191 415 275 448; x_wconf 89' lang='lat' dir='ltr'>cujus</span> <span class='ocrx_word' id='word_1_16' title='bbox 291 415 419 448; x_wconf 85' lang='lat' dir='ltr'>meritis,</span> <span class='ocrx_word' id='word_1_17' title='bbox 430 415 540 450; x_wconf 84' lang='lat' dir='ltr'>viginti</span> <span class='ocrx_word' id='word_1_18' title='bbox 553 415 641 442; x_wconf 89' lang='lat' dir='ltr'>anuis</span> <span class='ocrx_word' id='word_1_19' title='bbox 656 416 716 449; x_wconf 85' lang='lat' dir='ltr'>jam</span> <span class='ocrx_word' id='word_1_20' title='bbox 732 416 851 450; x_wconf 85' lang='lat' dir='ltr'>elapsis,</span> <span class='ocrx_word' id='word_1_21' title='bbox 868 416 999 443; x_wconf 89' lang='lat' dir='ltr'>nondum</span> <span class='ocrx_word' id='word_1_22' title='bbox 1016 418 1149 450; x_wconf 87' lang='lat' dir='ltr'>potuerat</span> 
     </span>
     <span class='ocr_line' id='line_1_5' title="bbox 141 463 1151 497; baseline 0 -8"><span class='ocrx_word' id='word_1_23' title='bbox 141 463 205 489; x_wconf 90' lang='lat' dir='ltr'>fieri</span> <span class='ocrx_word' id='word_1_24' title='bbox 221 464 310 497; x_wconf 88' lang='lat' dir='ltr'>plena</span> <span class='ocrx_word' id='word_1_25' title='bbox 324 464 406 496; x_wconf 86' lang='lat' dir='ltr'>fides,</span> <span class='ocrx_word' id='word_1_26' title='bbox 425 463 604 491; x_wconf 86' lang='lat' dir='ltr'>audiendam</span> <span class='ocrx_word' id='word_1_27' title='bbox 623 464 786 490; x_wconf 84' lang='lat' dir='ltr'>committit</span> <span class='ocrx_word' id='word_1_28' title='bbox 803 467 831 490; x_wconf 91' lang='lat' dir='ltr'>et</span> <span class='ocrx_word' id='word_1_29' title='bbox 847 464 883 491; x_wconf 86' lang='lat' dir='ltr'>ad</span> <span class='ocrx_word' id='word_1_30' title='bbox 901 463 1007 490; x_wconf 86' lang='lat' dir='ltr'>Sedem</span> <span class='ocrx_word' id='word_1_31' title='bbox 1023 464 1151 496; x_wconf 88' lang='lat' dir='ltr'>Aposto-</span> 
     </span>
     <span class='ocr_line' id='line_1_6' title="bbox 142 510 1150 539; baseline 0 -2"><span class='ocrx_word' id='word_1_32' title='bbox 142 510 232 538; x_wconf 80' lang='lat' dir='ltr'>licam</span> <span class='ocrx_word' id='word_1_33' title='bbox 251 520 318 538; x_wconf 91' lang='lat' dir='ltr'>cum</span> <span class='ocrx_word' id='word_1_34' title='bbox 339 512 478 539; x_wconf 88' lang='lat' dir='ltr'>omnibus</span> <span class='ocrx_word' id='word_1_35' title='bbox 498 512 573 539; x_wconf 86' lang='lat' dir='ltr'>actis</span> <span class='ocrx_word' id='word_1_36' title='bbox 595 512 777 539; x_wconf 84' lang='lat' dir='ltr'>sufficienter</span> <span class='ocrx_word' id='word_1_37' title='bbox 794 513 971 539; x_wconf 79' lang='lat' dir='ltr'>instructam</span> <span class='ocrx_word' id='word_1_38' title='bbox 993 511 1150 538; x_wconf 86' lang='lat' dir='ltr'>remitten-</span> 
     </span>
     <span class='ocr_line' id='line_1_7' title="bbox 141 560 1151 595; baseline 0 -8"><span class='ocrx_word' id='word_1_39' title='bbox 141 560 222 593; x_wconf 88' lang='lat' dir='ltr'>dam,</span> <span class='ocrx_word' id='word_1_40' title='bbox 244 561 370 588; x_wconf 88' lang='lat' dir='ltr'>servatis</span> <span class='ocrx_word' id='word_1_41' title='bbox 389 569 526 595; x_wconf 87' lang='lat' dir='ltr'>processu</span> <span class='ocrx_word' id='word_1_42' title='bbox 549 561 697 588; x_wconf 82' lang='lat' dir='ltr'><strong>Ostiensis</strong></span> <span class='ocrx_word' id='word_1_43' title='bbox 719 561 860 595; x_wconf 72' lang='lat' dir='ltr'>episcopi.</span> <span class='ocrx_word' id='word_1_44' title='bbox 884 569 970 595; x_wconf 91' lang='lat' dir='ltr'>quem</span> <span class='ocrx_word' id='word_1_45' title='bbox 993 560 1057 595; x_wconf 90' lang='lat' dir='ltr'>ipse</span> <span class='ocrx_word' id='word_1_46' title='bbox 1075 568 1151 594; x_wconf 90' lang='lat' dir='ltr'>papa</span> 
     </span>
     <span class='ocr_line' id='line_1_8' title="bbox 142 608 1152 643; baseline 0 -8"><span class='ocrx_word' id='word_1_47' title='bbox 142 608 276 642; x_wconf 87' lang='lat' dir='ltr'>partibus</span> <span class='ocrx_word' id='word_1_48' title='bbox 295 609 417 635; x_wconf 81' lang='lat' dir='ltr'>dederat</span> <span class='ocrx_word' id='word_1_49' title='bbox 434 609 612 640; x_wconf 82' lang='lat' dir='ltr'>auditorem,</span> <span class='ocrx_word' id='word_1_50' title='bbox 633 612 661 635; x_wconf 89' lang='lat' dir='ltr'>et</span> <span class='ocrx_word' id='word_1_51' title='bbox 683 609 730 635; x_wconf 89' lang='lat' dir='ltr'>his</span> <span class='ocrx_word' id='word_1_52' title='bbox 748 608 785 635; x_wconf 90' lang='lat' dir='ltr'>de</span> <span class='ocrx_word' id='word_1_53' title='bbox 807 609 914 643; x_wconf 88' lang='lat' dir='ltr'>quibus</span> <span class='ocrx_word' id='word_1_54' title='bbox 934 609 1013 635; x_wconf 88' lang='lat' dir='ltr'>idem</span> <span class='ocrx_word' id='word_1_55' title='bbox 1035 608 1152 635; x_wconf 86' lang='lat' dir='ltr'>auditor</span> 
     </span>
     <span class='ocr_line' id='line_1_9' title="bbox 141 656 1151 691; baseline 0 -8"><span class='ocrx_word' id='word_1_56' title='bbox 141 656 174 683; x_wconf 87' lang='lat' dir='ltr'>in</span> <span class='ocrx_word' id='word_1_57' title='bbox 189 656 292 683; x_wconf 84' lang='lat' dir='ltr'>eadem</span> <span class='ocrx_word' id='word_1_58' title='bbox 304 665 392 683; x_wconf 87' lang='lat' dir='ltr'>causa</span> <span class='ocrx_word' id='word_1_59' title='bbox 402 657 462 690; x_wconf 85' lang='lat' dir='ltr'>jam</span> <span class='ocrx_word' id='word_1_60' title='bbox 480 657 668 691; x_wconf 87' lang='lat' dir='ltr'>providerat;</span> <span class='ocrx_word' id='word_1_61' title='bbox 686 657 820 691; x_wconf 87' lang='lat' dir='ltr'>partibus</span> <span class='ocrx_word' id='word_1_62' title='bbox 837 657 998 684; x_wconf 90' lang='lat' dir='ltr'>terminum</span> <span class='ocrx_word' id='word_1_63' title='bbox 1013 665 1151 691; x_wconf 88' lang='lat' dir='ltr'>peremp-</span> 
     </span>
     <span class='ocr_line' id='line_1_10' title="bbox 141 704 1151 740; baseline 0.001 -9"><span class='ocrx_word' id='word_1_64' title='bbox 141 704 250 732; x_wconf 84' lang='lat' dir='ltr'>torium</span> <span class='ocrx_word' id='word_1_65' title='bbox 271 707 490 739; x_wconf 83' lang='lat' dir='ltr'>competentem</span> <span class='ocrx_word' id='word_1_66' title='bbox 511 706 684 739; x_wconf 83' lang='lat' dir='ltr'>praefigant,</span> <span class='ocrx_word' id='word_1_67' title='bbox 702 714 758 739; x_wconf 92' lang='lat' dir='ltr'>quo</span> <span class='ocrx_word' id='word_1_68' title='bbox 774 714 826 740; x_wconf 85' lang='lat' dir='ltr'>per</span> <span class='ocrx_word' id='word_1_69' title='bbox 847 709 1050 740; x_wconf 83' lang='lat' dir='ltr'>procuratores</span> <span class='ocrx_word' id='word_1_70' title='bbox 1065 714 1151 740; x_wconf 85' lang='lat' dir='ltr'>apos-</span> 
     </span>
     <span class='ocr_line' id='line_1_11' title="bbox 141 752 1149 789; baseline 0.002 -10"><span class='ocrx_word' id='word_1_71' title='bbox 141 752 231 779; x_wconf 83' lang='lat' dir='ltr'>tolico</span> <span class='ocrx_word' id='word_1_72' title='bbox 249 761 280 780; x_wconf 88' lang='lat' dir='ltr'>se</span> <span class='ocrx_word' id='word_1_73' title='bbox 301 754 472 788; x_wconf 85' lang='lat' dir='ltr'>conspectui</span> <span class='ocrx_word' id='word_1_74' title='bbox 491 756 724 788; x_wconf 78' lang='lat' dir='ltr'>repraesentent.</span> <span class='ocrx_word' id='word_1_75' title='bbox 747 769 780 772; x_wconf 97' lang='lat'><strong>—</strong></span> <span class='ocrx_word' id='word_1_76' title='bbox 801 755 888 786; x_wconf 63' lang='lat' dir='ltr'>(Rae.</span> <span class='ocrx_word' id='word_1_77' title='bbox 905 754 949 787; x_wconf 87' lang='grc'>19,</span> <span class='ocrx_word' id='word_1_78' title='bbox 971 756 992 781; x_wconf 83' lang='lat' dir='ltr'>f.</span> <span class='ocrx_word' id='word_1_79' title='bbox 1008 754 1060 781; x_wconf 77' lang='lat'>132</span> <span class='ocrx_word' id='word_1_80' title='bbox 1077 753 1149 789; x_wconf 78' lang='lat'>[126]</span> 
     </span>
     <span class='ocr_line' id='line_1_12' title="bbox 142 802 1001 836; baseline 0.002 -8"><span class='ocrx_word' id='word_1_81' title='bbox 142 803 180 834; x_wconf 52' lang='grc' dir='ltr'>ἐς</span> <span class='ocrx_word' id='word_1_82' title='bbox 195 809 266 828; x_wconf 84' lang='lat' dir='ltr'>ann.</span> <span class='ocrx_word' id='word_1_83' title='bbox 282 802 365 835; x_wconf 88' lang='lat' dir='ltr'>XIII,</span> <span class='ocrx_word' id='word_1_84' title='bbox 382 811 407 829; x_wconf 89' lang='lat' dir='ltr'>c.</span> <span class='ocrx_word' id='word_1_85' title='bbox 421 802 487 835; x_wconf 77' lang='lat'>129;</span> <span class='ocrx_word' id='word_1_86' title='bbox 503 817 535 821; x_wconf 93' lang='lat'>—</span> <span class='ocrx_word' id='word_1_87' title='bbox 551 803 590 829; x_wconf 80' lang='lat' dir='ltr'>cf.</span> <span class='ocrx_word' id='word_1_88' title='bbox 606 810 702 836; x_wconf 80' lang='lat' dir='ltr'>supra,</span> <span class='ocrx_word' id='word_1_89' title='bbox 715 811 744 829; x_wconf 90' lang='lat' dir='ltr'>n.</span> <span class='ocrx_word' id='word_1_90' title='bbox 761 803 830 830; x_wconf 85' lang='lat'>3085</span> <span class='ocrx_word' id='word_1_91' title='bbox 847 806 875 830; x_wconf 91' lang='lat' dir='ltr'>et</span> <span class='ocrx_word' id='word_1_92' title='bbox 890 803 958 830; x_wconf 67' lang='lat'>4021</span> <span class='ocrx_word' id='word_1_93' title='bbox 969 804 1001 834; x_wconf 89' lang='lat'>¹.)</span> 
     </span>
    </p>
   </div>
   <div class='ocr_carea' id='block_1_4' title="bbox 137 904 1151 1793">
    <p class='ocr_par' dir='ltr' id='par_1_4' title="bbox 137 904 1151 1793">
     <span class='ocr_line' id='line_1_13' title="bbox 182 904 1151 943; baseline 0.002 -12"><span class='ocrx_word' id='word_1_94' title='bbox 182 915 196 930; x_wconf 77' lang='grc' dir='ltr'><strong>α</strong></span> <span class='ocrx_word' id='word_1_95' title='bbox 216 913 237 932; x_wconf 93' lang='grc'>·..</span> <span class='ocrx_word' id='word_1_96' title='bbox 256 904 369 933; x_wconf 83' lang='lat' dir='ltr'>decano</span> <span class='ocrx_word' id='word_1_97' title='bbox 385 909 412 933; x_wconf 86' lang='lat' dir='ltr'>el</span> <span class='ocrx_word' id='word_1_98' title='bbox 430 927 448 933; x_wconf 92' lang='lat'>..</span> <span class='ocrx_word' id='word_1_99' title='bbox 467 905 651 933; x_wconf 80' lang='lat' dir='ltr'>cancellario</span> <span class='ocrx_word' id='word_1_100' title='bbox 668 905 793 942; x_wconf 72' lang='lat' dir='ltr'>Major-is</span> <span class='ocrx_word' id='word_1_101' title='bbox 813 905 938 934; x_wconf 68' lang='lat' dir='ltr'>Ecclesia</span> <span class='ocrx_word' id='word_1_102' title='bbox 957 910 983 934; x_wconf 83' lang='lat' dir='ltr'>et</span> <span class='ocrx_word' id='word_1_103' title='bbox 1004 907 1151 943; x_wconf 56' lang='lat' dir='ltr'>massis-wo</span> 
     </span>
     <span class='ocr_line' id='line_1_14' title="bbox 141 957 1149 997; baseline 0.001 -11"><span class='ocrx_word' id='word_1_104' title='bbox 141 957 284 993; x_wconf 78' lang='lat' dir='ltr'>Guidoni,</span> <span class='ocrx_word' id='word_1_105' title='bbox 313 958 460 986; x_wconf 81' lang='lat' dir='ltr'>canonico</span> <span class='ocrx_word' id='word_1_106' title='bbox 485 958 591 986; x_wconf 79' lang='lat' dir='ltr'>Sancti</span> <span class='ocrx_word' id='word_1_107' title='bbox 619 959 750 987; x_wconf 77' lang='lat' dir='ltr'>Martini</span> <span class='ocrx_word' id='word_1_108' title='bbox 778 957 1039 997; x_wconf 76' lang='lat' dir='ltr'>Turonen[sium].</span> <span class='ocrx_word' id='word_1_109' title='bbox 1067 958 1149 988; x_wconf 90' lang='lat' dir='ltr'>Cum</span> 
     </span>
     <span class='ocr_line' id='line_1_15' title="bbox 140 1010 1150 1049; baseline 0 -9"><span class='ocrx_word' id='word_1_110' title='bbox 140 1019 275 1040; x_wconf 87' lang='lat' dir='ltr'>causam</span> <span class='ocrx_word' id='word_1_111' title='bbox 291 1019 355 1049; x_wconf 90' lang='lat' dir='ltr'>que</span> <span class='ocrx_word' id='word_1_112' title='bbox 370 1010 459 1040; x_wconf 89' lang='lat' dir='ltr'>inter</span> <span class='ocrx_word' id='word_1_113' title='bbox 475 1033 496 1039; x_wconf 90' lang='lat'>..</span> <span class='ocrx_word' id='word_1_114' title='bbox 514 1010 772 1046; x_wconf 77' lang='lat' dir='ltr'>thesaurarium,</span> <span class='ocrx_word' id='word_1_115' title='bbox 793 1034 812 1040; x_wconf 93' lang='lat'>..</span> <span class='ocrx_word' id='word_1_116' title='bbox 832 1011 994 1041; x_wconf 83' lang='lat' dir='ltr'>decanum</span> <span class='ocrx_word' id='word_1_117' title='bbox 1010 1016 1041 1041; x_wconf 88' lang='lat' dir='ltr'>et</span> <span class='ocrx_word' id='word_1_118' title='bbox 1060 1011 1150 1049; x_wconf 80' lang='lat' dir='ltr'>capi-</span> 
     </span>
     <span class='ocr_line' id='line_1_16' title="bbox 140 1062 1150 1102; baseline 0 -9"><span class='ocrx_word' id='word_1_119' title='bbox 140 1062 247 1093; x_wconf 82' lang='lat' dir='ltr'>tulum</span> <span class='ocrx_word' id='word_1_120' title='bbox 276 1062 416 1093; x_wconf 80' lang='lat' dir='ltr'>ecclesie</span> <span class='ocrx_word' id='word_1_121' title='bbox 446 1063 560 1093; x_wconf 79' lang='lat' dir='ltr'>Sancti</span> <span class='ocrx_word' id='word_1_122' title='bbox 590 1063 712 1093; x_wconf 83' lang='lat' dir='ltr'>Hilarii</span> <span class='ocrx_word' id='word_1_123' title='bbox 740 1064 959 1097; x_wconf 80' lang='lat' dir='ltr'>Pictavensis,</span> <span class='ocrx_word' id='word_1_124' title='bbox 991 1073 1028 1093; x_wconf 77' lang='lat' dir='ltr'>ex</span> <span class='ocrx_word' id='word_1_125' title='bbox 1057 1069 1150 1102; x_wconf 82' lang='lat' dir='ltr'>parte</span> 
     </span>
     <span class='ocr_line' id='line_1_17' title="bbox 140 1116 1151 1152; baseline 0 -6"><span class='ocrx_word' id='word_1_126' title='bbox 140 1125 218 1151; x_wconf 87' lang='lat' dir='ltr'>una,</span> <span class='ocrx_word' id='word_1_127' title='bbox 242 1121 274 1147; x_wconf 87' lang='lat' dir='ltr'>et</span> <span class='ocrx_word' id='word_1_128' title='bbox 296 1116 442 1146; x_wconf 88' lang='lat' dir='ltr'>nobilem</span> <span class='ocrx_word' id='word_1_129' title='bbox 463 1116 638 1147; x_wconf 89' lang='lat' dir='ltr'>mulierem</span> <span class='ocrx_word' id='word_1_130' title='bbox 657 1118 708 1152; x_wconf 65' lang='lat' dir='ltr'>A„</span> <span class='ocrx_word' id='word_1_131' title='bbox 732 1117 854 1146; x_wconf 88' lang='lat' dir='ltr'>dictam</span> <span class='ocrx_word' id='word_1_132' title='bbox 874 1117 1041 1146; x_wconf 86' lang='lat' dir='ltr'>dominam</span> <span class='ocrx_word' id='word_1_133' title='bbox 1064 1117 1151 1146; x_wconf 88' lang='lat' dir='ltr'>Belli</span> 
     </span>
     <span class='ocr_line' id='line_1_18' title="bbox 138 1169 1151 1208; baseline -0.001 -8"><span class='ocrx_word' id='word_1_134' title='bbox 138 1169 223 1205; x_wconf 88' lang='lat' dir='ltr'>Joci,</span> <span class='ocrx_word' id='word_1_135' title='bbox 242 1169 393 1199; x_wconf 85' lang='lat' dir='ltr'>relictam</span> <span class='ocrx_word' id='word_1_136' title='bbox 411 1170 577 1208; x_wconf 88' lang='lat' dir='ltr'>quondam</span> <span class='ocrx_word' id='word_1_137' title='bbox 598 1169 745 1200; x_wconf 90' lang='lat' dir='ltr'>Oddonis</span> <span class='ocrx_word' id='word_1_138' title='bbox 761 1170 800 1200; x_wconf 89' lang='lat' dir='ltr'>de</span> <span class='ocrx_word' id='word_1_139' title='bbox 823 1170 944 1203; x_wconf 72' lang='lat' dir='ltr'>Solem,</span> <span class='ocrx_word' id='word_1_140' title='bbox 961 1179 1025 1208; x_wconf 84' lang='lat' dir='ltr'>que</span> <span class='ocrx_word' id='word_1_141' title='bbox 1041 1170 1076 1199; x_wconf 90' lang='lat' dir='ltr'>in</span> <span class='ocrx_word' id='word_1_142' title='bbox 1093 1170 1151 1199; x_wconf 92' lang='lat' dir='ltr'>Bi-</span> 
     </span>
     <span class='ocr_line' id='line_1_19' title="bbox 138 1222 1151 1253; baseline 0 -1"><span class='ocrx_word' id='word_1_143' title='bbox 138 1222 302 1253; x_wconf 87' lang='lat' dir='ltr'>turicensi</span> <span class='ocrx_word' id='word_1_144' title='bbox 325 1227 356 1252; x_wconf 89' lang='lat' dir='ltr'>et</span> <span class='ocrx_word' id='word_1_145' title='bbox 377 1222 647 1252; x_wconf 85' lang='lat' dir='ltr'>Autisiodorensi</span> <span class='ocrx_word' id='word_1_146' title='bbox 669 1223 859 1253; x_wconf 83' lang='lat' dir='ltr'>diocesihus</span> <span class='ocrx_word' id='word_1_147' title='bbox 879 1223 1050 1252; x_wconf 88' lang='lat' dir='ltr'>domicilia</span> <span class='ocrx_word' id='word_1_148' title='bbox 1068 1223 1151 1253; x_wconf 90' lang='lat' dir='ltr'>dici-</span> 
     </span>
     <span class='ocr_line' id='line_1_20' title="bbox 139 1275 1151 1314; baseline 0.001 -10"><span class='ocrx_word' id='word_1_149' title='bbox 139 1279 194 1305; x_wconf 83' lang='lat' dir='ltr'>tur</span> <span class='ocrx_word' id='word_1_150' title='bbox 215 1275 377 1310; x_wconf 85' lang='lat' dir='ltr'>obtinere,</span> <span class='ocrx_word' id='word_1_151' title='bbox 401 1284 439 1305; x_wconf 81' lang='lat' dir='ltr'>ex</span> <span class='ocrx_word' id='word_1_152' title='bbox 463 1275 578 1310; x_wconf 74' lang='lat' dir='ltr'>altera.</span> <span class='ocrx_word' id='word_1_153' title='bbox 602 1284 701 1313; x_wconf 88' lang='lat' dir='ltr'>super</span> <span class='ocrx_word' id='word_1_154' title='bbox 724 1284 762 1305; x_wconf 91' lang='lat' dir='ltr'>eo</span> <span class='ocrx_word' id='word_1_155' title='bbox 785 1276 873 1314; x_wconf 83' lang='lat' dir='ltr'>quod</span> <span class='ocrx_word' id='word_1_156' title='bbox 895 1276 1008 1306; x_wconf 85' lang='lat' dir='ltr'>eadem</span> <span class='ocrx_word' id='word_1_157' title='bbox 1028 1276 1151 1305; x_wconf 89' lang='lat' dir='ltr'>nobilis</span> 
     </span>
     <span class='ocr_line' id='line_1_21' title="bbox 138 1328 1149 1367; baseline 0 -9"><span class='ocrx_word' id='word_1_158' title='bbox 138 1328 222 1367; x_wconf 86' lang='lat' dir='ltr'>ipsis</span> <span class='ocrx_word' id='word_1_159' title='bbox 239 1333 401 1358; x_wconf 86' lang='lat' dir='ltr'>eteorum</span> <span class='ocrx_word' id='word_1_160' title='bbox 421 1328 625 1364; x_wconf 72' lang='lat' dir='ltr'>hominihus,</span> <span class='ocrx_word' id='word_1_161' title='bbox 650 1329 684 1357; x_wconf 90' lang='lat' dir='ltr'>in</span> <span class='ocrx_word' id='word_1_162' title='bbox 707 1329 926 1367; x_wconf 86' lang='lat' dir='ltr'>prejudicium</span> <span class='ocrx_word' id='word_1_163' title='bbox 947 1330 1149 1359; x_wconf 87' lang='lat' dir='ltr'>eorumdem.</span> 
     </span>
     <span class='ocr_line' id='line_1_22' title="bbox 137 1381 1151 1421; baseline 0.002 -11"><span class='ocrx_word' id='word_1_164' title='bbox 137 1381 280 1419; x_wconf 86' lang='lat' dir='ltr'>dampna</span> <span class='ocrx_word' id='word_1_165' title='bbox 295 1381 410 1419; x_wconf 86' lang='lat' dir='ltr'>gravia</span> <span class='ocrx_word' id='word_1_166' title='bbox 432 1385 463 1411; x_wconf 92' lang='lat' dir='ltr'>et</span> <span class='ocrx_word' id='word_1_167' title='bbox 479 1381 623 1420; x_wconf 87' lang='lat' dir='ltr'>injurias</span> <span class='ocrx_word' id='word_1_168' title='bbox 640 1382 817 1420; x_wconf 75' lang='lat' dir='ltr'>i1·rogarat‚</span> <span class='ocrx_word' id='word_1_169' title='bbox 835 1391 873 1412; x_wconf 89' lang='lat' dir='ltr'>ac</span> <span class='ocrx_word' id='word_1_170' title='bbox 889 1391 988 1421; x_wconf 90' lang='lat' dir='ltr'>super</span> <span class='ocrx_word' id='word_1_171' title='bbox 1011 1383 1151 1421; x_wconf 86' lang='lat' dir='ltr'>quibus-</span> 
     </span>
     <span class='ocr_line' id='line_1_23' title="bbox 139 1434 1150 1475; baseline 0.003 -12"><span class='ocrx_word' id='word_1_172' title='bbox 139 1434 214 1464; x_wconf 90' lang='lat' dir='ltr'>dam</span> <span class='ocrx_word' id='word_1_173' title='bbox 235 1434 421 1464; x_wconf 80' lang='lat' dir='ltr'>redditibus</span> <span class='ocrx_word' id='word_1_174' title='bbox 443 1438 475 1464; x_wconf 89' lang='lat' dir='ltr'>et</span> <span class='ocrx_word' id='word_1_175' title='bbox 498 1434 597 1465; x_wconf 82' lang='lat' dir='ltr'>rebus</span> <span class='ocrx_word' id='word_1_176' title='bbox 622 1435 699 1465; x_wconf 87' lang='lat' dir='ltr'>aliis</span> <span class='ocrx_word' id='word_1_177' title='bbox 726 1436 876 1471; x_wconf 78' lang='lat' dir='ltr'>vertitur,</span> <span class='ocrx_word' id='word_1_178' title='bbox 903 1440 976 1475; x_wconf 90' lang='lat' dir='ltr'>post</span> <span class='ocrx_word' id='word_1_179' title='bbox 1001 1436 1150 1466; x_wconf 79' lang='lat' dir='ltr'>diversas</span> 
     </span>
     <span class='ocr_line' id='line_1_24' title="bbox 138 1487 1150 1528; baseline 0.001 -10"><span class='ocrx_word' id='word_1_180' title='bbox 138 1487 392 1518; x_wconf 84' lang='lat' dir='ltr'>commissiones</span> <span class='ocrx_word' id='word_1_181' title='bbox 409 1487 487 1517; x_wconf 86' lang='lat' dir='ltr'>hinc</span> <span class='ocrx_word' id='word_1_182' title='bbox 502 1487 580 1518; x_wconf 89' lang='lat' dir='ltr'>inde</span> <span class='ocrx_word' id='word_1_183' title='bbox 599 1487 640 1517; x_wconf 89' lang='lat' dir='ltr'>ab</span> <span class='ocrx_word' id='word_1_184' title='bbox 655 1488 844 1527; x_wconf 79' lang='lat' dir='ltr'>Apostolica</span> <span class='ocrx_word' id='word_1_185' title='bbox 863 1489 946 1519; x_wconf 88' lang='lat' dir='ltr'>Sede</span> <span class='ocrx_word' id='word_1_186' title='bbox 962 1489 1003 1519; x_wconf 86' lang='lat' dir='ltr'>ad</span> <span class='ocrx_word' id='word_1_187' title='bbox 1020 1489 1150 1528; x_wconf 88' lang='lat' dir='ltr'>judices</span> 
     </span>
     <span class='ocr_line' id='line_1_25' title="bbox 137 1540 1151 1580; baseline 0.002 -10"><span class='ocrx_word' id='word_1_188' title='bbox 137 1540 287 1571; x_wconf 78' lang='lat' dir='ltr'>diversos</span> <span class='ocrx_word' id='word_1_189' title='bbox 304 1540 466 1576; x_wconf 84' lang='lat' dir='ltr'>obtentas,</span> <span class='ocrx_word' id='word_1_190' title='bbox 486 1541 670 1571; x_wconf 86' lang='lat' dir='ltr'>venerabili</span> <span class='ocrx_word' id='word_1_191' title='bbox 686 1541 782 1570; x_wconf 83' lang='lat' dir='ltr'>fratri</span> <span class='ocrx_word' id='word_1_192' title='bbox 799 1546 912 1571; x_wconf 88' lang='lat' dir='ltr'>nostro</span> <span class='ocrx_word' id='word_1_193' title='bbox 930 1566 948 1571; x_wconf 91' lang='lat'>..</span> <span class='ocrx_word' id='word_1_194' title='bbox 967 1542 1151 1580; x_wconf 85' lang='lat' dir='ltr'>archiepis-</span> 
     </span>
     <span class='ocr_line' id='line_1_26' title="bbox 139 1594 1151 1633; baseline -0.001 -8"><span class='ocrx_word' id='word_1_195' title='bbox 139 1603 219 1633; x_wconf 87' lang='lat' dir='ltr'>copo</span> <span class='ocrx_word' id='word_1_196' title='bbox 242 1594 430 1624; x_wconf 84' lang='lat' dir='ltr'>Turonensi</span> <span class='ocrx_word' id='word_1_197' title='bbox 455 1594 593 1633; x_wconf 89' lang='lat' dir='ltr'>ejusque</span> <span class='ocrx_word' id='word_1_198' title='bbox 619 1594 756 1632; x_wconf 78' lang='lat' dir='ltr'>collegis</span> <span class='ocrx_word' id='word_1_199' title='bbox 780 1594 972 1625; x_wconf 84' lang='lat' dir='ltr'>duxerimus</span> <span class='ocrx_word' id='word_1_200' title='bbox 999 1596 1151 1625; x_wconf 86' lang='lat' dir='ltr'>commit-</span> 
     </span>
     <span class='ocr_line' id='line_1_27' title="bbox 139 1646 1151 1686; baseline 0 -8"><span class='ocrx_word' id='word_1_201' title='bbox 139 1647 272 1678; x_wconf 82' lang='lat' dir='ltr'>tendam</span> <span class='ocrx_word' id='word_1_202' title='bbox 290 1657 297 1676; x_wconf 90' lang='lat'>:</span> <span class='ocrx_word' id='word_1_203' title='bbox 315 1647 442 1685; x_wconf 86' lang='lat' dir='ltr'>prefata</span> <span class='ocrx_word' id='word_1_204' title='bbox 460 1646 566 1676; x_wconf 90' lang='lat' dir='ltr'>nobili</span> <span class='ocrx_word' id='word_1_205' title='bbox 581 1647 621 1676; x_wconf 85' lang='lat' dir='ltr'>ad</span> <span class='ocrx_word' id='word_1_206' title='bbox 635 1647 868 1686; x_wconf 84' lang='lat' dir='ltr'>appellationis</span> <span class='ocrx_word' id='word_1_207' title='bbox 884 1648 1060 1686; x_wconf 83' lang='lat' dir='ltr'>diffugium</span> <span class='ocrx_word' id='word_1_208' title='bbox 1076 1658 1151 1678; x_wconf 88' lang='lat' dir='ltr'>con-</span> 
     </span>
     <span class='ocr_line' id='line_1_28' title="bbox 138 1699 1149 1739; baseline -0.001 -8"><span class='ocrx_word' id='word_1_209' title='bbox 138 1700 282 1735; x_wconf 76' lang='lat' dir='ltr'>volante,</span> <span class='ocrx_word' id='word_1_210' title='bbox 297 1699 378 1730; x_wconf 89' lang='lat' dir='ltr'>dicti</span> <span class='ocrx_word' id='word_1_211' title='bbox 391 1700 534 1738; x_wconf 83' lang='lat' dir='ltr'>judices,</span> <span class='ocrx_word' id='word_1_212' title='bbox 549 1705 777 1730; x_wconf 73' lang='lat' dir='ltr'>contumacem</span> <span class='ocrx_word' id='word_1_213' title='bbox 790 1705 982 1739; x_wconf 85' lang='lat' dir='ltr'>reputantes</span> <span class='ocrx_word' id='word_1_214' title='bbox 999 1702 1149 1736; x_wconf 78' lang='lat' dir='ltr'>eandem,</span> 
     </span>
     <span class='ocr_line' id='line_1_29' title="bbox 138 1753 1149 1793; baseline 0 -9"><span class='ocrx_word' id='word_1_215' title='bbox 138 1753 175 1784; x_wconf 88' lang='lat' dir='ltr'>in</span> <span class='ocrx_word' id='word_1_216' title='bbox 194 1754 304 1793; x_wconf 85' lang='lat' dir='ltr'>ipsam</span> <span class='ocrx_word' id='word_1_217' title='bbox 325 1753 680 1784; x_wconf 85' lang='lat' dir='ltr'>excommunicationis</span> <span class='ocrx_word' id='word_1_218' title='bbox 702 1755 904 1784; x_wconf 80' lang='lat' dir='ltr'>sententiam</span> <span class='ocrx_word' id='word_1_219' title='bbox 928 1755 1149 1793; x_wconf 85' lang='lat' dir='ltr'>protulerunt.</span> 
     </span>
    </p>
   </div>
   <div class='ocr_carea' id='block_1_5' title="bbox 89 1798 1151 1846">
    <p class='ocr_par' dir='ltr' id='par_1_5' title="bbox 89 1798 1151 1846">
     <span class='ocr_line' id='line_1_30' title="bbox 89 1798 1151 1846; baseline 0 -9"><span class='ocrx_word' id='word_1_220' title='bbox 89 1837 95 1843; x_wconf 80' lang='grc'><strong>,</strong></span> <span class='ocrx_word' id='word_1_221' title='bbox 137 1807 208 1838; x_wconf 89' lang='lat' dir='ltr'>Nos</span> <span class='ocrx_word' id='word_1_222' title='bbox 222 1798 365 1846; x_wconf 71' lang='lat' dir='ltr'>quoque,</span> <span class='ocrx_word' id='word_1_223' title='bbox 381 1806 421 1835; x_wconf 91' lang='lat' dir='ltr'>ad</span> <span class='ocrx_word' id='word_1_224' title='bbox 436 1806 632 1836; x_wconf 81' lang='lat' dir='ltr'>instantiam</span> <span class='ocrx_word' id='word_1_225' title='bbox 650 1807 752 1844; x_wconf 86' lang='lat' dir='ltr'>partis</span> <span class='ocrx_word' id='word_1_226' title='bbox 769 1806 918 1841; x_wconf 77' lang='lat' dir='ltr'>alterius,</span> <span class='ocrx_word' id='word_1_227' title='bbox 936 1808 1151 1845; x_wconf 89' lang='lat' dir='ltr'>proponentis</span> 
     </span>
    </p>
   </div>
   <div class='ocr_carea' id='block_1_6' title="bbox 136 1859 1152 2853">
    <p class='ocr_par' dir='ltr' id='par_1_6' title="bbox 136 1859 1152 2853">
     <span class='ocr_line' id='line_1_31' title="bbox 137 1859 1151 1899; baseline -0.001 -8"><span class='ocrx_word' id='word_1_228' title='bbox 137 1870 177 1891; x_wconf 86' lang='lat' dir='ltr'>ex</span> <span class='ocrx_word' id='word_1_229' title='bbox 190 1859 552 1899; x_wconf 81' lang='lat' dir='ltr'>prorogationejudicii</span> <span class='ocrx_word' id='word_1_230' title='bbox 567 1869 660 1889; x_wconf 87' lang='lat' dir='ltr'>suam</span> <span class='ocrx_word' id='word_1_231' title='bbox 673 1860 840 1898; x_wconf 88' lang='lat' dir='ltr'>justitiam</span> <span class='ocrx_word' id='word_1_232' title='bbox 854 1861 1020 1899; x_wconf 74' lang='lat' dir='ltr'>impediri,</span> <span class='ocrx_word' id='word_1_233' title='bbox 1037 1884 1058 1891; x_wconf 89' lang='lat'>..</span> <span class='ocrx_word' id='word_1_234' title='bbox 1076 1861 1151 1891; x_wconf 83' lang='lat' dir='ltr'>sub-</span> 
     </span>
     <span class='ocr_line' id='line_1_32' title="bbox 137 1912 1151 1952; baseline 0.001 -10"><span class='ocrx_word' id='word_1_235' title='bbox 137 1913 262 1943; x_wconf 86' lang='lat' dir='ltr'>decano</span> <span class='ocrx_word' id='word_1_236' title='bbox 286 1912 485 1943; x_wconf 85' lang='lat' dir='ltr'>Carnotensi</span> <span class='ocrx_word' id='word_1_237' title='bbox 508 1917 539 1942; x_wconf 89' lang='lat' dir='ltr'>et</span> <span class='ocrx_word' id='word_1_238' title='bbox 565 1913 731 1952; x_wconf 88' lang='lat' dir='ltr'>conjudici</span> <span class='ocrx_word' id='word_1_239' title='bbox 754 1914 825 1952; x_wconf 88' lang='lat' dir='ltr'>ejus</span> <span class='ocrx_word' id='word_1_240' title='bbox 851 1913 1002 1944; x_wconf 87' lang='lat' dir='ltr'>dedimus</span> <span class='ocrx_word' id='word_1_241' title='bbox 1027 1914 1151 1944; x_wconf 89' lang='lat' dir='ltr'>nostris</span> 
     </span>
     <span class='ocr_line' id='line_1_33' title="bbox 136 1964 1152 2004; baseline 0.001 -9"><span class='ocrx_word' id='word_1_242' title='bbox 136 1964 260 1996; x_wconf 87' lang='lat' dir='ltr'>litteris</span> <span class='ocrx_word' id='word_1_243' title='bbox 279 1965 315 1994; x_wconf 92' lang='lat' dir='ltr'>in</span> <span class='ocrx_word' id='word_1_244' title='bbox 338 1965 517 2000; x_wconf 82' lang='lat' dir='ltr'>mandatis,</span> <span class='ocrx_word' id='word_1_245' title='bbox 534 1970 569 1995; x_wconf 88' lang='lat' dir='ltr'>ut</span> <span class='ocrx_word' id='word_1_246' title='bbox 588 1965 787 2004; x_wconf 81' lang='lat' dir='ltr'>prefigerent</span> <span class='ocrx_word' id='word_1_247' title='bbox 807 1966 892 1996; x_wconf 87' lang='lat' dir='ltr'>dicte</span> <span class='ocrx_word' id='word_1_248' title='bbox 916 1967 1020 1996; x_wconf 90' lang='lat' dir='ltr'>nobili</span> <span class='ocrx_word' id='word_1_249' title='bbox 1038 1968 1152 1997; x_wconf 90' lang='lat' dir='ltr'>termi-</span> 
     </span>
     <span class='ocr_line' id='line_1_34' title="bbox 137 2018 1152 2058; baseline 0.002 -10"><span class='ocrx_word' id='word_1_250' title='bbox 137 2027 220 2049; x_wconf 89' lang='lat' dir='ltr'>num</span> <span class='ocrx_word' id='word_1_251' title='bbox 238 2018 497 2057; x_wconf 86' lang='lat' dir='ltr'>peremptorium</span> <span class='ocrx_word' id='word_1_252' title='bbox 518 2023 769 2057; x_wconf 78' lang='lat' dir='ltr'>competentem.</span> <span class='ocrx_word' id='word_1_253' title='bbox 795 2028 860 2058; x_wconf 90' lang='lat' dir='ltr'>quo</span> <span class='ocrx_word' id='word_1_254' title='bbox 883 2029 941 2058; x_wconf 88' lang='lat' dir='ltr'>per</span> <span class='ocrx_word' id='word_1_255' title='bbox 961 2025 1152 2058; x_wconf 83' lang='lat' dir='ltr'>procurato-</span> 
     </span>
     <span class='ocr_line' id='line_1_35' title="bbox 137 2064 1150 2110; baseline 0 -8"><span class='ocrx_word' id='word_1_256' title='bbox 137 2080 208 2102; x_wconf 84' lang='lat' dir='ltr'>rem</span> <span class='ocrx_word' id='word_1_257' title='bbox 220 2071 376 2101; x_wconf 89' lang='lat' dir='ltr'>idoneum</span> <span class='ocrx_word' id='word_1_258' title='bbox 394 2071 435 2101; x_wconf 86' lang='lat' dir='ltr'>ad</span> <span class='ocrx_word' id='word_1_259' title='bbox 448 2064 712 2110; x_wconf 75' lang='lat' dir='ltr'>prosequendam</span> <span class='ocrx_word' id='word_1_260' title='bbox 725 2072 980 2110; x_wconf 79' lang='lat' dir='ltr'>appellationem</span> <span class='ocrx_word' id='word_1_261' title='bbox 995 2074 1150 2103; x_wconf 85' lang='lat' dir='ltr'>emissam</span> 
     </span>
     <span class='ocr_line' id='line_1_36' title="bbox 138 2124 1152 2164; baseline 0 -8"><span class='ocrx_word' id='word_1_262' title='bbox 138 2129 171 2156; x_wconf 85' lang='lat' dir='ltr'>et</span> <span class='ocrx_word' id='word_1_263' title='bbox 191 2124 435 2164; x_wconf 87' lang='lat' dir='ltr'>procedendum</span> <span class='ocrx_word' id='word_1_264' title='bbox 459 2125 494 2153; x_wconf 92' lang='lat' dir='ltr'>in</span> <span class='ocrx_word' id='word_1_265' title='bbox 515 2125 648 2163; x_wconf 82' lang='lat' dir='ltr'>negotio</span> <span class='ocrx_word' id='word_1_266' title='bbox 671 2125 859 2164; x_wconf 87' lang='lat' dir='ltr'>principali.</span> <span class='ocrx_word' id='word_1_267' title='bbox 889 2130 1001 2156; x_wconf 85' lang='lat' dir='ltr'>nostro</span> <span class='ocrx_word' id='word_1_268' title='bbox 1020 2135 1054 2156; x_wconf 87' lang='lat' dir='ltr'>se</span> <span class='ocrx_word' id='word_1_269' title='bbox 1073 2135 1152 2156; x_wconf 88' lang='lat' dir='ltr'>con-</span> 
     </span>
     <span class='ocr_line' id='line_1_37' title="bbox 138 2177 1151 2218; baseline 0.002 -11"><span class='ocrx_word' id='word_1_270' title='bbox 138 2177 268 2217; x_wconf 86' lang='lat' dir='ltr'>spectui</span> <span class='ocrx_word' id='word_1_271' title='bbox 278 2182 498 2216; x_wconf 83' lang='lat' dir='ltr'>presentaret,</span> <span class='ocrx_word' id='word_1_272' title='bbox 515 2182 546 2208; x_wconf 86' lang='lat' dir='ltr'>et</span> <span class='ocrx_word' id='word_1_273' title='bbox 559 2178 647 2217; x_wconf 90' lang='lat' dir='ltr'>quod</span> <span class='ocrx_word' id='word_1_274' title='bbox 660 2178 725 2217; x_wconf 89' lang='lat' dir='ltr'>ipsi</span> <span class='ocrx_word' id='word_1_275' title='bbox 737 2179 837 2208; x_wconf 87' lang='lat' dir='ltr'>etiam</span> <span class='ocrx_word' id='word_1_276' title='bbox 848 2179 1033 2218; x_wconf 88' lang='lat' dir='ltr'>reciperent</span> <span class='ocrx_word' id='word_1_277' title='bbox 1051 2184 1151 2210; x_wconf 84' lang='lat' dir='ltr'>testes</span> 
     </span>
     <span class='ocr_line' id='line_1_38' title="bbox 137 2230 1152 2271; baseline 0.001 -10"><span class='ocrx_word' id='word_1_278' title='bbox 137 2240 236 2262; x_wconf 89' lang='lat' dir='ltr'>senes</span> <span class='ocrx_word' id='word_1_279' title='bbox 253 2235 286 2261; x_wconf 88' lang='lat' dir='ltr'>et</span> <span class='ocrx_word' id='word_1_280' title='bbox 305 2230 573 2266; x_wconf 56' lang='lat' dir='ltr'>valitudinarios²</span> <span class='ocrx_word' id='word_1_281' title='bbox 598 2235 629 2261; x_wconf 89' lang='lat' dir='ltr'>et</span> <span class='ocrx_word' id='word_1_282' title='bbox 651 2231 734 2261; x_wconf 88' lang='lat' dir='ltr'>alios</span> <span class='ocrx_word' id='word_1_283' title='bbox 752 2232 791 2262; x_wconf 89' lang='lat' dir='ltr'>de</span> <span class='ocrx_word' id='word_1_284' title='bbox 815 2241 955 2271; x_wconf 89' lang='lat' dir='ltr'>quorum</span> <span class='ocrx_word' id='word_1_285' title='bbox 973 2237 1078 2263; x_wconf 87' lang='lat' dir='ltr'>morte</span> <span class='ocrx_word' id='word_1_286' title='bbox 1100 2233 1152 2262; x_wconf 68' lang='lat' dir='ltr'>vel</span> 
     </span>
     <span class='ocr_line' id='line_1_39' title="bbox 138 2284 1152 2323; baseline 0.002 -10"><span class='ocrx_word' id='word_1_287' title='bbox 138 2284 298 2314; x_wconf 78' lang='lat' dir='ltr'>diuturna</span> <span class='ocrx_word' id='word_1_288' title='bbox 321 2284 473 2314; x_wconf 88' lang='lat' dir='ltr'>absentia</span> <span class='ocrx_word' id='word_1_289' title='bbox 497 2284 686 2319; x_wconf 76' lang='lat' dir='ltr'>timebatur,</span> <span class='ocrx_word' id='word_1_290' title='bbox 715 2294 752 2314; x_wconf 78' lang='lat' dir='ltr'>ex</span> <span class='ocrx_word' id='word_1_291' title='bbox 775 2290 868 2323; x_wconf 88' lang='lat' dir='ltr'>parte</span> <span class='ocrx_word' id='word_1_292' title='bbox 890 2285 1054 2315; x_wconf 85' lang='lat' dir='ltr'>dictorum</span> <span class='ocrx_word' id='word_1_293' title='bbox 1081 2286 1152 2316; x_wconf 89' lang='lat' dir='ltr'>the-</span> 
     </span>
     <span class='ocr_line' id='line_1_40' title="bbox 139 2337 1152 2378; baseline 0.001 -10"><span class='ocrx_word' id='word_1_294' title='bbox 139 2337 295 2373; x_wconf 87' lang='lat' dir='ltr'>saurarii,</span> <span class='ocrx_word' id='word_1_295' title='bbox 334 2337 452 2367; x_wconf 88' lang='lat' dir='ltr'>decani</span> <span class='ocrx_word' id='word_1_296' title='bbox 491 2342 523 2367; x_wconf 88' lang='lat' dir='ltr'>et</span> <span class='ocrx_word' id='word_1_297' title='bbox 553 2338 692 2376; x_wconf 89' lang='lat' dir='ltr'>capituli</span> <span class='ocrx_word' id='word_1_298' title='bbox 728 2338 967 2376; x_wconf 88' lang='lat' dir='ltr'>producendos.</span> <span class='ocrx_word' id='word_1_299' title='bbox 1001 2339 1152 2378; x_wconf 86' lang='lat' dir='ltr'>Cumque</span> 
     </span>
     <span class='ocr_line' id='line_1_41' title="bbox 139 2390 1151 2430; baseline 0.001 -10"><span class='ocrx_word' id='word_1_300' title='bbox 139 2390 273 2421; x_wconf 89' lang='lat' dir='ltr'>demum</span> <span class='ocrx_word' id='word_1_301' title='bbox 297 2390 570 2429; x_wconf 83' lang='lat' dir='ltr'>procuratoribus</span> <span class='ocrx_word' id='word_1_302' title='bbox 596 2391 752 2429; x_wconf 81' lang='lat' dir='ltr'>partium,</span> <span class='ocrx_word' id='word_1_303' title='bbox 781 2391 817 2420; x_wconf 92' lang='lat' dir='ltr'>in</span> <span class='ocrx_word' id='word_1_304' title='bbox 844 2397 957 2422; x_wconf 86' lang='lat' dir='ltr'>nostra</span> <span class='ocrx_word' id='word_1_305' title='bbox 984 2392 1151 2430; x_wconf 81' lang='lat' dir='ltr'>presentia</span> 
     </span>
     <span class='ocr_line' id='line_1_42' title="bbox 138 2443 1151 2483; baseline 0 -9"><span class='ocrx_word' id='word_1_306' title='bbox 138 2443 342 2480; x_wconf 87' lang='lat' dir='ltr'>constitutis,</span> <span class='ocrx_word' id='word_1_307' title='bbox 359 2443 585 2474; x_wconf 86' lang='lat' dir='ltr'>venerabilem</span> <span class='ocrx_word' id='word_1_308' title='bbox 600 2444 736 2474; x_wconf 79' lang='lat' dir='ltr'>fratrem</span> <span class='ocrx_word' id='word_1_309' title='bbox 755 2449 904 2474; x_wconf 91' lang='lat' dir='ltr'>nostrum</span> <span class='ocrx_word' id='word_1_310' title='bbox 922 2468 942 2474; x_wconf 87' lang='lat'>..</span> <span class='ocrx_word' id='word_1_311' title='bbox 961 2445 1151 2483; x_wconf 88' lang='lat' dir='ltr'>episcopum</span> 
     </span>
     <span class='ocr_line' id='line_1_43' title="bbox 137 2496 1152 2536; baseline 0.001 -10"><span class='ocrx_word' id='word_1_312' title='bbox 137 2496 327 2527; x_wconf 84' lang='lat' dir='ltr'>Ostiensem</span> <span class='ocrx_word' id='word_1_313' title='bbox 346 2496 612 2526; x_wconf 88' lang='lat' dir='ltr'>concesserimus</span> <span class='ocrx_word' id='word_1_314' title='bbox 636 2496 834 2531; x_wconf 75' lang='lat' dir='ltr'>auditorem,</span> <span class='ocrx_word' id='word_1_315' title='bbox 853 2502 1046 2535; x_wconf 87' lang='lat' dir='ltr'>procurator</span> <span class='ocrx_word' id='word_1_316' title='bbox 1063 2499 1152 2536; x_wconf 82' lang='lat' dir='ltr'>eJ&#39;us-</span> 
     </span>
     <span class='ocr_line' id='line_1_44' title="bbox 139 2548 1151 2589; baseline 0.001 -11"><span class='ocrx_word' id='word_1_317' title='bbox 139 2548 214 2579; x_wconf 90' lang='lat' dir='ltr'>dem</span> <span class='ocrx_word' id='word_1_318' title='bbox 237 2548 372 2584; x_wconf 86' lang='lat' dir='ltr'>nobilis,</span> <span class='ocrx_word' id='word_1_319' title='bbox 399 2549 482 2578; x_wconf 88' lang='lat' dir='ltr'>duas</span> <span class='ocrx_word' id='word_1_320' title='bbox 506 2548 748 2587; x_wconf 83' lang='lat' dir='ltr'>appellationes</span> <span class='ocrx_word' id='word_1_321' title='bbox 772 2549 981 2587; x_wconf 72' lang='lat' dir='ltr'>pretendens,</span> <span class='ocrx_word' id='word_1_322' title='bbox 1009 2559 1151 2589; x_wconf 85' lang='lat' dir='ltr'>quarum</span> 
     </span>
     <span class='ocr_line' id='line_1_45' title="bbox 137 2600 1147 2641; baseline 0.002 -11"><span class='ocrx_word' id='word_1_323' title='bbox 137 2600 265 2641; x_wconf 89' lang='lat' dir='ltr'>una[m]</span> <span class='ocrx_word' id='word_1_324' title='bbox 289 2610 308 2631; x_wconf 88' lang='lat' dir='ltr'>a</span> <span class='ocrx_word' id='word_1_325' title='bbox 329 2601 476 2639; x_wconf 89' lang='lat' dir='ltr'>predicto</span> <span class='ocrx_word' id='word_1_326' title='bbox 493 2601 744 2640; x_wconf 81' lang='lat' dir='ltr'>archiepiscopo</span> <span class='ocrx_word' id='word_1_327' title='bbox 763 2606 795 2632; x_wconf 88' lang='lat' dir='ltr'>et</span> <span class='ocrx_word' id='word_1_328' title='bbox 815 2602 1047 2641; x_wconf 88' lang='lat' dir='ltr'>conjudicibus</span> <span class='ocrx_word' id='word_1_329' title='bbox 1067 2603 1147 2637; x_wconf 78' lang='lat' dir='ltr'>suis,</span> 
     </span>
     <span class='ocr_line' id='line_1_46' title="bbox 137 2654 1151 2695; baseline 0.002 -11"><span class='ocrx_word' id='word_1_330' title='bbox 137 2659 272 2693; x_wconf 86' lang='lat' dir='ltr'>propter</span> <span class='ocrx_word' id='word_1_331' title='bbox 291 2654 453 2693; x_wconf 86' lang='lat' dir='ltr'>quasdam</span> <span class='ocrx_word' id='word_1_332' title='bbox 473 2655 683 2693; x_wconf 84' lang='lat' dir='ltr'>exceptiones</span> <span class='ocrx_word' id='word_1_333' title='bbox 705 2655 877 2686; x_wconf 87' lang='lat' dir='ltr'>dilatorias</span> <span class='ocrx_word' id='word_1_334' title='bbox 895 2665 1005 2686; x_wconf 89' lang='lat' dir='ltr'>coram</span> <span class='ocrx_word' id='word_1_335' title='bbox 1026 2657 1075 2686; x_wconf 88' lang='lat' dir='ltr'>eis</span> <span class='ocrx_word' id='word_1_336' title='bbox 1093 2666 1151 2695; x_wconf 91' lang='lat' dir='ltr'>pro</span> 
     </span>
     <span class='ocr_line' id='line_1_47' title="bbox 138 2707 1151 2748; baseline 0.002 -11"><span class='ocrx_word' id='word_1_337' title='bbox 138 2707 213 2746; x_wconf 87' lang='lat' dir='ltr'>ipsa</span> <span class='ocrx_word' id='word_1_338' title='bbox 229 2707 335 2737; x_wconf 92' lang='lat' dir='ltr'>nobili</span> <span class='ocrx_word' id='word_1_339' title='bbox 347 2708 544 2746; x_wconf 84' lang='lat' dir='ltr'>propositas,</span> <span class='ocrx_word' id='word_1_340' title='bbox 560 2717 619 2738; x_wconf 89' lang='lat' dir='ltr'>nec</span> <span class='ocrx_word' id='word_1_341' title='bbox 631 2708 807 2743; x_wconf 71' lang='lat' dir='ltr'>admissas,</span> <span class='ocrx_word' id='word_1_342' title='bbox 826 2708 950 2747; x_wconf 88' lang='lat' dir='ltr'>alia[m]</span> <span class='ocrx_word' id='word_1_343' title='bbox 963 2718 1039 2739; x_wconf 82' lang='lat' dir='ltr'>vero</span> <span class='ocrx_word' id='word_1_344' title='bbox 1051 2719 1069 2739; x_wconf 91' lang='lat' dir='ltr'>a</span> <span class='ocrx_word' id='word_1_345' title='bbox 1082 2719 1151 2748; x_wconf 87' lang='lat' dir='ltr'>pre-</span> 
     </span>
     <span class='ocr_line' id='line_1_48' title="bbox 139 2759 1150 2801; baseline 0.003 -12"><span class='ocrx_word' id='word_1_346' title='bbox 139 2759 228 2790; x_wconf 88' lang='lat' dir='ltr'>dicto</span> <span class='ocrx_word' id='word_1_347' title='bbox 243 2760 432 2790; x_wconf 86' lang='lat' dir='ltr'>subdecano</span> <span class='ocrx_word' id='word_1_348' title='bbox 448 2765 480 2790; x_wconf 86' lang='lat' dir='ltr'>et</span> <span class='ocrx_word' id='word_1_349' title='bbox 495 2760 621 2798; x_wconf 78' lang='lat' dir='ltr'>collega</span> <span class='ocrx_word' id='word_1_350' title='bbox 639 2770 709 2790; x_wconf 86' lang='lat' dir='ltr'>suo.</span> <span class='ocrx_word' id='word_1_351' title='bbox 728 2770 786 2799; x_wconf 87' lang='lat' dir='ltr'>pro</span> <span class='ocrx_word' id='word_1_352' title='bbox 797 2770 834 2791; x_wconf 90' lang='lat' dir='ltr'>eo</span> <span class='ocrx_word' id='word_1_353' title='bbox 848 2770 920 2791; x_wconf 88' lang='lat' dir='ltr'>esse</span> <span class='ocrx_word' id='word_1_354' title='bbox 936 2762 1150 2801; x_wconf 84' lang='lat' dir='ltr'>interpositas</span> 
     </span>
     <span class='ocr_line' id='line_1_49' title="bbox 138 2812 1151 2853; baseline 0.002 -11"><span class='ocrx_word' id='word_1_355' title='bbox 138 2812 351 2851; x_wconf 79' lang='lat' dir='ltr'>proponebat,</span> <span class='ocrx_word' id='word_1_356' title='bbox 380 2813 459 2852; x_wconf 87' lang='lat' dir='ltr'>quia</span> <span class='ocrx_word' id='word_1_357' title='bbox 484 2813 561 2852; x_wconf 82' lang='lat' dir='ltr'>ipsi,</span> <span class='ocrx_word' id='word_1_358' title='bbox 587 2814 734 2843; x_wconf 88' lang='lat' dir='ltr'>mandati</span> <span class='ocrx_word' id='word_1_359' title='bbox 756 2814 839 2844; x_wconf 85' lang='lat' dir='ltr'>fines</span> <span class='ocrx_word' id='word_1_360' title='bbox 861 2823 1032 2853; x_wconf 85' lang='lat' dir='ltr'>perperam</span> <span class='ocrx_word' id='word_1_361' title='bbox 1056 2823 1151 2845; x_wconf 81' lang='lat' dir='ltr'>exce-</span> 
     </span>
    </p>
   </div>
   <div class='ocr_carea' id='block_1_7' title="bbox 139 2924 1150 2994">
    <p class='ocr_par' dir='ltr' id='par_1_7' title="bbox 139 2924 1150 2994">
     <span class='ocr_line' id='line_1_50' title="bbox 173 2924 1150 2955; baseline 0.001 -7"><span class='ocrx_word' id='word_1_362' title='bbox 173 2925 193 2948; x_wconf 83' lang='lat'>1.</span> <span class='ocrx_word' id='word_1_363' title='bbox 209 2924 284 2948; x_wconf 83' lang='lat' dir='ltr'>Dans</span> <span class='ocrx_word' id='word_1_364' title='bbox 299 2928 372 2948; x_wconf 82' lang='lat' dir='ltr'>cette</span> <span class='ocrx_word' id='word_1_365' title='bbox 388 2924 515 2948; x_wconf 74' lang='lat' dir='ltr'>derniere</span> <span class='ocrx_word' id='word_1_366' title='bbox 530 2924 622 2955; x_wconf 61' lang='lat' dir='ltr'>pic-ce,</span> <span class='ocrx_word' id='word_1_367' title='bbox 643 2932 677 2948; x_wconf 82' lang='lat' dir='ltr'>au</span> <span class='ocrx_word' id='word_1_368' title='bbox 693 2926 748 2948; x_wconf 83' lang='lat' dir='ltr'>lieu</span> <span class='ocrx_word' id='word_1_369' title='bbox 765 2926 798 2948; x_wconf 79' lang='lat' dir='ltr'>de</span> <span class='ocrx_word' id='word_1_370' title='bbox 817 2927 884 2949; x_wconf 80' lang='lat' dir='ltr'>Belli</span> <span class='ocrx_word' id='word_1_371' title='bbox 899 2928 973 2955; x_wconf 80' lang='lat' dir='ltr'>Loci,</span> <span class='ocrx_word' id='word_1_372' title='bbox 990 2927 1006 2949; x_wconf 86' lang='lat' dir='ltr'>it</span> <span class='ocrx_word' id='word_1_373' title='bbox 1023 2928 1080 2949; x_wconf 78' lang='lat' dir='ltr'>[aut</span> <span class='ocrx_word' id='word_1_374' title='bbox 1099 2927 1150 2949; x_wconf 81' lang='lat' dir='ltr'>lire</span> 
     </span>
     <span class='ocr_line' id='line_1_51' title="bbox 139 2970 297 2994; baseline 0.013 -2"><span class='ocrx_word' id='word_1_375' title='bbox 139 2970 210 2993; x_wconf 82' lang='lat' dir='ltr'>Belli</span> <span class='ocrx_word' id='word_1_376' title='bbox 226 2970 297 2994; x_wconf 76' lang='lat' dir='ltr'>soci.</span> 
     </span>
    </p>
   </div>
   <div class='ocr_carea' id='block_1_8' title="bbox 1231 364 2242 2989">
    <p class='ocr_par' dir='ltr' id='par_1_8' title="bbox 1231 364 2242 2989">
     <span class='ocr_line' id='line_1_52' title="bbox 1233 364 2237 405; baseline 0.009 -12"><span class='ocrx_word' id='word_1_377' title='bbox 1233 364 1350 401; x_wconf 83' lang='lat' dir='ltr'>dendo,</span> <span class='ocrx_word' id='word_1_378' title='bbox 1369 372 1562 404; x_wconf 83' lang='lat' dir='ltr'>receperunt</span> <span class='ocrx_word' id='word_1_379' title='bbox 1579 367 1689 405; x_wconf 87' lang='lat' dir='ltr'>plures</span> <span class='ocrx_word' id='word_1_380' title='bbox 1707 373 1806 398; x_wconf 81' lang='lat' dir='ltr'>testes</span> <span class='ocrx_word' id='word_1_381' title='bbox 1823 378 1887 399; x_wconf 88' lang='lat' dir='ltr'>non</span> <span class='ocrx_word' id='word_1_382' title='bbox 1907 380 2014 405; x_wconf 75' lang='lat' dir='ltr'>senes,</span> <span class='ocrx_word' id='word_1_383' title='bbox 2036 380 2098 401; x_wconf 90' lang='lat' dir='ltr'>non</span> <span class='ocrx_word' id='word_1_384' title='bbox 2118 374 2237 403; x_wconf 81' lang='lat' dir='ltr'>valitu-</span> 
     </span>
     <span class='ocr_line' id='line_1_53' title="bbox 1233 417 2237 459; baseline 0.009 -13"><span class='ocrx_word' id='word_1_385' title='bbox 1233 417 1391 448; x_wconf 84' lang='lat' dir='ltr'>dinarios.</span> <span class='ocrx_word' id='word_1_386' title='bbox 1415 428 1473 448; x_wconf 85' lang='lat' dir='ltr'>ncc</span> <span class='ocrx_word' id='word_1_387' title='bbox 1495 419 1533 449; x_wconf 89' lang='lat' dir='ltr'>de</span> <span class='ocrx_word' id='word_1_388' title='bbox 1554 429 1693 459; x_wconf 84' lang='lat' dir='ltr'>quorum</span> <span class='ocrx_word' id='word_1_389' title='bbox 1713 426 1815 451; x_wconf 88' lang='lat' dir='ltr'>morte</span> <span class='ocrx_word' id='word_1_390' title='bbox 1836 422 1888 451; x_wconf 69' lang='lat' dir='ltr'>vel</span> <span class='ocrx_word' id='word_1_391' title='bbox 1908 422 2064 453; x_wconf 86' lang='lat' dir='ltr'>diuturna</span> <span class='ocrx_word' id='word_1_392' title='bbox 2087 425 2237 455; x_wconf 68' lang='lat' dir='ltr'>absentia</span> 
     </span>
     <span class='ocr_line' id='line_1_54' title="bbox 1233 470 2235 510; baseline 0.009 -12"><span class='ocrx_word' id='word_1_393' title='bbox 1233 470 1411 500; x_wconf 84' lang='lat' dir='ltr'>timebatur</span> <span class='ocrx_word' id='word_1_394' title='bbox 1434 481 1440 500; x_wconf 72' lang='grc' dir='ltr'>ε</span> <span class='ocrx_word' id='word_1_395' title='bbox 1463 472 1642 510; x_wconf 81' lang='lat' dir='ltr'>predictam</span> <span class='ocrx_word' id='word_1_396' title='bbox 1664 474 2014 504; x_wconf 75' lang='lat' dir='ltr'>excommunicationis</span> <span class='ocrx_word' id='word_1_397' title='bbox 2037 479 2235 507; x_wconf 79' lang='lat' dir='ltr'>sententiam</span> 
     </span>
     <span class='ocr_line' id='line_1_55' title="bbox 1234 522 2235 565; baseline 0.008 -14"><span class='ocrx_word' id='word_1_398' title='bbox 1234 522 1359 552; x_wconf 84' lang='lat' dir='ltr'>nullam</span> <span class='ocrx_word' id='word_1_399' title='bbox 1391 529 1419 553; x_wconf 86' lang='lat' dir='ltr'>et</span> <span class='ocrx_word' id='word_1_400' title='bbox 1458 525 1679 563; x_wconf 75' lang='lat' dir='ltr'>receptionem</span> <span class='ocrx_word' id='word_1_401' title='bbox 1708 526 1898 565; x_wconf 75' lang='lat' dir='ltr'>hujusmodi</span> <span class='ocrx_word' id='word_1_402' title='bbox 1938 528 2071 558; x_wconf 87' lang='lat' dir='ltr'>testium</span> <span class='ocrx_word' id='word_1_403' title='bbox 2107 530 2235 560; x_wconf 83' lang='lat' dir='ltr'>irritam</span> 
     </span>
     <span class='ocr_line' id='line_1_56' title="bbox 1234 575 2237 619; baseline 0.008 -16"><span class='ocrx_word' id='word_1_404' title='bbox 1234 575 1394 611; x_wconf 75' lang='lat' dir='ltr'>nuntiari,</span> <span class='ocrx_word' id='word_1_405' title='bbox 1412 586 1447 606; x_wconf 91' lang='lat' dir='ltr'>ac</span> <span class='ocrx_word' id='word_1_406' title='bbox 1465 586 1519 606; x_wconf 85' lang='lat' dir='ltr'>eos</span> <span class='ocrx_word' id='word_1_407' title='bbox 1538 577 1655 608; x_wconf 86' lang='lat' dir='ltr'>haberi</span> <span class='ocrx_word' id='word_1_408' title='bbox 1674 587 1730 616; x_wconf 92' lang='lat' dir='ltr'>pro</span> <span class='ocrx_word' id='word_1_409' title='bbox 1752 588 1816 608; x_wconf 91' lang='lat' dir='ltr'>non</span> <span class='ocrx_word' id='word_1_410' title='bbox 1836 580 1987 618; x_wconf 73' lang='lat' dir='ltr'>receptis,</span> <span class='ocrx_word' id='word_1_411' title='bbox 2006 581 2039 609; x_wconf 92' lang='lat' dir='ltr'>in</span> <span class='ocrx_word' id='word_1_412' title='bbox 2056 581 2161 619; x_wconf 79' lang='lat' dir='ltr'>ipsius</span> <span class='ocrx_word' id='word_1_413' title='bbox 2178 593 2237 611; x_wconf 88' lang='lat' dir='ltr'>au-</span> 
     </span>
     <span class='ocr_line' id='line_1_57' title="bbox 1233 627 2238 672; baseline 0.008 -16"><span class='ocrx_word' id='word_1_414' title='bbox 1233 627 1349 657; x_wconf 85' lang='lat' dir='ltr'>ditoris</span> <span class='ocrx_word' id='word_1_415' title='bbox 1366 630 1532 666; x_wconf 75' lang='lat' dir='ltr'>presentia</span> <span class='ocrx_word' id='word_1_416' title='bbox 1549 630 1737 668; x_wconf 76' lang='lat' dir='ltr'>postulavit.</span> <span class='ocrx_word' id='word_1_417' title='bbox 1755 631 1837 661; x_wconf 91' lang='lat' dir='ltr'>Cum</span> <span class='ocrx_word' id='word_1_418' title='bbox 1854 637 1962 662; x_wconf 87' lang='lat' dir='ltr'>autem</span> <span class='ocrx_word' id='word_1_419' title='bbox 1981 633 2020 662; x_wconf 91' lang='lat' dir='ltr'>ad</span> <span class='ocrx_word' id='word_1_420' title='bbox 2042 633 2101 663; x_wconf 90' lang='lat' dir='ltr'>hec</span> <span class='ocrx_word' id='word_1_421' title='bbox 2119 644 2238 672; x_wconf 76' lang='lat' dir='ltr'>procu-</span> 
     </span>
     <span class='ocr_line' id='line_1_58' title="bbox 1233 682 2237 723; baseline 0.008 -15"><span class='ocrx_word' id='word_1_422' title='bbox 1233 685 1321 709; x_wconf 86' lang='lat' dir='ltr'>rator</span> <span class='ocrx_word' id='word_1_423' title='bbox 1337 682 1439 719; x_wconf 82' lang='lat' dir='ltr'>partis</span> <span class='ocrx_word' id='word_1_424' title='bbox 1463 682 1600 712; x_wconf 81' lang='lat' dir='ltr'>alterius</span> <span class='ocrx_word' id='word_1_425' title='bbox 1617 684 1841 721; x_wconf 80' lang='lat' dir='ltr'>respondisset</span> <span class='ocrx_word' id='word_1_426' title='bbox 1865 694 1914 719; x_wconf 69' lang='lat' dir='ltr'>ea,</span> <span class='ocrx_word' id='word_1_427' title='bbox 1937 691 2031 723; x_wconf 88' lang='lat' dir='ltr'>prout</span> <span class='ocrx_word' id='word_1_428' title='bbox 2056 687 2237 716; x_wconf 83' lang='lat' dir='ltr'>narraban-</span> 
     </span>
     <span class='ocr_line' id='line_1_59' title="bbox 1235 737 2237 774; baseline 0.008 -12"><span class='ocrx_word' id='word_1_429' title='bbox 1235 737 1296 762; x_wconf 90' lang='lat' dir='ltr'>tur.</span> <span class='ocrx_word' id='word_1_430' title='bbox 1315 743 1391 764; x_wconf 74' lang='lat' dir='ltr'>vera</span> <span class='ocrx_word' id='word_1_431' title='bbox 1409 744 1473 764; x_wconf 90' lang='lat' dir='ltr'>non</span> <span class='ocrx_word' id='word_1_432' title='bbox 1491 744 1562 765; x_wconf 71' lang='lat' dir='ltr'>esse</span> <span class='ocrx_word' id='word_1_433' title='bbox 1580 741 1609 765; x_wconf 90' lang='lat' dir='ltr'>et</span> <span class='ocrx_word' id='word_1_434' title='bbox 1633 737 1734 774; x_wconf 80' lang='lat' dir='ltr'>petita</span> <span class='ocrx_word' id='word_1_435' title='bbox 1750 737 1821 767; x_wconf 82' lang='lat' dir='ltr'>fieri</span> <span class='ocrx_word' id='word_1_436' title='bbox 1844 747 1908 767; x_wconf 92' lang='lat' dir='ltr'>non</span> <span class='ocrx_word' id='word_1_437' title='bbox 1932 738 2061 773; x_wconf 78' lang='lat' dir='ltr'>dehere,</span> <span class='ocrx_word' id='word_1_438' title='bbox 2085 749 2120 769; x_wconf 89' lang='lat' dir='ltr'>ac</span> <span class='ocrx_word' id='word_1_439' title='bbox 2141 740 2237 770; x_wconf 85' lang='lat' dir='ltr'>obtu-</span> 
     </span>
     <span class='ocr_line' id='line_1_60' title="bbox 1231 785 2238 829; baseline 0.008 -15"><span class='ocrx_word' id='word_1_440' title='bbox 1231 785 1326 815; x_wconf 84' lang='lat' dir='ltr'>lisset</span> <span class='ocrx_word' id='word_1_441' title='bbox 1362 796 1461 825; x_wconf 87' lang='lat' dir='ltr'>super</span> <span class='ocrx_word' id='word_1_442' title='bbox 1497 788 1671 826; x_wconf 85' lang='lat' dir='ltr'>principali</span> <span class='ocrx_word' id='word_1_443' title='bbox 1707 789 1866 825; x_wconf 86' lang='lat' dir='ltr'>libellum.</span> <span class='ocrx_word' id='word_1_444' title='bbox 1902 800 1959 828; x_wconf 88' lang='lat' dir='ltr'>per</span> <span class='ocrx_word' id='word_1_445' title='bbox 1994 797 2238 829; x_wconf 84' lang='lat' dir='ltr'>procuratorem</span> 
     </span>
     <span class='ocr_line' id='line_1_61' title="bbox 1233 839 2238 883; baseline 0.008 -16"><span class='ocrx_word' id='word_1_446' title='bbox 1233 839 1381 877; x_wconf 90' lang='lat' dir='ltr'>ejusdem</span> <span class='ocrx_word' id='word_1_447' title='bbox 1404 840 1526 869; x_wconf 83' lang='lat' dir='ltr'>nobilis</span> <span class='ocrx_word' id='word_1_448' title='bbox 1551 841 1613 870; x_wconf 81' lang='lat' dir='ltr'>fuit</span> <span class='ocrx_word' id='word_1_449' title='bbox 1642 842 1834 879; x_wconf 75' lang='lat' dir='ltr'>excipiendo</span> <span class='ocrx_word' id='word_1_450' title='bbox 1855 844 2058 881; x_wconf 90' lang='lat' dir='ltr'>propositum</span> <span class='ocrx_word' id='word_1_451' title='bbox 2079 845 2164 883; x_wconf 89' lang='lat' dir='ltr'>quod</span> <span class='ocrx_word' id='word_1_452' title='bbox 2186 855 2238 876; x_wconf 88' lang='lat' dir='ltr'>re-</span> 
     </span>
     <span class='ocr_line' id='line_1_62' title="bbox 1233 892 2239 934; baseline 0.008 -14"><span class='ocrx_word' id='word_1_453' title='bbox 1233 892 1393 929; x_wconf 83' lang='lat' dir='ltr'>spondere</span> <span class='ocrx_word' id='word_1_454' title='bbox 1416 893 1553 923; x_wconf 86' lang='lat' dir='ltr'>minime</span> <span class='ocrx_word' id='word_1_455' title='bbox 1581 894 1770 930; x_wconf 75' lang='lat' dir='ltr'>tenebatur.</span> <span class='ocrx_word' id='word_1_456' title='bbox 1805 896 1870 925; x_wconf 84' lang='lat' dir='ltr'>nisi</span> <span class='ocrx_word' id='word_1_457' title='bbox 1894 896 1986 934; x_wconf 90' lang='lat' dir='ltr'>prius</span> <span class='ocrx_word' id='word_1_458' title='bbox 2010 898 2239 928; x_wconf 83' lang='lat' dir='ltr'>restitueretur</span> 
     </span>
     <span class='ocr_line' id='line_1_63' title="bbox 1233 945 2236 987; baseline 0.008 -14"><span class='ocrx_word' id='word_1_459' title='bbox 1233 945 1339 974; x_wconf 88' lang='lat' dir='ltr'>eidem</span> <span class='ocrx_word' id='word_1_460' title='bbox 1365 946 1505 984; x_wconf 85' lang='lat' dir='ltr'>quedam</span> <span class='ocrx_word' id='word_1_461' title='bbox 1532 953 1628 979; x_wconf 73' lang='lat' dir='ltr'>terra.</span> <span class='ocrx_word' id='word_1_462' title='bbox 1657 957 1720 986; x_wconf 85' lang='lat' dir='ltr'>que</span> <span class='ocrx_word' id='word_1_463' title='bbox 1745 948 1867 978; x_wconf 86' lang='lat' dir='ltr'>dicitur</span> <span class='ocrx_word' id='word_1_464' title='bbox 1889 949 1927 978; x_wconf 91' lang='lat' dir='ltr'>de</span> <span class='ocrx_word' id='word_1_465' title='bbox 1955 950 2059 980; x_wconf 87' lang='lat' dir='ltr'>Bosco</span> <span class='ocrx_word' id='word_1_466' title='bbox 2081 951 2236 987; x_wconf 77' lang='lat' dir='ltr'>Gihaudi,</span> 
     </span>
     <span class='ocr_line' id='line_1_64' title="bbox 1233 997 2237 1042; baseline 0.006 -16"><span class='ocrx_word' id='word_1_467' title='bbox 1233 1006 1297 1035; x_wconf 83' lang='lat' dir='ltr'>qua</span> <span class='ocrx_word' id='word_1_468' title='bbox 1313 997 1441 1027; x_wconf 80' lang='lat' dir='ltr'>dicebat</span> <span class='ocrx_word' id='word_1_469' title='bbox 1458 999 1563 1036; x_wconf 85' lang='lat' dir='ltr'>ipsam</span> <span class='ocrx_word' id='word_1_470' title='bbox 1586 1009 1603 1028; x_wconf 85' lang='lat' dir='ltr'>a</span> <span class='ocrx_word' id='word_1_471' title='bbox 1622 1005 1713 1037; x_wconf 85' lang='lat' dir='ltr'>parte</span> <span class='ocrx_word' id='word_1_472' title='bbox 1734 1000 1836 1030; x_wconf 89' lang='lat' dir='ltr'>altera</span> <span class='ocrx_word' id='word_1_473' title='bbox 1853 1007 1965 1030; x_wconf 89' lang='lat' dir='ltr'>contra</span> <span class='ocrx_word' id='word_1_474' title='bbox 1980 1002 2145 1040; x_wconf 86' lang='lat' dir='ltr'>justitiam</span> <span class='ocrx_word' id='word_1_475' title='bbox 2163 1012 2237 1042; x_wconf 90' lang='lat' dir='ltr'>spo-</span> 
     </span>
     <span class='ocr_line' id='line_1_65' title="bbox 1232 1049 2237 1094; baseline 0.007 -16"><span class='ocrx_word' id='word_1_476' title='bbox 1232 1049 1356 1085; x_wconf 72' lang='lat' dir='ltr'>liatam,</span> <span class='ocrx_word' id='word_1_477' title='bbox 1378 1050 1569 1081; x_wconf 76' lang='lat' dir='ltr'>homiuibus</span> <span class='ocrx_word' id='word_1_478' title='bbox 1592 1052 1661 1081; x_wconf 87' lang='lat' dir='ltr'>suis</span> <span class='ocrx_word' id='word_1_479' title='bbox 1679 1053 1756 1082; x_wconf 86' lang='lat' dir='ltr'>inde</span> <span class='ocrx_word' id='word_1_480' title='bbox 1780 1053 1941 1083; x_wconf 77' lang='lat' dir='ltr'>violenter</span> <span class='ocrx_word' id='word_1_481' title='bbox 1963 1054 2088 1092; x_wconf 66' lang='lat' dir='ltr'>ejectis,</span> <span class='ocrx_word' id='word_1_482' title='bbox 2113 1060 2141 1084; x_wconf 88' lang='lat' dir='ltr'>et</span> <span class='ocrx_word' id='word_1_483' title='bbox 2161 1065 2237 1094; x_wconf 85' lang='lat' dir='ltr'>qua-</span> 
     </span>
     <span class='ocr_line' id='line_1_66' title="bbox 1233 1102 2235 1143; baseline 0.006 -12"><span class='ocrx_word' id='word_1_484' title='bbox 1233 1102 1308 1132; x_wconf 89' lang='lat' dir='ltr'>dam</span> <span class='ocrx_word' id='word_1_485' title='bbox 1334 1103 1382 1132; x_wconf 90' lang='lat' dir='ltr'>ibi</span> <span class='ocrx_word' id='word_1_486' title='bbox 1407 1103 1501 1133; x_wconf 85' lang='lat' dir='ltr'>domo</span> <span class='ocrx_word' id='word_1_487' title='bbox 1529 1104 1569 1133; x_wconf 83' lang='lat' dir='ltr'>ad</span> <span class='ocrx_word' id='word_1_488' title='bbox 1594 1113 1675 1142; x_wconf 82' lang='lat' dir='ltr'>opus</span> <span class='ocrx_word' id='word_1_489' title='bbox 1702 1105 1841 1135; x_wconf 84' lang='lat' dir='ltr'>ecclesie</span> <span class='ocrx_word' id='word_1_490' title='bbox 1869 1106 2013 1143; x_wconf 81' lang='lat' dir='ltr'>predicte</span> <span class='ocrx_word' id='word_1_491' title='bbox 2038 1112 2235 1138; x_wconf 81' lang='lat' dir='ltr'>constructa.</span> 
     </span>
     <span class='ocr_line' id='line_1_67' title="bbox 1234 1156 2240 1198; baseline 0.006 -14"><span class='ocrx_word' id='word_1_492' title='bbox 1234 1156 1335 1185; x_wconf 87' lang='lat' dir='ltr'>Porro</span> <span class='ocrx_word' id='word_1_493' title='bbox 1362 1156 1469 1185; x_wconf 86' lang='lat' dir='ltr'>dictus</span> <span class='ocrx_word' id='word_1_494' title='bbox 1498 1157 1640 1190; x_wconf 74' lang='lat' dir='ltr'>auditor.</span> <span class='ocrx_word' id='word_1_495' title='bbox 1667 1158 1839 1195; x_wconf 71' lang='lat' dir='ltr'>premissis</span> <span class='ocrx_word' id='word_1_496' title='bbox 1866 1158 1901 1187; x_wconf 91' lang='lat' dir='ltr'>in</span> <span class='ocrx_word' id='word_1_497' title='bbox 1933 1164 2044 1188; x_wconf 88' lang='lat' dir='ltr'>nostra</span> <span class='ocrx_word' id='word_1_498' title='bbox 2073 1161 2240 1198; x_wconf 86' lang='lat' dir='ltr'>presentia</span> 
     </span>
     <span class='ocr_line' id='line_1_68' title="bbox 1233 1208 2239 1252; baseline 0.006 -15"><span class='ocrx_word' id='word_1_499' title='bbox 1233 1208 1374 1238; x_wconf 85' lang='lat' dir='ltr'>fideliter</span> <span class='ocrx_word' id='word_1_500' title='bbox 1388 1209 1545 1245; x_wconf 62' lang='lat' dir='ltr'>recitatis.</span> <span class='ocrx_word' id='word_1_501' title='bbox 1563 1219 1603 1240; x_wconf 92' lang='lat' dir='ltr'>ne</span> <span class='ocrx_word' id='word_1_502' title='bbox 1619 1211 1841 1248; x_wconf 77' lang='lat' dir='ltr'>cognitionem</span> <span class='ocrx_word' id='word_1_503' title='bbox 1858 1220 1956 1249; x_wconf 88' lang='lat' dir='ltr'>super</span> <span class='ocrx_word' id='word_1_504' title='bbox 1973 1213 2159 1250; x_wconf 62' lang='lat' dir='ltr'>principali.</span> <span class='ocrx_word' id='word_1_505' title='bbox 2176 1223 2239 1252; x_wconf 82' lang='lat' dir='ltr'>que</span> 
     </span>
     <span class='ocr_line' id='line_1_69' title="bbox 1233 1262 2240 1304; baseline 0.006 -14"><span class='ocrx_word' id='word_1_506' title='bbox 1233 1262 1302 1291; x_wconf 86' lang='lat' dir='ltr'>fere</span> <span class='ocrx_word' id='word_1_507' title='bbox 1319 1271 1376 1299; x_wconf 91' lang='lat' dir='ltr'>per</span> <span class='ocrx_word' id='word_1_508' title='bbox 1392 1262 1511 1299; x_wconf 79' lang='lat' dir='ltr'>viginti</span> <span class='ocrx_word' id='word_1_509' title='bbox 1527 1272 1632 1292; x_wconf 90' lang='lat' dir='ltr'>annos</span> <span class='ocrx_word' id='word_1_510' title='bbox 1653 1272 1710 1301; x_wconf 91' lang='lat' dir='ltr'>per</span> <span class='ocrx_word' id='word_1_511' title='bbox 1726 1263 1864 1301; x_wconf 76' lang='lat' dir='ltr'>diffugia</span> <span class='ocrx_word' id='word_1_512' title='bbox 1879 1264 1964 1294; x_wconf 84' lang='lat' dir='ltr'>dicte</span> <span class='ocrx_word' id='word_1_513' title='bbox 1981 1265 2102 1295; x_wconf 85' lang='lat' dir='ltr'>nobilis</span> <span class='ocrx_word' id='word_1_514' title='bbox 2119 1271 2149 1296; x_wconf 91' lang='lat' dir='ltr'>et</span> <span class='ocrx_word' id='word_1_515' title='bbox 2166 1276 2240 1304; x_wconf 91' lang='lat' dir='ltr'>pre-</span> 
     </span>
     <span class='ocr_line' id='line_1_70' title="bbox 1233 1314 2240 1356; baseline 0.006 -13"><span class='ocrx_word' id='word_1_516' title='bbox 1233 1315 1293 1343; x_wconf 78' lang='lat' dir='ltr'>fati</span> <span class='ocrx_word' id='word_1_517' title='bbox 1316 1314 1487 1354; x_wconf 87' lang='lat' dir='ltr'>O[ddonis]</span> <span class='ocrx_word' id='word_1_518' title='bbox 1509 1315 1548 1345; x_wconf 89' lang='lat' dir='ltr'>de</span> <span class='ocrx_word' id='word_1_519' title='bbox 1572 1315 1682 1345; x_wconf 83' lang='lat' dir='ltr'>Soleio</span> <span class='ocrx_word' id='word_1_520' title='bbox 1704 1316 1869 1346; x_wconf 84' lang='lat' dir='ltr'>retardata</span> <span class='ocrx_word' id='word_1_521' title='bbox 1891 1317 2010 1351; x_wconf 74' lang='lat' dir='ltr'>fuerat.</span> <span class='ocrx_word' id='word_1_522' title='bbox 2034 1318 2240 1356; x_wconf 79' lang='lat' dir='ltr'>contingeret</span> 
     </span>
     <span class='ocr_line' id='line_1_71' title="bbox 1233 1367 2239 1409; baseline 0.005 -13"><span class='ocrx_word' id='word_1_523' title='bbox 1233 1367 1374 1397; x_wconf 90' lang='lat' dir='ltr'>ulterius</span> <span class='ocrx_word' id='word_1_524' title='bbox 1401 1368 1580 1406; x_wconf 68' lang='lat' dir='ltr'>prorogari,</span> <span class='ocrx_word' id='word_1_525' title='bbox 1610 1368 1670 1398; x_wconf 87' lang='lat' dir='ltr'>sub</span> <span class='ocrx_word' id='word_1_526' title='bbox 1698 1378 1735 1398; x_wconf 90' lang='lat' dir='ltr'>ea</span> <span class='ocrx_word' id='word_1_527' title='bbox 1761 1369 1960 1400; x_wconf 84' lang='lat' dir='ltr'>conditione.</span> <span class='ocrx_word' id='word_1_528' title='bbox 1989 1370 2028 1400; x_wconf 93' lang='lat' dir='ltr'>de</span> <span class='ocrx_word' id='word_1_529' title='bbox 2052 1372 2239 1409; x_wconf 79' lang='lat' dir='ltr'>provisione</span> 
     </span>
     <span class='ocr_line' id='line_1_72' title="bbox 1234 1420 2239 1462; baseline 0.006 -14"><span class='ocrx_word' id='word_1_530' title='bbox 1234 1425 1357 1455; x_wconf 69' lang='lat' dir='ltr'>nostra,</span> <span class='ocrx_word' id='word_1_531' title='bbox 1382 1420 1475 1450; x_wconf 90' lang='lat' dir='ltr'>litem</span> <span class='ocrx_word' id='word_1_532' title='bbox 1497 1429 1606 1450; x_wconf 88' lang='lat' dir='ltr'>coram</span> <span class='ocrx_word' id='word_1_533' title='bbox 1628 1430 1662 1451; x_wconf 86' lang='lat' dir='ltr'>se</span> <span class='ocrx_word' id='word_1_534' title='bbox 1688 1421 1764 1451; x_wconf 87' lang='lat' dir='ltr'>fecit</span> <span class='ocrx_word' id='word_1_535' title='bbox 1788 1431 1887 1460; x_wconf 91' lang='lat' dir='ltr'>super</span> <span class='ocrx_word' id='word_1_536' title='bbox 1908 1423 2084 1461; x_wconf 88' lang='lat' dir='ltr'>principali</span> <span class='ocrx_word' id='word_1_537' title='bbox 2107 1425 2239 1462; x_wconf 78' lang='lat' dir='ltr'>negotio</span> 
     </span>
     <span class='ocr_line' id='line_1_73' title="bbox 1233 1473 2239 1507; baseline 0.005 -5"><span class='ocrx_word' id='word_1_538' title='bbox 1233 1473 1424 1507; x_wconf 82' lang='lat' dir='ltr'>contestari,</span> <span class='ocrx_word' id='word_1_539' title='bbox 1438 1478 1485 1507; x_wconf 65' lang='lat' dir='ltr'>ut,</span> <span class='ocrx_word' id='word_1_540' title='bbox 1499 1474 1527 1503; x_wconf 88' lang='lat' dir='ltr'>si</span> <span class='ocrx_word' id='word_1_541' title='bbox 1542 1474 1655 1504; x_wconf 87' lang='lat' dir='ltr'>eadem</span> <span class='ocrx_word' id='word_1_542' title='bbox 1672 1474 1793 1504; x_wconf 86' lang='lat' dir='ltr'>nobilis</span> <span class='ocrx_word' id='word_1_543' title='bbox 1810 1484 1844 1504; x_wconf 86' lang='lat' dir='ltr'>se</span> <span class='ocrx_word' id='word_1_544' title='bbox 1858 1475 1947 1505; x_wconf 80' lang='lat' dir='ltr'>infra</span> <span class='ocrx_word' id='word_1_545' title='bbox 1963 1476 2141 1506; x_wconf 88' lang='lat' dir='ltr'>terminum</span> <span class='ocrx_word' id='word_1_546' title='bbox 2155 1486 2239 1507; x_wconf 90' lang='lat' dir='ltr'>com-</span> 
     </span>
     <span class='ocr_line' id='line_1_74' title="bbox 1232 1527 2240 1568; baseline 0.003 -12"><span class='ocrx_word' id='word_1_547' title='bbox 1232 1531 1399 1564; x_wconf 90' lang='lat' dir='ltr'>petentem</span> <span class='ocrx_word' id='word_1_548' title='bbox 1421 1527 1508 1556; x_wconf 82' lang='lat' dir='ltr'>dicta</span> <span class='ocrx_word' id='word_1_549' title='bbox 1530 1531 1617 1556; x_wconf 89' lang='lat' dir='ltr'>terra</span> <span class='ocrx_word' id='word_1_550' title='bbox 1640 1527 1825 1565; x_wconf 77' lang='lat' dir='ltr'>probaverit</span> <span class='ocrx_word' id='word_1_551' title='bbox 1848 1532 1961 1557; x_wconf 91' lang='lat' dir='ltr'>contra</span> <span class='ocrx_word' id='word_1_552' title='bbox 1979 1529 2144 1567; x_wconf 86' lang='lat' dir='ltr'>justitiam</span> <span class='ocrx_word' id='word_1_553' title='bbox 2166 1539 2240 1568; x_wconf 81' lang='lat' dir='ltr'>spo-</span> 
     </span>
     <span class='ocr_line' id='line_1_75' title="bbox 1233 1579 2240 1620; baseline 0.004 -12"><span class='ocrx_word' id='word_1_554' title='bbox 1233 1579 1359 1614; x_wconf 74' lang='lat' dir='ltr'>liatam.</span> <span class='ocrx_word' id='word_1_555' title='bbox 1388 1584 1463 1610; x_wconf 84' lang='lat' dir='ltr'>ante</span> <span class='ocrx_word' id='word_1_556' title='bbox 1491 1589 1590 1618; x_wconf 88' lang='lat' dir='ltr'>quam</span> <span class='ocrx_word' id='word_1_557' title='bbox 1616 1580 1671 1609; x_wconf 87' lang='lat' dir='ltr'>fiat</span> <span class='ocrx_word' id='word_1_558' title='bbox 1700 1580 1878 1615; x_wconf 68' lang='lat' dir='ltr'>restitutio,</span> <span class='ocrx_word' id='word_1_559' title='bbox 1906 1581 1941 1610; x_wconf 93' lang='lat' dir='ltr'>in</span> <span class='ocrx_word' id='word_1_560' title='bbox 1969 1581 2081 1611; x_wconf 86' lang='lat' dir='ltr'>eodem</span> <span class='ocrx_word' id='word_1_561' title='bbox 2109 1583 2240 1620; x_wconf 81' lang='lat' dir='ltr'>negotio</span> 
     </span>
     <span class='ocr_line' id='line_1_76' title="bbox 1233 1633 2241 1672; baseline 0.003 -10"><span class='ocrx_word' id='word_1_562' title='bbox 1233 1634 1371 1663; x_wconf 89' lang='lat' dir='ltr'>minime</span> <span class='ocrx_word' id='word_1_563' title='bbox 1388 1633 1594 1672; x_wconf 85' lang='lat' dir='ltr'>procedatur.</span> <span class='ocrx_word' id='word_1_564' title='bbox 1611 1634 1773 1668; x_wconf 80' lang='lat' dir='ltr'>Preterea,</span> <span class='ocrx_word' id='word_1_565' title='bbox 1793 1643 1868 1663; x_wconf 87' lang='lat' dir='ltr'>cum</span> <span class='ocrx_word' id='word_1_566' title='bbox 1884 1634 1915 1664; x_wconf 90' lang='lat' dir='ltr'>ei</span> <span class='ocrx_word' id='word_1_567' title='bbox 1929 1635 2143 1665; x_wconf 86' lang='lat' dir='ltr'>constiterita</span> <span class='ocrx_word' id='word_1_568' title='bbox 2155 1636 2241 1666; x_wconf 90' lang='lat' dir='ltr'>dicto</span> 
     </span>
     <span class='ocr_line' id='line_1_77' title="bbox 1234 1687 2242 1727; baseline 0.002 -11"><span class='ocrx_word' id='word_1_569' title='bbox 1234 1687 1482 1725; x_wconf 87' lang='lat' dir='ltr'>archiepiscopo</span> <span class='ocrx_word' id='word_1_570' title='bbox 1500 1691 1530 1716; x_wconf 90' lang='lat' dir='ltr'>et</span> <span class='ocrx_word' id='word_1_571' title='bbox 1549 1687 1621 1726; x_wconf 89' lang='lat' dir='ltr'>ejus</span> <span class='ocrx_word' id='word_1_572' title='bbox 1637 1687 1867 1726; x_wconf 88' lang='lat' dir='ltr'>conjudicibus</span> <span class='ocrx_word' id='word_1_573' title='bbox 1889 1688 2000 1717; x_wconf 90' lang='lat' dir='ltr'>minus</span> <span class='ocrx_word' id='word_1_574' title='bbox 2021 1687 2167 1725; x_wconf 75' lang='lat' dir='ltr'>legitime</span> <span class='ocrx_word' id='word_1_575' title='bbox 2185 1698 2242 1727; x_wconf 86' lang='lat' dir='ltr'>ap-</span> 
     </span>
     <span class='ocr_line' id='line_1_78' title="bbox 1232 1740 2242 1779; baseline 0.001 -9"><span class='ocrx_word' id='word_1_576' title='bbox 1232 1740 1402 1779; x_wconf 74' lang='lat' dir='ltr'>pellatum,</span> <span class='ocrx_word' id='word_1_577' title='bbox 1425 1740 1568 1770; x_wconf 78' lang='lat' dir='ltr'>decrevit</span> <span class='ocrx_word' id='word_1_578' title='bbox 1593 1740 1713 1770; x_wconf 88' lang='lat' dir='ltr'>dictam</span> <span class='ocrx_word' id='word_1_579' title='bbox 1735 1741 2085 1771; x_wconf 72' lang='lat' dir='ltr'>excommunicationis</span> <span class='ocrx_word' id='word_1_580' title='bbox 2108 1746 2242 1771; x_wconf 90' lang='lat' dir='ltr'>senten-</span> 
     </span>
     <span class='ocr_line' id='line_1_79' title="bbox 1234 1794 2240 1832; baseline 0.001 -8"><span class='ocrx_word' id='word_1_581' title='bbox 1234 1795 1312 1824; x_wconf 87' lang='lat' dir='ltr'>tiam</span> <span class='ocrx_word' id='word_1_582' title='bbox 1334 1794 1475 1824; x_wconf 76' lang='lat' dir='ltr'>relaxari</span> <span class='ocrx_word' id='word_1_583' title='bbox 1499 1794 1627 1828; x_wconf 70' lang='lat' dir='ltr'>debere,</span> <span class='ocrx_word' id='word_1_584' title='bbox 1648 1799 1821 1832; x_wconf 86' lang='lat' dir='ltr'>postquam</span> <span class='ocrx_word' id='word_1_585' title='bbox 1836 1794 1909 1832; x_wconf 90' lang='lat' dir='ltr'>ipsa</span> <span class='ocrx_word' id='word_1_586' title='bbox 1931 1794 2052 1824; x_wconf 84' lang='lat' dir='ltr'>nobilis</span> <span class='ocrx_word' id='word_1_587' title='bbox 2072 1795 2240 1825; x_wconf 85' lang='lat' dir='ltr'>sufficien—</span> 
     </span>
     <span class='ocr_line' id='line_1_80' title="bbox 1234 1847 2241 1885; baseline 0.001 -8"><span class='ocrx_word' id='word_1_588' title='bbox 1234 1852 1299 1877; x_wconf 88' lang='lat' dir='ltr'>tem</span> <span class='ocrx_word' id='word_1_589' title='bbox 1322 1847 1360 1877; x_wconf 89' lang='lat' dir='ltr'>de</span> <span class='ocrx_word' id='word_1_590' title='bbox 1384 1847 1528 1885; x_wconf 86' lang='lat' dir='ltr'>parendo</span> <span class='ocrx_word' id='word_1_591' title='bbox 1547 1847 1616 1885; x_wconf 89' lang='lat' dir='ltr'>juri</span> <span class='ocrx_word' id='word_1_592' title='bbox 1638 1847 1825 1877; x_wconf 85' lang='lat' dir='ltr'>cautionem</span> <span class='ocrx_word' id='word_1_593' title='bbox 1845 1847 2038 1885; x_wconf 80' lang='lat' dir='ltr'>prestiterit,</span> <span class='ocrx_word' id='word_1_594' title='bbox 2061 1852 2100 1882; x_wconf 76' lang='lat' dir='ltr'>et,</span> <span class='ocrx_word' id='word_1_595' title='bbox 2129 1849 2241 1878; x_wconf 90' lang='lat' dir='ltr'>mode-</span> 
     </span>
     <span class='ocr_line' id='line_1_81' title="bbox 1233 1899 2241 1938; baseline 0 -8"><span class='ocrx_word' id='word_1_596' title='bbox 1233 1905 1304 1930; x_wconf 85' lang='lat' dir='ltr'>rata</span> <span class='ocrx_word' id='word_1_597' title='bbox 1321 1900 1485 1929; x_wconf 74' lang='lat' dir='ltr'>taxatione</span> <span class='ocrx_word' id='word_1_598' title='bbox 1502 1899 1705 1938; x_wconf 60' lang='lat' dir='ltr'>preambuhi,</span> <span class='ocrx_word' id='word_1_599' title='bbox 1720 1899 1918 1929; x_wconf 80' lang='lat' dir='ltr'>satisfecerit</span> <span class='ocrx_word' id='word_1_600' title='bbox 1933 1900 2017 1937; x_wconf 89' lang='lat' dir='ltr'>parti</span> <span class='ocrx_word' id='word_1_601' title='bbox 2034 1900 2072 1930; x_wconf 89' lang='lat' dir='ltr'>de</span> <span class='ocrx_word' id='word_1_602' title='bbox 2089 1901 2241 1938; x_wconf 76' lang='lat' dir='ltr'>expensis</span> 
     </span>
     <span class='ocr_line' id='line_1_82' title="bbox 1235 1952 2242 1992; baseline 0.002 -11"><span class='ocrx_word' id='word_1_603' title='bbox 1235 1962 1316 1992; x_wconf 86' lang='lat' dir='ltr'>quas</span> <span class='ocrx_word' id='word_1_604' title='bbox 1333 1952 1506 1982; x_wconf 81' lang='lat' dir='ltr'>occasione</span> <span class='ocrx_word' id='word_1_605' title='bbox 1525 1952 1715 1991; x_wconf 88' lang='lat' dir='ltr'>hujusmodi</span> <span class='ocrx_word' id='word_1_606' title='bbox 1734 1952 1965 1990; x_wconf 83' lang='lat' dir='ltr'>appellationis</span> <span class='ocrx_word' id='word_1_607' title='bbox 1981 1953 2121 1982; x_wconf 86' lang='lat' dir='ltr'>incurrit</span> <span class='ocrx_word' id='word_1_608' title='bbox 2138 1964 2144 1982; x_wconf 90' lang='lat'><strong>:</strong></span> <span class='ocrx_word' id='word_1_609' title='bbox 2167 1963 2242 1991; x_wconf 89' lang='lat' dir='ltr'>pro-</span> 
     </span>
     <span class='ocr_line' id='line_1_83' title="bbox 1235 2003 2242 2042; baseline 0 -8"><span class='ocrx_word' id='word_1_610' title='bbox 1235 2005 1315 2034; x_wconf 73' lang='lat' dir='ltr'>vidit</span> <span class='ocrx_word' id='word_1_611' title='bbox 1343 2004 1443 2034; x_wconf 86' lang='lat' dir='ltr'>etiam</span> <span class='ocrx_word' id='word_1_612' title='bbox 1466 2008 1513 2038; x_wconf 72' lang='lat' dir='ltr'>ut,</span> <span class='ocrx_word' id='word_1_613' title='bbox 1541 2004 1569 2033; x_wconf 89' lang='lat' dir='ltr'>si</span> <span class='ocrx_word' id='word_1_614' title='bbox 1595 2003 1714 2033; x_wconf 89' lang='lat' dir='ltr'>dictam</span> <span class='ocrx_word' id='word_1_615' title='bbox 1739 2003 1883 2033; x_wconf 89' lang='lat' dir='ltr'>nobilem</span> <span class='ocrx_word' id='word_1_616' title='bbox 1905 2004 2043 2042; x_wconf 87' lang='lat' dir='ltr'>probare</span> <span class='ocrx_word' id='word_1_617' title='bbox 2066 2004 2242 2042; x_wconf 84' lang='lat' dir='ltr'>contigerit</span> 
     </span>
     <span class='ocr_line' id='line_1_84' title="bbox 1235 2056 2241 2097; baseline -0.001 -9"><span class='ocrx_word' id='word_1_618' title='bbox 1235 2058 1321 2097; x_wconf 88' lang='lat' dir='ltr'>quod</span> <span class='ocrx_word' id='word_1_619' title='bbox 1337 2057 1457 2096; x_wconf 81' lang='lat' dir='ltr'>prefati</span> <span class='ocrx_word' id='word_1_620' title='bbox 1475 2056 1683 2086; x_wconf 82' lang='lat' dir='ltr'>subdecanus</span> <span class='ocrx_word' id='word_1_621' title='bbox 1700 2062 1730 2086; x_wconf 89' lang='lat' dir='ltr'>et</span> <span class='ocrx_word' id='word_1_622' title='bbox 1746 2056 1871 2094; x_wconf 78' lang='lat' dir='ltr'>collega</span> <span class='ocrx_word' id='word_1_623' title='bbox 1884 2056 1990 2094; x_wconf 88' lang='lat' dir='ltr'>ipsius</span> <span class='ocrx_word' id='word_1_624' title='bbox 2006 2057 2040 2086; x_wconf 92' lang='lat' dir='ltr'>in</span> <span class='ocrx_word' id='word_1_625' title='bbox 2054 2057 2241 2095; x_wconf 82' lang='lat' dir='ltr'>receptione</span> 
     </span>
     <span class='ocr_line' id='line_1_85' title="bbox 1235 2110 2241 2147; baseline -0.002 -6"><span class='ocrx_word' id='word_1_626' title='bbox 1235 2112 1381 2146; x_wconf 72' lang='lat' dir='ltr'>testium,</span> <span class='ocrx_word' id='word_1_627' title='bbox 1411 2115 1445 2139; x_wconf 89' lang='lat' dir='ltr'>ut</span> <span class='ocrx_word' id='word_1_628' title='bbox 1472 2110 1626 2147; x_wconf 87' lang='lat' dir='ltr'>superius</span> <span class='ocrx_word' id='word_1_629' title='bbox 1655 2114 1702 2139; x_wconf 86' lang='lat' dir='ltr'>est</span> <span class='ocrx_word' id='word_1_630' title='bbox 1731 2119 1933 2147; x_wconf 69' lang='lat' dir='ltr'>expressum.</span> <span class='ocrx_word' id='word_1_631' title='bbox 1962 2110 2109 2139; x_wconf 84' lang='lat' dir='ltr'>mandati</span> <span class='ocrx_word' id='word_1_632' title='bbox 2136 2111 2241 2140; x_wconf 90' lang='lat' dir='ltr'>nostri</span> 
     </span>
     <span class='ocr_line' id='line_1_86' title="bbox 1235 2162 2242 2200; baseline -0.002 -6"><span class='ocrx_word' id='word_1_633' title='bbox 1235 2165 1375 2194; x_wconf 80' lang='lat' dir='ltr'>formam</span> <span class='ocrx_word' id='word_1_634' title='bbox 1391 2163 1604 2196; x_wconf 75' lang='lat' dir='ltr'>excesserint=</span> <span class='ocrx_word' id='word_1_635' title='bbox 1623 2167 1653 2192; x_wconf 93' lang='lat' dir='ltr'>et</span> <span class='ocrx_word' id='word_1_636' title='bbox 1670 2162 1741 2200; x_wconf 84' lang='lat' dir='ltr'>ipsa</span> <span class='ocrx_word' id='word_1_637' title='bbox 1758 2167 1889 2200; x_wconf 89' lang='lat' dir='ltr'>propter</span> <span class='ocrx_word' id='word_1_638' title='bbox 1903 2162 1964 2192; x_wconf 90' lang='lat' dir='ltr'>hoc</span> <span class='ocrx_word' id='word_1_639' title='bbox 1981 2162 2021 2192; x_wconf 89' lang='lat' dir='ltr'>ad</span> <span class='ocrx_word' id='word_1_640' title='bbox 2036 2171 2095 2192; x_wconf 90' lang='lat' dir='ltr'>nos</span> <span class='ocrx_word' id='word_1_641' title='bbox 2113 2163 2242 2193; x_wconf 79' lang='lat' dir='ltr'>duxerit</span> 
     </span>
     <span class='ocr_line' id='line_1_87' title="bbox 1235 2215 2241 2256; baseline -0.004 -8"><span class='ocrx_word' id='word_1_642' title='bbox 1235 2217 1479 2256; x_wconf 68' lang='lat' dir='ltr'>appellandum,</span> <span class='ocrx_word' id='word_1_643' title='bbox 1498 2220 1597 2245; x_wconf 87' lang='lat' dir='ltr'>testes</span> <span class='ocrx_word' id='word_1_644' title='bbox 1620 2224 1702 2254; x_wconf 86' lang='lat' dir='ltr'>quos</span> <span class='ocrx_word' id='word_1_645' title='bbox 1721 2215 1786 2253; x_wconf 91' lang='lat' dir='ltr'>ipsi</span> <span class='ocrx_word' id='word_1_646' title='bbox 1808 2220 1881 2253; x_wconf 89' lang='lat' dir='ltr'>post</span> <span class='ocrx_word' id='word_1_647' title='bbox 1903 2215 2154 2253; x_wconf 88' lang='lat' dir='ltr'>appellationem</span> <span class='ocrx_word' id='word_1_648' title='bbox 2178 2215 2241 2245; x_wconf 78' lang='lat' dir='ltr'>llu-</span> 
     </span>
     <span class='ocr_line' id='line_1_88' title="bbox 1231 2267 2241 2310; baseline -0.002 -10"><span class='ocrx_word' id='word_1_649' title='bbox 1231 2270 1377 2310; x_wconf 87' lang='lat' dir='ltr'>jusmodi</span> <span class='ocrx_word' id='word_1_650' title='bbox 1394 2273 1598 2307; x_wconf 75' lang='lat' dir='ltr'>receperunt,</span> <span class='ocrx_word' id='word_1_651' title='bbox 1619 2273 1649 2298; x_wconf 92' lang='lat' dir='ltr'>et</span> <span class='ocrx_word' id='word_1_652' title='bbox 1671 2267 1728 2297; x_wconf 87' lang='lat' dir='ltr'>alii</span> <span class='ocrx_word' id='word_1_653' title='bbox 1744 2268 1779 2297; x_wconf 91' lang='lat' dir='ltr'>in</span> <span class='ocrx_word' id='word_1_654' title='bbox 1799 2277 1939 2306; x_wconf 87' lang='lat' dir='ltr'>quorum</span> <span class='ocrx_word' id='word_1_655' title='bbox 1957 2268 2141 2306; x_wconf 80' lang='lat' dir='ltr'>receptione</span> <span class='ocrx_word' id='word_1_656' title='bbox 2158 2268 2241 2298; x_wconf 87' lang='lat' dir='ltr'>fines</span> 
     </span>
     <span class='ocr_line' id='line_1_89' title="bbox 1234 2320 2241 2359; baseline -0.005 -5"><span class='ocrx_word' id='word_1_657' title='bbox 1234 2331 1405 2354; x_wconf 81' lang='lat' dir='ltr'>excessere</span> <span class='ocrx_word' id='word_1_658' title='bbox 1427 2321 1586 2355; x_wconf 70' lang='lat' dir='ltr'>mandati.r</span> <span class='ocrx_word' id='word_1_659' title='bbox 1607 2330 1664 2359; x_wconf 89' lang='lat' dir='ltr'>pro</span> <span class='ocrx_word' id='word_1_660' title='bbox 1686 2329 1751 2350; x_wconf 88' lang='lat' dir='ltr'>non</span> <span class='ocrx_word' id='word_1_661' title='bbox 1777 2321 1917 2359; x_wconf 84' lang='lat' dir='ltr'>receptis</span> <span class='ocrx_word' id='word_1_662' title='bbox 1940 2321 2072 2358; x_wconf 87' lang='lat' dir='ltr'>penitus</span> <span class='ocrx_word' id='word_1_663' title='bbox 2095 2320 2241 2350; x_wconf 84' lang='lat' dir='ltr'>habean-</span> 
     </span>
     <span class='ocr_line' id='line_1_90' title="bbox 1234 2373 2240 2412; baseline -0.004 -6"><span class='ocrx_word' id='word_1_664' title='bbox 1234 2381 1299 2406; x_wconf 88' lang='lat' dir='ltr'>tur.</span> <span class='ocrx_word' id='word_1_665' title='bbox 1316 2375 1401 2412; x_wconf 89' lang='lat' dir='ltr'>Quia</span> <span class='ocrx_word' id='word_1_666' title='bbox 1417 2383 1493 2404; x_wconf 72' lang='lat' dir='ltr'>vero</span> <span class='ocrx_word' id='word_1_667' title='bbox 1514 2374 1552 2403; x_wconf 89' lang='lat' dir='ltr'>de</span> <span class='ocrx_word' id='word_1_668' title='bbox 1576 2374 1676 2403; x_wconf 88' lang='lat' dir='ltr'>totius</span> <span class='ocrx_word' id='word_1_669' title='bbox 1693 2382 1790 2403; x_wconf 86' lang='lat' dir='ltr'>cause</span> <span class='ocrx_word' id='word_1_670' title='bbox 1809 2373 1937 2403; x_wconf 88' lang='lat' dir='ltr'>meritis</span> <span class='ocrx_word' id='word_1_671' title='bbox 1961 2382 2026 2402; x_wconf 92' lang='lat' dir='ltr'>non</span> <span class='ocrx_word' id='word_1_672' title='bbox 2048 2373 2152 2410; x_wconf 90' lang='lat' dir='ltr'>potuit</span> <span class='ocrx_word' id='word_1_673' title='bbox 2169 2373 2240 2402; x_wconf 87' lang='lat' dir='ltr'>fieri</span> 
     </span>
     <span class='ocr_line' id='line_1_91' title="bbox 1234 2426 2240 2469; baseline -0.004 -10"><span class='ocrx_word' id='word_1_674' title='bbox 1234 2430 1332 2469; x_wconf 85' lang='lat' dir='ltr'>plena</span> <span class='ocrx_word' id='word_1_675' title='bbox 1350 2429 1442 2463; x_wconf 70' lang='lat' dir='ltr'>fides,</span> <span class='ocrx_word' id='word_1_676' title='bbox 1462 2427 1657 2457; x_wconf 85' lang='lat' dir='ltr'>mandamus</span> <span class='ocrx_word' id='word_1_677' title='bbox 1678 2432 1853 2465; x_wconf 73' lang='lat' dir='ltr'>quatenus,</span> <span class='ocrx_word' id='word_1_678' title='bbox 1873 2426 1978 2464; x_wconf 89' lang='lat' dir='ltr'>ipsius</span> <span class='ocrx_word' id='word_1_679' title='bbox 1999 2426 2143 2464; x_wconf 84' lang='lat' dir='ltr'>episcopi</span> <span class='ocrx_word' id='word_1_680' title='bbox 2166 2436 2240 2464; x_wconf 88' lang='lat' dir='ltr'>pro-</span> 
     </span>
     <span class='ocr_line' id='line_1_92' title="bbox 1234 2478 2240 2519; baseline -0.005 -6"><span class='ocrx_word' id='word_1_681' title='bbox 1234 2492 1330 2513; x_wconf 89' lang='lat' dir='ltr'>cessu</span> <span class='ocrx_word' id='word_1_682' title='bbox 1355 2486 1385 2512; x_wconf 87' lang='lat' dir='ltr'>et</span> <span class='ocrx_word' id='word_1_683' title='bbox 1412 2480 1600 2519; x_wconf 81' lang='lat' dir='ltr'>provisione</span> <span class='ocrx_word' id='word_1_684' title='bbox 1626 2479 1776 2514; x_wconf 74' lang='lat' dir='ltr'>servatis,</span> <span class='ocrx_word' id='word_1_685' title='bbox 1807 2484 1936 2516; x_wconf 86' lang='lat' dir='ltr'>recepto</span> <span class='ocrx_word' id='word_1_686' title='bbox 1966 2487 1983 2507; x_wconf 88' lang='lat' dir='ltr'>a</span> <span class='ocrx_word' id='word_1_687' title='bbox 2012 2478 2161 2516; x_wconf 81' lang='lat' dir='ltr'>partibus</span> <span class='ocrx_word' id='word_1_688' title='bbox 2187 2488 2240 2508; x_wconf 87' lang='lat' dir='ltr'>ca-</span> 
     </span>
     <span class='ocr_line' id='line_1_93' title="bbox 1234 2531 2239 2574; baseline -0.007 -8"><span class='ocrx_word' id='word_1_689' title='bbox 1234 2536 1382 2574; x_wconf 89' lang='lat' dir='ltr'>lumpnie</span> <span class='ocrx_word' id='word_1_690' title='bbox 1396 2535 1597 2573; x_wconf 85' lang='lat' dir='ltr'>juramento,</span> <span class='ocrx_word' id='word_1_691' title='bbox 1616 2531 1759 2562; x_wconf 75' lang='lat' dir='ltr'>audiatis</span> <span class='ocrx_word' id='word_1_692' title='bbox 1776 2540 1909 2560; x_wconf 85' lang='lat' dir='ltr'>causam</span> <span class='ocrx_word' id='word_1_693' title='bbox 1931 2536 1960 2560; x_wconf 91' lang='lat' dir='ltr'>et</span> <span class='ocrx_word' id='word_1_694' title='bbox 1983 2540 2054 2560; x_wconf 86' lang='lat' dir='ltr'>eam</span> <span class='ocrx_word' id='word_1_695' title='bbox 2077 2540 2149 2560; x_wconf 88' lang='lat' dir='ltr'>cum</span> <span class='ocrx_word' id='word_1_696' title='bbox 2169 2540 2239 2560; x_wconf 90' lang='lat' dir='ltr'>om-</span> 
     </span>
     <span class='ocr_line' id='line_1_94' title="bbox 1234 2583 2237 2618; baseline -0.007 1"><span class='ocrx_word' id='word_1_697' title='bbox 1234 2589 1334 2618; x_wconf 87' lang='lat' dir='ltr'>nibus</span> <span class='ocrx_word' id='word_1_698' title='bbox 1357 2587 1438 2617; x_wconf 85' lang='lat' dir='ltr'>actis</span> <span class='ocrx_word' id='word_1_699' title='bbox 1462 2586 1503 2615; x_wconf 90' lang='lat' dir='ltr'>ad</span> <span class='ocrx_word' id='word_1_700' title='bbox 1525 2594 1583 2614; x_wconf 86' lang='lat' dir='ltr'>nos</span> <span class='ocrx_word' id='word_1_701' title='bbox 1606 2584 1783 2614; x_wconf 84' lang='lat' dir='ltr'>remittatis</span> <span class='ocrx_word' id='word_1_702' title='bbox 1809 2583 2011 2613; x_wconf 81' lang='lat' dir='ltr'>sufficienter</span> <span class='ocrx_word' id='word_1_703' title='bbox 2030 2583 2237 2618; x_wconf 70' lang='lat' dir='ltr'>instructam,</span> 
     </span>
     <span class='ocr_line' id='line_1_95' title="bbox 1233 2635 2238 2681; baseline -0.007 -10"><span class='ocrx_word' id='word_1_704' title='bbox 1233 2640 1423 2681; x_wconf 78' lang='lat' dir='ltr'>prefigendo</span> <span class='ocrx_word' id='word_1_705' title='bbox 1451 2638 1548 2668; x_wconf 86' lang='lat' dir='ltr'>dictis</span> <span class='ocrx_word' id='word_1_706' title='bbox 1584 2637 1734 2675; x_wconf 85' lang='lat' dir='ltr'>partibus</span> <span class='ocrx_word' id='word_1_707' title='bbox 1773 2635 1951 2665; x_wconf 84' lang='lat' dir='ltr'>terminum</span> <span class='ocrx_word' id='word_1_708' title='bbox 1982 2636 2238 2673; x_wconf 83' lang='lat' dir='ltr'>peremptorium</span> 
     </span>
     <span class='ocr_line' id='line_1_96' title="bbox 1234 2688 2239 2732; baseline -0.006 -9"><span class='ocrx_word' id='word_1_709' title='bbox 1234 2697 1483 2732; x_wconf 66' lang='lat' dir='ltr'>competentem,</span> <span class='ocrx_word' id='word_1_710' title='bbox 1505 2699 1569 2729; x_wconf 84' lang='lat' dir='ltr'>quo</span> <span class='ocrx_word' id='word_1_711' title='bbox 1592 2699 1649 2728; x_wconf 88' lang='lat' dir='ltr'>per</span> <span class='ocrx_word' id='word_1_712' title='bbox 1672 2693 1899 2727; x_wconf 82' lang='lat' dir='ltr'>procuratores</span> <span class='ocrx_word' id='word_1_713' title='bbox 1917 2688 2053 2718; x_wconf 86' lang='lat' dir='ltr'>idoneos</span> <span class='ocrx_word' id='word_1_714' title='bbox 2077 2693 2188 2718; x_wconf 90' lang='lat' dir='ltr'>nostro</span> <span class='ocrx_word' id='word_1_715' title='bbox 2205 2698 2239 2718; x_wconf 89' lang='lat' dir='ltr'>se</span> 
     </span>
     <span class='ocr_line' id='line_1_97' title="bbox 1233 2741 2238 2785; baseline -0.007 -7"><span class='ocrx_word' id='word_1_716' title='bbox 1233 2745 1424 2785; x_wconf 89' lang='lat' dir='ltr'>conspectui</span> <span class='ocrx_word' id='word_1_717' title='bbox 1439 2747 1667 2782; x_wconf 84' lang='lat' dir='ltr'>representem</span> <span class='ocrx_word' id='word_1_718' title='bbox 1684 2759 1731 2770; x_wconf 87' lang='lat'>——.</span> <span class='ocrx_word' id='word_1_719' title='bbox 1747 2742 1823 2771; x_wconf 79' lang='lat' dir='ltr'>Non</span> <span class='ocrx_word' id='word_1_720' title='bbox 1838 2741 1988 2770; x_wconf 86' lang='lat' dir='ltr'>obstante</span> <span class='ocrx_word' id='word_1_721' title='bbox 2003 2741 2238 2771; x_wconf 87' lang='lat' dir='ltr'>constitutione</span> 
     </span>
     <span class='ocr_line' id='line_1_98' title="bbox 1234 2793 2240 2835; baseline -0.008 -5"><span class='ocrx_word' id='word_1_722' title='bbox 1234 2800 1272 2830; x_wconf 89' lang='lat' dir='ltr'>de</span> <span class='ocrx_word' id='word_1_723' title='bbox 1289 2799 1416 2829; x_wconf 87' lang='lat' dir='ltr'>duabus</span> <span class='ocrx_word' id='word_1_724' title='bbox 1433 2796 1530 2826; x_wconf 86' lang='lat' dir='ltr'>dietis</span> <span class='ocrx_word' id='word_1_725' title='bbox 1548 2796 1634 2835; x_wconf 81' lang='lat' dir='ltr'>[etc.‚</span> <span class='ocrx_word' id='word_1_726' title='bbox 1653 2803 1758 2833; x_wconf 89' lang='lat' dir='ltr'>usque</span> <span class='ocrx_word' id='word_1_727' title='bbox 1777 2793 1797 2832; x_wconf 92' lang='lat'>:]</span> <span class='ocrx_word' id='word_1_728' title='bbox 1818 2793 1904 2823; x_wconf 85' lang='lat' dir='ltr'>ultra</span> <span class='ocrx_word' id='word_1_729' title='bbox 1919 2793 2051 2823; x_wconf 89' lang='lat' dir='ltr'>tertiam</span> <span class='ocrx_word' id='word_1_730' title='bbox 2071 2793 2121 2823; x_wconf 81' lang='lat' dir='ltr'>vel</span> <span class='ocrx_word' id='word_1_731' title='bbox 2143 2802 2240 2831; x_wconf 85' lang='lat' dir='ltr'>quar—</span> 
     </span>
     <span class='ocr_line' id='line_1_99' title="bbox 1233 2845 2237 2890; baseline -0.008 -8"><span class='ocrx_word' id='word_1_732' title='bbox 1233 2858 1300 2882; x_wconf 86' lang='lat' dir='ltr'>tam</span> <span class='ocrx_word' id='word_1_733' title='bbox 1322 2860 1397 2890; x_wconf 85' lang='lat' dir='ltr'>pars</span> <span class='ocrx_word' id='word_1_734' title='bbox 1419 2850 1520 2880; x_wconf 81' lang='lat' dir='ltr'>altera</span> <span class='ocrx_word' id='word_1_735' title='bbox 1545 2848 1632 2887; x_wconf 70' lang='lat' dir='ltr'>[etc.‚</span> <span class='ocrx_word' id='word_1_736' title='bbox 1654 2855 1759 2885; x_wconf 84' lang='lat' dir='ltr'>usque</span> <span class='ocrx_word' id='word_1_737' title='bbox 1781 2846 1801 2885; x_wconf 83' lang='lat' dir='ltr'>t]</span> <span class='ocrx_word' id='word_1_738' title='bbox 1822 2855 1886 2875; x_wconf 93' lang='lat' dir='ltr'>non</span> <span class='ocrx_word' id='word_1_739' title='bbox 1912 2845 2072 2875; x_wconf 88' lang='lat' dir='ltr'>trahatur.</span> <span class='ocrx_word' id='word_1_740' title='bbox 2095 2846 2187 2882; x_wconf 87' lang='lat' dir='ltr'>Quod</span> <span class='ocrx_word' id='word_1_741' title='bbox 2209 2846 2237 2874; x_wconf 90' lang='lat' dir='ltr'>si</span> 
     </span>
     <span class='ocr_line' id='line_1_100' title="bbox 1233 2898 2236 2937; baseline -0.009 -2"><span class='ocrx_word' id='word_1_742' title='bbox 1233 2914 1298 2935; x_wconf 89' lang='lat' dir='ltr'>non</span> <span class='ocrx_word' id='word_1_743' title='bbox 1315 2913 1429 2934; x_wconf 80' lang='lat' dir='ltr'>omnes</span> <span class='ocrx_word' id='word_1_744' title='bbox 1446 2907 1506 2932; x_wconf 82' lang='lat' dir='ltr'>etc.</span> <span class='ocrx_word' id='word_1_745' title='bbox 1527 2902 1600 2930; x_wconf 89' lang='lat' dir='ltr'>Dat.</span> <span class='ocrx_word' id='word_1_746' title='bbox 1620 2899 1782 2937; x_wconf 67' lang='lat' dir='ltr'>Anagnie,</span> <span class='ocrx_word' id='word_1_747' title='bbox 1800 2899 1882 2928; x_wconf 67' lang='lat' dir='ltr'>VIII</span> <span class='ocrx_word' id='word_1_748' title='bbox 1903 2898 2060 2928; x_wconf 85' lang='lat' dir='ltr'>kalendas</span> <span class='ocrx_word' id='word_1_749' title='bbox 2083 2898 2236 2933; x_wconf 73' lang='lat' dir='ltr'>octobris,</span> 
     </span>
     <span class='ocr_line' id='line_1_101' title="bbox 1235 2954 1612 2989; baseline -0.019 0"><span class='ocrx_word' id='word_1_750' title='bbox 1235 2967 1321 2989; x_wconf 89' lang='lat' dir='ltr'>anno</span> <span class='ocrx_word' id='word_1_751' title='bbox 1340 2954 1576 2986; x_wconf 86' lang='lat' dir='ltr'>tertiodecimo.</span> <span class='ocrx_word' id='word_1_752' title='bbox 1599 2965 1612 2979; x_wconf 75' lang='lat' dir='ltr'>n</span> 
     </span>
    </p>
   </div>
  </div>
 </body>
</html>
