2553 3526
177 301 234 330 485

173 2468 187 2484 ὅ
173 2416 187 2432 ἕ
174 2363 187 2379 ἕ
174 2311 187 2327 ὅ
176 2259 188 2274 υ
173 2205 187 2221 :⁵
174 2152 187 2167 tt
174 2099 188 2116 υ
174 2046 187 2061 ἕ
172 1993 187 2008 ὅ
173 1940 188 1956 ³
174 1887 188 1903 υ

174 2521 187 2536 ὅ

170 2789 184 2804 ὅ
171 2733 185 2749 ὃ
172 2681 185 2696 ὅ
173 2627 187 2643 ὃ
174 2575 187 2589 ῧ

218 366 344 396 fuerint
361 365 525 399 arbitrati,
544 374 602 395 seu
619 375 827 404 quocumque
843 366 938 395 modo
955 365 1109 395 duxerint
1127 369 1187 393 ter-

217 418 424 453 minandum,
445 418 503 448 lite
520 423 703 449 contestata
722 418 771 448 vel
793 428 857 448 non
876 422 1069 449 contestata,
1092 416 1186 456 [post]

217 481 315 501 cause
334 471 557 509 cognitionem
574 471 625 501 vel
642 472 713 502 sine
731 481 829 502 cause
848 471 1049 509 cognitione,
1067 470 1119 499 die
1139 470 1188 499 fe-

217 525 302 554 riato
324 524 374 554 vel
398 533 462 554 non
486 525 616 559 feriato,
641 529 793 562 presente
813 524 916 554 altera
941 528 1032 562 parte
1056 522 1107 552 vel
1131 522 1188 551 ab-

218 582 323 612 sente,
339 582 370 607 et
387 577 473 616 quod
489 577 585 608 liceat
603 578 650 607 eis
668 577 909 607 contumaciam
926 577 1101 615 utriusque
1118 585 1188 614 par-

222 630 263 660 tis
290 630 424 668 punire,
453 630 514 659 sub
541 639 626 668 pena
650 630 895 669 quinquaginta
917 629 1091 659 unciarum
1115 628 1188 657 auri

218 683 371 713 intereos
382 682 557 721 sollempni
572 683 787 721 stipulatione
798 683 975 725 promissa,
991 691 1056 720 qua
1068 681 1186 716 soluta,

218 740 290 765 rata
311 741 467 765 maneant
487 736 599 765 omnia
620 741 650 766 et
673 735 806 773 singula
830 735 1030 773 supradicta.
1048 736 1189 773 Insuper

219 788 443 827 promiserunt
464 788 541 818 dare
564 797 708 826 operam,
733 788 818 817 bona
837 788 910 822 fide,
938 787 1024 826 quod
1044 787 1189 825 capitula

218 841 393 879 utriusque
416 840 555 871 ecclesie
574 849 773 870 consensum
791 841 824 870 in
843 841 1015 879 premissis
1031 840 1189 878 prebeant

219 898 250 924 et
264 902 448 923 assensum.
468 895 587 923 Actum
602 894 635 922 in
652 893 814 928 Viterbio,
833 893 865 922 in
882 893 976 923 domo
994 893 1106 923 Sancti
1124 894 1188 922 An-

219 946 285 984 geli
302 946 340 976 de
358 947 468 984 Spata,
489 946 546 975 ubi
564 951 711 975 moratur
728 946 881 976 dominus
899 947 1072 984 episcopus
1092 946 1188 975 Sabi-

220 999 347 1035 nensis,
366 1008 452 1029 anno
474 999 608 1029 Domini
633 998 940 1034 ΜῦθΟὓΧΧΚΧἮΟ]Ξ
964 999 1088 1028 domini
1105 1000 1187 1029 Gre-

218 1053 303 1091 gorii
330 1061 412 1091 pape
441 1052 645 1091 temporibus
673 1056 703 1082 et
732 1053 930 1090 Fr[iderici],
961 1054 1186 1083 Romanorum

217 1106 447 1145 imperatoris,
487 1106 540 1136 die
584 1106 644 1136 XV
676 1106 838 1136 februarii
875 1106 1040 1141 intrante,
1079 1106 1187 1135 indic-

217 1159 306 1189 tione
328 1160 438 1189 VIIII.
464 1159 682 1189 Presentibus
713 1169 718 1187 :
744 1159 884 1194 Marino,
912 1159 1082 1197 capellano
1107 1159 1187 1188 dicti

216 1212 342 1242 domini
361 1212 558 1242 Sabinensis
578 1212 742 1250 episcopi3
766 1211 918 1242 Johanne
938 1212 1069 1246 Petitto,
1088 1212 1187 1241 fami-

215 1264 292 1295 liari
304 1264 468 1304 ejusdem
485 1265 595 1294 donno
610 1264 880 1302 Barth[olomeo].
897 1264 1060 1304 [plebano]
1074 1264 1187 1294 Sancti

215 1318 408 1354 Venantii¹,
434 1318 490 1358 [et]
513 1318 622 1348 donno
643 1318 797 1351 Mai-tino,
821 1317 962 1356 plebano
986 1318 1098 1347 Sancti
1122 1318 1185 1347 Be-

217 1371 382 1411 n[edicti],
411 1370 594 1410 capellanis
619 1370 764 1409 episcopi
787 1370 962 1405 Esculani;
990 1371 1092 1400 fratre
1117 1372 1186 1400 Au-

215 1424 349 1463 gustino
378 1424 611 1458 Benevenuto,
644 1423 789 1461 episcopi
821 1423 979 1453 scutisero
1009 1422 1184 1457 Esculani,

215 1477 357 1508 testibus
385 1476 587 1507 convocatis.
619 1477 687 1514 Ego
715 1477 859 1507 Jacobus
889 1477 1072 1515 predictus,
1103 1476 1185 1506 civis

215 1529 484 1570 Ancon[itanus],
504 1530 700 1560 auctoritate
720 1529 932 1568 imperatoris
951 1530 1112 1565 notarius,
1133 1529 1186 1558 in-

215 1583 327 1619 terfui,
346 1587 377 1613 et
393 1587 528 1621 rogatus
545 1582 664 1621 scripsi
681 1587 711 1613 et
728 1582 906 1621 publicavi.
930 1595 942 1608 ι)

217 1728 230 1743 α
248 1716 316 1746 Nos
333 1716 448 1753 igitur,
466 1715 614 1745 exhibito
631 1724 739 1745 coram
758 1715 853 1745 nohis
873 1725 891 1745 a
907 1716 1057 1753 partibus
1073 1725 1186 1754 supra-

213 1769 312 1799 dictis
328 1768 548 1807 capitulorum
565 1765 701 1798 suorum
720 1778 896 1803 consensu,
915 1769 1001 1798 sicut
1018 1778 1055 1799 ex
1072 1774 1186 1799 tenore

213 1823 514 1852 instrumentorum
531 1822 570 1851 de
591 1831 755 1851 consensu
780 1822 937 1860 predicto,
962 1822 1105 1852 inferius
1125 1832 1185 1852 an-

214 1879 336 1910 notato,
357 1875 528 1905 evidenter
545 1879 690 1913 apparet,
714 1874 775 1904 hac
798 1874 850 1904 die
874 1875 1031 1912 presenti,
1058 1876 1185 1905 ratione

213 1927 520 1966 compromissionis
546 1927 704 1966 predicte,
732 1927 793 1957 sub
819 1927 932 1957 eadem
959 1937 1043 1966 pena
1070 1928 1186 1957 lauda-

211 1990 298 2017 mus,
315 1981 517 2011 arbitramur
533 1984 632 2019 atque
648 1980 854 2016 mandamus,
873 1980 959 2018 quod
976 1981 1066 2018 prior
1082 1985 1113 2010 et
1131 1990 1186 2010 ca-

213 2034 356 2073 pitulum
373 2034 608 2063 Latet-anensis
623 2033 762 2063 ecclesie
780 2033 940 2071 quietem.
954 2033 1072 2063 cedant
1087 2038 1185 2072 atque

212 2087 382 2117 dimittant
403 2086 578 2116 ecclesiam
604 2086 717 2116 Sancti
743 2086 853 2124 Egidii
876 2086 915 2116 de
938 2086 1086 2121 Vibi-ata,
1111 2095 1185 2116 cum

212 2139 349 2179 capellis
369 2144 400 2169 et
423 2139 520 2168 bonis
544 2139 627 2173 suis,
650 2143 681 2168 et
702 2139 862 2177 quicquid
880 2139 966 2177 juris
988 2139 1112 2169 habent
1135 2139 1185 2170 vel

211 2193 335 2223 hahere
351 2193 507 2223 videntur
524 2192 558 2221 in
580 2192 640 2227 eis,
666 2192 818 2230 episcopo
842 2196 873 2222 et
896 2192 1035 2222 ecclesie
1052 2193 1186 2222 Escula-

213 2246 278 2282 nis,
296 2250 406 2276 ettam
424 2245 568 2284 priorem
584 2254 683 2284 quam
698 2245 846 2281 clericos,
868 2246 988 2276 fratres
1006 2250 1036 2276 et
1052 2255 1185 2276 conver-

212 2308 267 2329 sos
284 2299 433 2338 ejusdem
450 2298 589 2328 ecclesie
603 2307 661 2328 seu
678 2298 880 2336 capellarum
899 2299 1017 2337 ipsius,
1036 2299 1076 2328 ab
1094 2300 1184 2329 omni

211 2351 417 2386 ohedientia,
440 2351 662 2390 subjectione,
685 2350 888 2388 obligatione
914 2356 944 2381 et
964 2352 1185 2389 promissione

212 2404 396 2439 absolvant,
410 2412 509 2442 quam
522 2403 624 2441 priori
638 2407 669 2433 et
681 2403 820 2433 ecclesie
834 2404 1050 2433 [iateranensi
1064 2404 1184 2434 fecisse

212 2456 387 2492 dicuntur;
412 2456 582 2486 dimittant
604 2456 705 2486 etiam
724 2456 779 2495 jus
803 2460 996 2494 patronatus
1018 2457 1104 2495 quod
1124 2457 1184 2487 ha-

212 2509 290 2540 bere
307 2518 341 2539 se
359 2509 513 2539 dicebant
529 2509 564 2538 in
581 2508 722 2539 ecclesia
738 2508 938 2547 supradicta,
964 2518 1024 2539 nec
1045 2509 1130 2539 illud
1145 2510 1184 2540 de

212 2567 321 2593 cetero
334 2562 399 2592 sibi
412 2562 589 2592 vendicent
602 2562 636 2591 in
654 2562 780 2592 eadem.
800 2562 940 2592 Ratione
953 2571 1084 2601 quoque
1100 2571 1184 2593 com·

209 2615 366 2654 promissi
389 2615 540 2654 predicti,
567 2615 743 2645 laudamus
776 2620 807 2646 et
836 2615 897 2645 sub
927 2616 1075 2654 predicta
1099 2625 1185 2654 pena

210 2669 424 2707 precipimus,
449 2673 484 2698 ut
510 2668 684 2698 ecclesiam
709 2669 823 2698 Sancti
843 2668 967 2698 Thome
990 2669 1030 2698 de
1051 2669 1182 2704 Esculo,

210 2730 286 2751 cum
308 2721 484 2760 parrochia
503 2726 534 2752 et
554 2721 710 2751 omnibus
731 2721 945 2760 pertinentiis
962 2722 1044 2757 suis,
1063 2722 1184 2752 habeat

209 2776 447 2807 Lateranensis
471 2776 621 2812 ecclesia,
647 2781 678 2806 et
701 2777 740 2807 de
762 2776 820 2806 illa
845 2776 965 2806 habeat
982 2777 1063 2807 duas
1079 2777 1182 2808 libras

201 2927 222 2951 1.
241 2926 334 2950 urant
350 2926 483 2950 entendre
508 2934 513 2950 :
536 2935 547 2949 «
572 2927 778 2956 Bai-tholomeo,
802 2928 918 2958 plebano
940 2928 1034 2952 Sancti
1053 2928 1182 2952 Venantii

167 2971 202 2995 de
217 2970 329 2995 Escuto.
346 2979 357 2993 υ

1014 291 1258 336 QUINZIEME
1281 292 1441 329 ANNEE.

1273 376 1286 390 n

1273 429 1285 442 7)

1274 481 1285 495 >>

1273 534 1285 548 ))

1273 587 1285 601 ι)

1274 640 1285 653 ))

1274 693 1285 706 ))

1274 746 1285 758 D

1274 798 1285 811 ))

1274 852 1285 864 ))

1274 904 1285 917 ))

1274 956 1285 970 η

1272 1008 1285 1022 »

1273 1051 1285 1075 ›'›

1273 1114 1284 1128 ))

1272 1166 1284 1180 ))

1272 1220 1284 1232 Ἰ)

1272 1272 1284 1285 ))

1272 1326 1284 1339 ))

1272 1380 1283 1392 D

1272 1432 1284 1445 ))

1271 1486 1284 1499 ))

1272 1540 1284 1552 ))

1272 1593 1284 1607 n

1272 1646 1284 1660 n

1272 1699 1284 1713 n

1272 1752 1284 1766 ))

2222 312 2279 340 481ῐ

1311 373 1384 394 cere
1421 367 1592 396 annuatim
1627 368 1799 406 episcopus
1830 371 2032 405 Esculanus,
2065 379 2095 402 et
2127 381 2278 413 quartani

1310 421 1435 454 partem
1464 421 1720 450 mortuariorum
1748 421 1786 451 de
1809 423 2038 460 parrochianis
2062 427 2199 457 ecclesie
2223 438 2279 458 su-

1311 470 1468 507 pradicte.
1507 472 1560 501 Si¹
1600 482 1675 502 vero
1707 475 1942 505 Lateranensis
1980 477 2119 508 ecclesia
2156 480 2278 510 ibidem

1310 523 1486 553 instituere
1502 525 1579 555 velit
1597 526 1735 556 clericos
1753 528 1928 558 seculares.
1949 530 2112 562 Esculano
2127 534 2280 572 episcopo

1310 582 1527 613 representet,
1549 579 1605 617 qui
1627 579 1656 608 ei
1682 584 1837 619 tanquam
1861 581 2037 613 diocesano
2060 586 2213 624 episcopo
2231 592 2278 616 lt·-

1312 633 1463 658 neantur.
1498 631 1732 661 lateranensis
1758 637 1867 663 tamen
1896 635 2035 665 ecclesia
2058 637 2176 669 libere.
2206 640 2281 669 sine

1312 683 1594 719 representatione
1619 684 1740 723 aliqua,
1757 686 1860 723 possit
1876 687 1922 716 ibi
1940 697 2059 726 ponere
2078 691 2280 722 [iateranen-

1311 742 1363 763 ses
1379 735 1556 765 canonicos
1569 745 1625 774 per
1639 737 1814 775 privilegia
1829 739 2024 770 Pontificum
2042 743 2276 774 Romanorum.

1313 786 1498 816 Laudamus
1525 788 1623 817 etiam
1648 795 1678 819 et
1703 790 1763 819 sub
1781 791 1938 830 jamdicta
1960 803 2043 831 pena
2065 797 2278 834 precipimus,

1311 839 1397 877 quod
1423 839 1586 878 hospitale
1610 842 1647 871 de
1675 847 1772 880 ponte
1800 844 2014 885 Solestan[o],
2040 857 2112 877 cum
2136 851 2281 880 oratorio

1312 892 1424 921 Sancti
1442 893 1704 933 Barth[olomei].
1724 895 1826 926 libere
1842 897 1960 927 habeat
1980 900 2214 932 Latet-anensis
2231 912 2280 933 ec-

1310 943 1421 979 clesia,
1449 945 1494 974 ita
1517 947 1602 984 quod
1627 947 1664 976 de
1685 947 1841 986 hospitali
1861 951 2007 987 predicto
2026 958 2055 982 et
2072 953 2168 984 bonis
2191 956 2280 994 ejus-

1310 996 1383 1026 dem
1406 997 1509 1028 libere
1535 999 1664 1029 ordinet
1684 1005 1714 1029 et
1732 1000 1896 1038 disponat.
1920 1004 2012 1039 Quod
2032 1005 2059 1034 si
2084 1006 2117 1035 in
2136 1008 2280 1038 oratorio

1311 1050 1423 1079 Sancti
1450 1051 1699 1090 Barthwtomoi]
1728 1055 1874 1091 posuerit
1900 1055 2057 1086 clericum
2083 1059 2278 1096 secularem,

1309 1107 1519 1140 presentetur
1545 1104 1708 1134 Esculano
1728 1106 1892 1145 episcopo,
1917 1113 1947 1138 et
1972 1113 2123 1140 teneatur
2142 1112 2171 1141 ei
2194 1113 2281 1143 sicut

1310 1155 1487 1184 diocesano
1510 1165 1581 1185 suo.
1604 1158 1713 1187 Possit
1732 1163 1840 1188 tamen
1867 1160 1901 1188 in
1921 1161 2046 1199 capella
2070 1168 2099 1192 et
2123 1164 2279 1202 hospitali

1310 1208 1466 1245 predictis
1476 1209 1711 1239 Lateranensis
1724 1211 1865 1241 ecclesia
1876 1213 2043 1245 celebrare
2058 1226 2114 1254 per
2127 1218 2226 1253 vices,
2238 1219 2279 1248 si-

1311 1270 1350 1289 ne
1367 1261 1628 1292 contradictione
1646 1263 1790 1302 episcopi
1810 1266 2003 1303 supradicti.
2025 1269 2280 1301 Late1·anensis²

1311 1323 1385 1343 vero
1403 1315 1543 1345 ccclesia
1557 1316 1595 1346 de
1613 1321 1730 1352 cetero,
1748 1318 1820 1348 sine
1837 1328 2002 1350 consensu
2019 1323 2162 1362 episcopi
2180 1330 2210 1354 et
2227 1336 2279 1355 er-

1309 1367 1409 1397 clesie
1421 1368 1621 1409 Esculan[e],
1636 1379 1693 1400 nec
1707 1371 1879 1401 ecclesiam
1894 1382 1953 1403 nec
1964 1374 2071 1404 locum
2085 1376 2277 1414 religiosum

1310 1421 1448 1459 recipiat
1475 1422 1659 1461 subjectum
1687 1424 1839 1463 episcopo
1862 1430 1891 1455 et
1916 1426 2054 1458 ecclesie
2076 1430 2276 1470 Esculan[c],

1311 1482 1369 1503 nec
1383 1474 1437 1512 jus
1455 1479 1647 1512 patronatus
1664 1477 1835 1514 pertinens
1859 1479 1899 1508 ad
1921 1480 2110 1518 episcopum
2128 1487 2158 1512 et
2175 1484 2279 1514 eccle-

1311 1527 1394 1557 siam
1421 1533 1647 1558 memoratam.
1674 1530 1708 1560 Si
1732 1540 1796 1569 qua
1822 1540 1897 1561 vero
1918 1533 2061 1570 partium
2085 1540 2198 1565 contra
2218 1537 2279 1567 hoc

1309 1580 1486 1610 arbitrium
1518 1582 1632 1612 venire
1660 1582 1918 1622 presumpserit,
1949 1587 2129 1624 predictam
2160 1598 2278 1627 penam

1311 1633 1555 1672 quinquaginta
1577 1636 1751 1665 unciarum
1777 1637 1850 1667 auri
1871 1637 1967 1668 alteri
1992 1640 2075 1677 parti
2097 1643 2280 1672 committat

1310 1691 1341 1717 et
1357 1687 1471 1723 solvat,
1497 1692 1537 1723 et,
1562 1697 1646 1726 pena
1670 1689 1788 1724 soluta,
1812 1690 1922 1728 ipsum
1948 1692 2121 1722 arbitrium
2148 1695 2278 1725 firmum

1310 1739 1550 1769 nichilominus
1572 1745 1601 1770 et
1624 1742 1741 1772 stabile
1759 1748 1956 1780 perseveret.
1980 1746 2162 1776 Laudatum
2180 1752 2210 1777 et
2226 1758 2279 1778 re-

1309 1793 1446 1822 citatum
1463 1798 1512 1823 est
1529 1793 1589 1823 hoc
1605 1794 1781 1824 arbitrium
1798 1797 1883 1834 apud
1898 1797 2055 1827 Sanctum
2075 1799 2203 1829 Sixtum
2219 1802 2278 1831 Vi-

1309 1846 1521 1881 terbiensem,
1549 1847 1583 1876 in
1608 1847 1751 1886 hospitio
1777 1848 1903 1878 domini
1924 1851 2090 1881 Ostiensis
2115 1857 2146 1882 et
2167 1854 2278 1884 Velle-

1310 1899 1431 1928 trensis
1449 1899 1606 1937 episcopi,
1624 1900 1657 1929 in
1676 1901 1844 1938 presentia
1860 1903 2013 1940 partium,
2034 1909 2064 1934 et
2081 1905 2120 1934 ab
2138 1910 2277 1946 utraque

1310 1956 1400 1989 parte
1417 1956 1532 1989 sponte
1550 1957 1715 1990 receptum
1731 1958 1759 1983 et
1778 1955 2004 1992 approbatum.
2021 1958 2137 1986 Actum
2153 1963 2201 1988 est
2217 1959 2277 1989 hoc

1309 2005 1520 2043 presentibus
1540 2006 1680 2035 testibus
1698 2006 1934 2046 infrascriptis,
1956 2009 1995 2038 ad
2015 2009 2074 2039 hoc
2092 2011 2280 2049 specialiter

1309 2058 1433 2088 vocatis
1457 2063 1554 2097 atque
1577 2060 1699 2097 rogatis
1724 2070 1729 2088 :
1753 2060 1886 2090 domino
1902 2062 2067 2092 Johanne.
2093 2064 2153 2094 Dei
2173 2066 2280 2102 gratia

1309 2111 1461 2149 episcopo
1478 2111 1656 2147 Verulano,
1678 2117 1775 2148 teste3
1795 2115 1953 2151 magistro
1971 2116 2103 2146 Andrea
2119 2117 2157 2147 de
2176 2118 2295 2148 Fran-¹

1309 2165 1370 2200 cia,
1387 2165 1513 2193 domini
1526 2165 1692 2195 Ostiensis
1704 2166 1885 2204 capellano,
1899 2172 1998 2203 teste;
2014 2170 2172 2207 magistro
2184 2172 2281 2201 Petro

1308 2218 1347 2248 de
1376 2218 1500 2251 Alatro,
1528 2219 1675 2257 ejusdem
1703 2220 1848 2259 episcopi
1872 2221 2051 2259 capellano,
2084 2228 2185 2259 teste3
2211 2234 2280 2255 ma-

1309 2272 1412 2310 gistro
1436 2272 1578 2307 Matheo,
1611 2273 1781 2311 capellano
1815 2274 1941 2304 domini
1966 2276 2162 2307 Sabinensis
2192 2279 2279 2317 cpis-

1308 2325 1390 2363 copi‚
1409 2329 1507 2359 teste;
1528 2325 1687 2363 magistro
1712 2326 1846 2363 Marino,
1870 2328 2040 2366 capellano
2056 2330 2202 2368 ejusdem
2221 2332 2278 2362 do-

1308 2377 1391 2406 mini
1407 2377 1614 2412 Sabinensis,
1627 2382 1725 2414 teste,
1743 2379 1901 2417 magistro
1912 2381 2092 2417 Bernardo,
2108 2384 2278 2421 capellano

1308 2431 1433 2460 domini
1451 2431 1644 2470 Jtohannis]
1668 2431 1706 2462 de
1732 2432 1928 2471 Columpna,
1955 2435 2147 2471 cardinalis,
2173 2442 2275 2473 teste;

1308 2483 1425 2513 abbate
1465 2484 1577 2514 Sancti
1615 2484 1710 2514 Pauli
1743 2485 1782 2515 de
1818 2486 1962 2521 Verulo,
2004 2492 2107 2524 teste;
2144 2489 2277 2521 domino

1306 2537 1459 2567 Johanne
1482 2537 1520 2566 de
1545 2537 1769 2575 Gavinian[o],
1796 2542 1894 2574 teste;
1923 2544 1954 2569 et
1974 2540 2107 2571 domino
2131 2542 2277 2573 Jordano

1307 2590 1426 2620 Vetulo
1443 2590 1481 2619 de
1499 2590 1664 2628 Anagnia,
1684 2590 1805 2629 [teste].

1310 2718 1321 2731 ι(
1340 2705 1447 2734 Tenor
1463 2713 1645 2734 consensus
1662 2705 1799 2743 capituli
1813 2706 1973 2736 Esculani
1989 2708 2064 2738 talis
2081 2714 2130 2739 est
2148 2720 2154 2738 z

1301 2838 1320 2861 l,
1340 2837 1400 2861 Une
1417 2837 1504 2867 partie
1518 2836 1551 2859 de
1565 2839 1637 2859 cette
1649 2837 1747 2866 phrase
1761 2840 1787 2860 et
1801 2837 1834 2860 de
1850 2838 1875 2861 la
1887 2839 2014 2862 suivante
2029 2847 2042 2863 a
2057 2840 2099 2864 ete
2116 2842 2276 2872 reproduite

1267 2888 1314 2912 par
1327 2881 1360 2904 G.
1375 2880 1515 2910 GARAMm,
1526 2882 1659 2904 Memor-ie
1676 2882 1882 2905 ecclesiasticae
1898 2886 2097 2911 appartenenti
2113 2887 2159 2909 all'
2178 2887 2275 2911 istoria

1266 2933 1278 2948 e

1295 2927 1412 2949 alcano
1429 2926 1501 2948 detta
1519 2925 1543 2947 b.
1562 2925 1662 2947 Chiara
1679 2926 1708 2947 di
1725 2926 1845 2954 Himini,
1861 2933 1887 2956 p.
1904 2927 1956 2950 301.

1296 2970 1319 2993 Q.
1339 2969 1419 2994 Cette
1435 2969 1533 2999 phrase
1548 2975 1576 2992 se
1593 2969 1623 2991 lit
1639 2968 1794 2999 &galement
1812 2970 1879 2993 dans
1894 2970 1925 2994 G.
1941 2971 2079 3002 ΕΑΒΑΜΡΙ,
2096 2975 2165 2997 lbid.
