2553 3526
282 288 338 317 479
1010 265 1649 309 iussnsTRESIM3GREGonn31x.
2323 272 2381 301 4ffl)

285 354 420 383 tentiam
440 351 643 381 fulminavit:
664 354 690 379 et
716 354 887 387 postquam
905 347 990 376 idem
1009 342 1211 374 camerarius
1228 340 1290 368 iter

285 406 422 444 arripuit
443 405 481 433 ad
498 409 641 433 nostram
664 401 863 440 presentiam
888 398 1052 428 veniendi,
1078 394 1220 434 precepit
1242 392 1291 430 ip-

286 468 356 488 sum
378 457 513 496 spoliari
541 455 695 485 omnibus
720 453 814 482 bonis
838 452 918 486 suis,
944 455 973 480 et
996 445 1292 479 cxcomnmnicavit

285 521 399 542 omnes
417 511 471 549 qui
491 520 506 539 a
526 514 668 546 tempore
687 516 743 536 sue
762 504 969 544 privationis,
989 502 1112 531 dictum
1130 497 1292 529 Benedic-

287 571 353 595 tum
372 563 588 593 camerarium
612 561 865 590 nominaverant
887 557 937 587 vel
959 557 997 586 de
1016 559 1124 584 cetero
1142 552 1292 582 nomina-

288 623 370 647 rent.
390 617 471 646 alias
494 616 523 645 ei
546 620 573 643 et
599 614 680 643 suis.
706 613 776 651 ejus
800 611 984 643 occasione,
1009 607 1160 646 pluribus
1182 613 1293 642 grava-

287 667 610 705 minibusirrogatis.
630 666 725 696 I'nde
743 664 838 694 nohis
856 662 1028 692 humiliter
1045 657 1243 697 supplicavit
1260 661 1295 686 nt

288 732 385 761 super
402 726 444 751 tot
465 726 493 750 et
513 720 612 749 tantis
632 718 766 757 injuriis
789 715 955 755 provideri
979 714 1043 744 sibi
1065 717 1202 752 paterna
1219 710 1295 739 dili-

288 776 398 814 gentia
419 782 621 804 curaremus.
654 772 739 808 Quia
770 779 845 800 vero
872 768 967 798 nobis
998 776 1062 797 non
1088 763 1236 795 constitit
1257 763 1295 793 de

287 828 470 867 premissis,
496 826 691 855 mandamus
725 828 900 862 quatenus,
933 820 1056 850 vocatis
1085 818 1141 857 qui
1171 816 1297 846 fuerint

287 880 454 912 evocandi.
477 880 504 909 si
527 878 690 917 predictas
713 873 1091 906 excommunicationum
1113 869 1296 900 sententias

287 933 485 964 inveneritis
507 936 578 969 post
597 929 850 969 appellationem
869 927 908 957 ad
926 925 1143 963 noslegitime
1156 923 1297 960 interpo-

290 988 387 1017 sitam
407 994 478 1016 esse
498 985 592 1014 latas.
614 993 650 1013 ac
670 986 861 1013 revocantes
881 985 955 1013 etc„
974 987 1079 1017 usque
1099 987 1104 1006 :
1124 979 1298 1013 attempta-

290 1046 370 1070 tum.
390 1038 533 1068 audiatis
547 1037 623 1066 hinc
638 1036 714 1065 inde
733 1034 899 1073 proposita
914 1037 944 1062 et
958 1031 1044 1070 quod
1056 1031 1183 1069 justum
1198 1027 1299 1058 suerit

290 1098 372 1127 etc.,
401 1100 506 1129 usque
539 1100 545 1119 z
577 1088 758 1119 observari.
791 1086 949 1124 Alioquin
981 1083 1164 1113 sententias
1196 1081 1295 1119 ipsas,

290 1147 375 1176 sicut
398 1143 641 1174 rational1›ilite1·
658 1146 734 1171 sunt
751 1139 885 1178 prolate,
913 1137 1044 1177 faciatis
1062 1136 1175 1166 eadem
1191 1138 1300 1164 aucto-

291 1200 387 1229 ritate
407 1206 510 1236 usqne
531 1196 570 1225 ad
593 1194 855 1225 satisfactiomnn
878 1190 1075 1227 condignam
1099 1186 1300 1217 inviolabili-

292 1259 340 1282 ter
355 1250 542 1284 observari,
562 1247 780 1286 appellantem
799 1251 859 1275 etc.
877 1245 950 1274 Non
967 1243 1118 1273 olis-tante
1138 1241 1300 1271 constitu-

292 1307 380 1335 tione
402 1305 439 1333 de
462 1303 590 1332 duabus
613 1301 710 1330 dietis
738 1299 824 1338 [ete.,
848 1306 953 1335 usque
974 1295 993 1334 z]
1017 1294 1194 1324 dummodo
1215 1293 1301 1323 ultra

292 1362 442 1397 quartam
461 1355 511 1385 vel
533 1355 683 1393 quintam
707 1353 792 1392 [etc.,
816 1359 921 1389 usque
945 1348 965 1388 :]
987 1348 1027 1378 ad
1047 1347 1210 1386 judicium
1235 1354 1300 1375 non

292 1411 453 1441 trahatur.
473 1408 609 1439 Proviso
634 1416 674 1436 ne
691 1406 724 1435 in
745 1409 865 1434 terram
883 1402 961 1432 dicti
979 1401 1101 1431 nobilis
1125 1404 1186 1429 etc.
1208 1398 1300 1435 Quod

293 1465 320 1494 si
344 1472 408 1493 non
432 1470 545 1492 omnes
572 1465 646 1495 etc,
673 1459 736 1488 *luo
761 1461 907 1488 vestrum
936 1460 997 1485 etc.
1024 1455 1097 1484 Dat.
1126 1452 1299 1486 Laterani,

293 1518 374 1548 ΥΙΙΙ
391 1514 550 1545 kalendas
568 1513 664 1545 maii,
684 1520 770 1541 anno
787 1508 1045 1549 quintodecimo.
1068 1520 1080 1533 »

365 1701 480 1730 598⁸?
850 1695 971 1727 Latran,
989 1694 1025 1720 1‘¹
1039 1701 1117 1720 mars
1132 1692 1199 1719 1241
1212 1695 1230 1717 ¹.

331 1764 431 1792 Blasio
457 1762 538 1790 Petri
561 1759 765 1791 Amiternini,
796 1757 897 1791 Sergio
927 1756 1025 1783 Cazoli
1038 1777 1044 1787 ,
1072 1754 1178 1782 Jacobo
1205 1752 1302 1785 Muti,

296 1813 446 1842 Palmerio
462 1810 646 1841 Malialardi,
661 1807 789 1837 Johanni
805 1807 840 1833 de
857 1805 980 1833 Cinthio
995 1808 1022 1831 et
1038 1804 1170 1835 Restoro,
1187 1801 1304 1828 civibus

296 1862 449 1891 Romanis,
464 1860 612 1894 signifieat
625 1867 655 1884 se
669 1857 842 1884 confirmare
853 1853 1032 1881 sententiam
1048 1860 1106 1886 qua
1118 1851 1303 1885 Raynaldus,

296 1911 444 1940 Ostiensis
458 1912 485 1936 et
498 1907 694 1935 Velletrensis
711 1906 876 1940 episcopus,
898 1905 1073 1938 potestatem
1096 1904 1124 1927 et
1147 1908 1304 1927 commune

296 1961 383 1988 castri
398 1958 550 1989 Malliani,
565 1957 600 1983 de
613 1956 756 1983 comitatu
771 1952 1003 1982 11debrandisco,
1020 1951 1051 1977 in
1069 1950 1152 1977 mille
1168 1948 1305 1976 ducentis

296 2013 324 2037 et
338 2007 554 2043 quinquaginta
568 2005 651 2031 libris
664 2002 911 2031 Proveniensium
924 2002 1043 2027 senatus
1055 1998 1305 2024 condemnaverat

296 2058 369 2093 ipsis
386 2056 485 2083 Blasio
501 2055 622 2088 ejusque
638 2052 736 2083 sociis,
758 2059 840 2085 quos,
862 2058 940 2081 eum,
963 2049 1119 2081 ingruente
1140 2046 1303 2079 naufragio,

297 2106 374 2141 apud
393 2106 534 2131 Sanctum
554 2103 714 2132 Donatum,
730 2100 760 2126 in
777 2102 855 2126 terra
867 2097 1019 2127 Malliani,
1035 2098 1177 2129 tanquam
1194 2094 1229 2121 ad
1243 2102 1305 2128 por-

297 2158 359 2182 tum
378 2152 589 2185 confugissent,
610 2150 730 2184 qnidam
749 2147 883 2174 homines
904 2146 1034 2180 ejusdem
1053 2148 1156 2175 terrae,
1174 2144 1305 2170 dicentes
1326 2154 1329 2159 =

297 2212 326 2230 se
340 2212 355 2229 a
372 2200 532 2236 praedictis
550 2201 692 2233 potestate
716 2200 744 2224 et
766 2195 917 2223 emnmuni
936 2195 1050 2226 missos,
1068 2192 1205 2219 omnibus
1222 2191 1305 2218 bonis

297 2252 357 2279 suis
380 2250 595 2285 spoliaverant:
623 2248 732 2274 inserto
757 2245 811 2272 sub
835 2253 886 2271 sua
909 2243 991 2270 bulla
1016 2246 1115 2269 tenore
1138 2241 1306 2275 praedictae

298 2299 473 2330 sententiae,
490 2297 624 2324 libellum
642 2304 657 2322 a
675 2294 824 2329 praedicto
841 2292 953 2322 Blasio,
970 2300 1021 2318 suo
1037 2294 1065 2317 et
1081 2290 1225 2317 sociorum
1244 2298 1307 2315 suo-

297 2358 360 2376 rum
388 2347 518 2377 nomine,
544 2345 688 2376 oblatum,
713 2341 905 2369 continentis.
930 2355 962 2358 —
987 2340 1073 2372 (Rae.
1095 2339 1139 2371 20,
1162 2340 1182 2365 f.
1204 2338 1238 2364 70
1260 2341 1305 2369 v⁰;

297 2406 366 2425 ann.
384 2397 452 2427 XV,
470 2404 494 2421 c.
512 2395 568 2424 35.)

340 2512 351 2525 «
370 2500 469 2527 Blasio
489 2497 570 2525 Petri
590 2494 789 2527 Amiternini,
811 2492 915 2528 Seryio
935 2490 1048 2523 Cazoli,
1069 2489 1188 2525 Jac[0b0
1205 2488 1303 2524 Muli]¹

298 2552 468 2582 Panum-{02
479 2548 666 2583 Malialardi,
681 2547 818 2576 Johavnni
830 2545 863 2573 de
876 2544 999 2575 Ciuthz'o
1011 2548 1036 2571 et
1049 2543 1174 2575 Restm-0,
1190 2542 1308 2570 civibus

297 2606 451 2634 Romanis.
479 2603 524 2632 Ea
550 2610 613 2640 que
635 2599 761 2639 judicio
786 2615 833 2627 —-.
863 2598 936 2627 Dat.
962 2595 1128 2629 Laterani,
1155 2593 1307 2623 kalendis

298 2657 421 2692 martii,
439 2664 525 2686 anno
541 2652 798 2693 quartodecimo.
818 2663 830 2677 »

333 2777 352 2800 l.
372 2775 449 2799 Bullc
465 2774 497 2797 de
517 2774 543 2796 la
562 2773 635 2796 X1V⁰
651 2771 738 2795 annee
757 2771 792 2794 du
811 2769 962 2801 pontificat.
980 2768 1088 2791 inseree
1104 2774 1152 2798 par
1168 2766 1306 2797 megarde,

299 2820 440 2845 commeta
456 2819 591 2845 suivante,
610 2817 678 2839 dans
695 2816 718 2839 le
733 2816 857 2844 lzeyistre
871 2814 905 2837 de
921 2814 946 2836 la
959 2813 1028 2836 XV'.

329 2866 353 2888 2.
368 2867 418 2887 Ms.
436 2873 441 2886 .·
460 2862 595 2886 Palmcrii.
609 2874 636 2878 —
650 2861 722 2884 Dans
734 2860 759 2883 la
773 2859 849 2890 picce
863 2858 932 2885 5989,
948 2864 984 2881 on
997 2858 1027 2880 lit
1042 2857 1105 2879 bien
1119 2857 1215 2879 Jacobt
1227 2857 1307 2884 Muti,

297 2909 431 2933 Patrnerii
449 2910 510 2935 etc.,
527 2913 591 2929 avec
609 2912 644 2928 un
663 2905 739 2935 signe
758 2904 791 2927 de
812 2902 993 2934 ponctuation
1014 2904 1091 2924 entre
1112 2902 1182 2924 Μιιιι·
1203 2903 1230 2923 et
1247 2901 1307 2923 Pal-

1443 336 1582 373 [5988]
1738 340 1841 371 Rome,
1858 339 1960 366 Saints
1974 339 2132 366 Marcellin
2150 341 2178 365 et
2196 339 2307 371 Pierre,

1929 388 1945 413 7
1961 387 2038 414 avril
2055 386 2133 414 1240.

1412 446 1581 482 [Sententia
1594 457 1662 475 vero
1676 449 1820 483 praedicti
1837 448 1998 483 Raynaldi,
2013 448 2161 476 Ostiensis
2175 451 2203 475 et
2216 449 2382 475 Velletren-

1376 497 1415 523 sis
1431 496 1573 531 episcopi,
1588 497 1659 523 haec
1673 499 1731 524 est·
1752 495 1770 531 z]

1417 610 1430 624 «
1460 599 1496 627 In
1524 598 1658 627 nomine
1684 598 1817 628 Domini
1842 597 1955 627 Nostri
1976 597 2081 628 Jhesu
2102 597 2240 628 Christi.
2265 599 2383 628 Amen.

1378 662 1391 676 n
1417 652 1513 680 Anno
1527 650 1720 680 Nativitatis
1736 650 1882 689 ejusdem
1898 650 2092 684 M⁰CC⁰XL⁰,
2107 650 2317 688 pontificatus
2331 650 2384 680 do—

1379 715 1392 729 »
1417 703 1500 732 mini
1511 703 1663 741 Gregorii
1676 712 1756 741 pape
1770 703 1849 732 noni
1861 702 2083 742 annoX[I]V⁰,
2094 703 2277 733 indictione
2287 703 2384 738 XIII,

1380 768 1392 781 »
1418 764 1531 785 mense
1550 755 1677 794 aprilis.
1695 756 1747 785 die
1763 757 1838 786 VII.
1856 756 1938 786 Cum
1956 764 2056 785 causa
2069 765 2133 794 que
2144 756 2285 785 vertitur
2298 755 2387 785 inter

1380 821 1393 834 ι)
1419 807 1569 838 Blasium
1589 808 1679 838 Petri
1702 808 1916 842 Amiternini,
1942 808 2047 838 civem
2069 809 2267 843 Romanum,
2285 812 2317 838 et
2333 817 2387 838 so—

1381 875 1393 888 »
1419 862 1487 892 cios
1508 862 1625 900 ipsius,
1649 871 1685 892 ex
1708 867 1800 900 parte
1823 871 1900 897 una,
1926 867 1957 892 et
1983 885 2003 891 ..
2028 866 2222 900 potestatem
2246 867 2277 892 et
2301 871 2388 892 com-

1381 928 1394 941 »
1419 914 1544 954 mun[e]
1561 915 1661 945 castri
1678 915 1829 945 Malliani
1852 925 1887 945 ac
1907 915 2078 952 Ymiliam,
2100 915 2316 951 comitissam,
2336 924 2390 946 re-

1382 981 1394 994 »
1419 968 1531 998 lictam
1547 968 1717 1003 Bonifatii,
1736 968 1867 998 comitis
1893 968 2049 1002 Palatini,
2074 977 2173 1007 super
2193 977 2230 998 eo
2249 968 2335 1007 quod
2353 977 2389 998 se

1382 1034 1395 1048 n
1421 1021 1579 1060 spoliatos
1600 1021 1754 1051 dicebant
1773 1021 1914 1060 quadam
1937 1021 2077 1060 pecunie
2094 1029 2223 1051 summa
2241 1025 2272 1051 et
2290 1021 2390 1051 rebus

1384 1088 1396 1101 »
1421 1074 1508 1108 aliis,
1528 1084 1564 1104 ex
1582 1074 1696 1109 altera,
1716 1074 1811 1104 nobis
1828 1074 2029 1114 R[ainaldo],
2042 1074 2257 1105 miseratione
2276 1075 2392 1104 divina

1384 1140 1396 1154 n
1421 1127 1569 1158 Ostiensi
1600 1132 1631 1157 et
1659 1127 1862 1158 Velletrensi
1891 1127 2064 1166 episcopo,
2096 1127 2198 1157 fuerit
2226 1127 2392 1158 audienda

1385 1193 1397 1207 n
1423 1180 1599 1210 commissa
1617 1191 1623 1209 ε
1641 1181 1727 1211 idern
1746 1179 1915 1219 B[lasius],
1931 1181 2070 1211 veniens
2087 1189 2197 1210 coram
2209 1181 2315 1216 nobis,
2331 1189 2392 1211 suo

1385 1246 1397 1260 »
1423 1238 1454 1263 et
1471 1233 1636 1263 sociorum
1654 1243 1789 1263 snorum
1809 1233 1943 1264 nomine
1961 1233 2111 1264 libellum
2134 1233 2254 1264 obtulit
2276 1233 2311 1263 in
2330 1233 2392 1263 hac

1385 1298 1398 1312 »
1423 1286 1530 1316 forma
1547 1296 1553 1315 z

1455 1456 1594 1494 [5989]

1420 1521 1566 1556 [Libellus
1590 1531 1607 1549 a
1630 1521 1781 1556 praedicto
1803 1521 1914 1553 Blasio,
1932 1529 1983 1547 suo
1999 1523 2027 1548 et
2043 1521 2187 1548 sociorum
2205 1530 2323 1548 suorum
2341 1530 2395 1549 no-

1386 1571 1477 1603 mine,
1489 1571 1615 1602 oblatus,
1628 1570 1858 1597 declarationem
1872 1569 2013 1596 bonorum
2028 1578 2160 1601 suorum,
2176 1569 2213 1597 ab
2224 1570 2397 1598 hominibus

1385 1620 1421 1646 de
1434 1619 1581 1646 Malliano
1594 1619 1771 1650 ablatorum,
1788 1618 1962 1645 contineus²
1980 1617 1998 1652 2]

1429 1733 1441 1746 α
1461 1720 1578 1750 Coram
1595 1719 1700 1754 vohis,
1716 1719 1918 1749 venerahilis
1931 1723 2023 1757 pater
2034 1719 2167 1749 domine
2181 1743 2199 1748 ..
2218 1719 2396 1755 Ostiensis,

1389 1786 1401 1799 «ι
1428 1782 1526 1811 quem
1542 1773 1697 1802 dominus
1716 1781 1799 1810 papa
1822 1772 1912 1802 dedit
1932 1772 2082 1811 partibus
2105 1772 2301 1808 auditorem,
2322 1782 2397 1811 pro-

1390 1839 1401 1853 «
1428 1835 1512 1865 pono
1535 1835 1593 1863 ego
1613 1825 1746 1855 Blasius
1771 1825 1860 1855 Petri
1883 1825 2098 1861 Amiternini,
2122 1826 2255 1855 nomine
2278 1835 2351 1856 meo
2366 1830 2399 1856 et

1390 1893 1402 1906 «
1427 1879 1560 1909 nomine
1593 1880 1758 1909 sociorum
1781 1888 1941 1912 meorum,
1965 1878 2119 1909 videlicet
2146 1879 2253 1917 Sergii
2275 1879 2395 1916 Cazoli,

1390 1946 1402 1960 «
1427 1933 1543 1963 Jacobi
1568 1933 1662 1966 Muti,
1688 1932 1845 1962 Palmerii
1870 1931 2060 1967 Millalardi,
2078 1932 2244 1962 «Iohannis
2262 1933 2302 1963 de
2318 1933 2399 1963 Cin-

1390 1999 1401 2012 «
1429 1986 1498 2016 thio
1515 1991 1546 2016 et
1560 1984 1730 2025 Restor[i],
1742 1985 1864 2014 civium
1882 1989 1913 2015 et
1926 1989 2145 2014 mercatorum
2158 1986 2396 2021 Romanorum,

1390 2052 1402 2065 «
1428 2048 1568 2077 quornm
1588 2047 1660 2068 sum
1680 2042 1883 2076 procurator,
1903 2038 2000 2076 quod,
2019 2047 2093 2067 cum
2110 2047 2169 2068 nos
2187 2047 2302 2076 nuper,
2322 2047 2395 2068 cum

1390 2104 1402 2118 «
1429 2091 1562 2129 navigio
1592 2091 1861 2125 transfretantes,
1888 2091 2065 2127 ingruente
2091 2091 2282 2128 naufragio,
2311 2092 2396 2129 apud

1390 2157 1401 2171 «
1428 2146 1586 2175 Sanctum
1610 2145 1786 2178 Donatum,
1810 2144 1844 2172 in
1865 2148 1953 2173 terra
1978 2143 2163 2183 Mallian[i],
2184 2144 2221 2173 de
2239 2145 2396 2174 comitatu

1390 2211 1402 2224 «
1428 2197 1706 2229 Ildinhrandiscd
1721 2206 1793 2226 cum
1811 2196 1966 2226 omnibus
1983 2197 2082 2226 rebus
2099 2197 2222 2226 nostris
2240 2202 2395 2236 tanquam

1390 2264 1401 2277 «
1429 2251 1468 2280 ad
1486 2256 1614 2289 portum
1634 2250 1756 2288 refugii
1773 2250 1950 2288 contigerit
1966 2250 2142 2280 divertisse
2161 2260 2167 2278 :
2186 2250 2321 2288 quidam
2338 2249 2397 2279 ho-

1390 2317 1401 2330 «
1428 2304 1535 2333 mines
1550 2304 1656 2341 ipsius
1671 2308 1767 2335 terre,
1785 2302 1938 2333 videlicet
1958 2302 2129 2332 Politanus
2144 2302 2293 2337 Zitellus,
2312 2303 2399 2333 Buc-

1390 2370 1402 2383 «
1430 2357 1536 2392 tellus,
1560 2356 1724 2390 Guardus,
1751 2356 1958 2390 Rufinacius,
1981 2355 2230 2391 Corbactionus,
2251 2356 2400 2386 dicentes

1391 2423 1402 2436 (ι
1429 2418 1463 2439 se
1481 2410 1600 2439 missos
1622 2419 1639 2439 a
1656 2413 1816 2447 potestate
1834 2413 1864 2438 et
1880 2408 2116 2438 communitate
2133 2408 2321 2448 Mallian[i],
2340 2417 2401 2438 nos

1392 2476 1403 2490 «
1430 2463 1586 2492 omnibus
1602 2462 1698 2492 bonis
1719 2461 1851 2497 nostris,
1879 2470 1941 2500 que
1963 2461 1996 2490 in
2019 2470 2109 2496 auro,
2135 2465 2282 2499 argento,
2298 2461 2398 2491 dena-

1392 2529 1405 2543 «
1431 2516 1502 2550 riis,
1516 2520 1586 2545 seta
1598 2520 1627 2545 et
1641 2515 1754 2549 armis,
1768 2514 1807 2544 ad
1820 2513 1997 2544 valentiam
2010 2514 2148 2543 duorum
2161 2514 2290 2544 milium
2302 2514 2401 2544 libra—

1393 2582 1404 2595 «
1432 2578 1504 2598 rum
1529 2566 1830 2607 Proven[i‹1›nsium]
1855 2571 2005 2602 senatus,
2032 2566 2235 2596 habebamus
2258 2567 2398 2601 ibidem,

1393 2634 1405 2647 «
1432 2621 1585 2658 nequiter
1602 2619 1802 2657 spoliarunt:
1822 2628 1885 2657 que
1909 2618 1995 2648 hona
2017 2618 2160 2648 inferius
2177 2618 2398 2648 declarantur.

1393 2687 1404 2700 t(
1431 2674 1493 2710 Qui
1511 2682 1583 2702 cum
1603 2673 1637 2701 in
1658 2676 1765 2701 castro
1786 2670 1961 2710 Mallian[i]
1979 2671 2135 2709 receptati
2153 2672 2305 2708 fuissent,
2327 2681 2399 2707 nos,

1393 2740 1405 2753 α
1431 2726 1604 2757 venientes
1620 2730 1692 2763 post
1709 2734 1775 2759 θος,
1794 2725 1899 2762 primo
1917 2733 2016 2762 penes
2033 2729 2226 2762 potestatem
2245 2729 2276 2755 et
2291 2725 2401 2754 homi-

1393 2793 1405 2806 «
1432 2788 1490 2809 nes
1516 2778 1664 2818 ejusdem
1690 2778 1808 2812 castri,
1836 2782 1867 2807 et
1892 2777 2099 2816 postmodum
2127 2787 2227 2816 penes
2253 2778 2399 2808 nobilem

1423 2898 1443 2922 1.
1461 2897 1529 2922 ΗΒΕ.
1546 2897 1584 2926 20,
1599 2897 1616 2921 f.
1633 2897 1663 2921 70
1677 2901 1714 2920 ν’.

1421 2942 1443 2966 Q.
1462 2942 1530 2966 REG.
1543 2941 1584 2971 20,
1600 2942 1618 2965 t’.
1633 2941 1664 2966 70
1679 2946 1715 2965 v³.
