2553 3526
178 298 235 329 233
980 291 1289 336 QUATORZIEME
1312 294 1470 331 ANNEE.
2219 315 2274 345 234

181 364 353 394 monachis
370 364 473 394 simili
491 364 643 394 cautione
656 368 785 402 recepta
799 365 839 393 ad
851 365 1024 400 cautelam,
1042 365 1187 403 prefatas

180 417 365 448 sententias
383 416 581 451 relaxantes,
600 421 631 446 et
646 417 810 455 inquisita
826 417 1020 455 diligentius
1037 417 1187 451 veritate,

179 470 209 499 si
225 479 280 500 eas
298 469 496 499 inveneritis
515 469 758 499 rationabiliter
775 470 1010 508 promulgatas,
1024 469 1188 508 predictos

179 522 331 552 abbatem
351 526 381 552 et
400 522 578 552 monachos
600 523 639 552 ad
660 523 853 560 parendum,
874 523 968 561 Juxta
991 522 1187 560 premissam

180 576 330 611 formam,
347 584 404 613 per
420 584 595 605 censuram
612 575 881 610 ecclesiasticam,
902 575 1123 613 appellatione
1141 584 1188 604 re-

179 633 277 663 mota,
295 632 461 666 cogentes,
482 628 510 658 si
534 628 718 657 narrationi
739 628 886 666 ejusdem
903 628 1049 666 episcopi
1066 628 1188 657 veritas

177 681 390 719 suffragatur,
409 681 449 711 ad
465 690 539 711 eum
554 680 785 719 inquisitionis
803 680 972 717 negotium
996 680 1186 715 remittatis,

178 739 214 764 ut
229 734 300 772 ipse
316 735 351 763 in
368 734 429 764 hoc
445 744 482 764 ex
499 734 606 763 officio
627 743 686 763 suo
705 733 858 772 procedat
878 738 985 772 prout,
1005 735 1187 764 secundum

178 789 292 824 Deum,
313 788 414 818 fuerit
430 787 688 826 procedendum;
707 787 855 825 alioquin
875 796 942 821 vos,
964 788 1003 817 ad
1020 788 1106 817 idem
1122 797 1188 818 mo-

178 841 361 870 nasterium
390 837 610 878 personaliter
638 840 846 874 accedentes,
875 844 906 869 et
941 840 1100 870 habentes
1131 850 1187 879 pre

175 893 282 922 oculis
299 893 406 923 solum
422 894 537 928 Deum,
556 892 751 931 inquiratis,
773 897 837 921 tam
855 893 889 922 in
911 894 1017 931 capite
1035 903 1132 931 quam
1152 894 1185 922 in

177 946 345 981 memhris,
366 945 507 975 sollicite
518 945 702 979 veritatem,
717 950 747 975 et
761 946 847 984 quod
863 946 1060 975 canonicum
1073 947 1184 981 fuerit,

176 998 396 1037 appellatione
417 998 610 1036 postposita,
633 998 801 1033 statuatis,
822 999 968 1028 audituri
986 999 1013 1028 si
1037 1000 1115 1037 quid
1135 1009 1186 1029 re-

175 1051 337 1081 manserit
353 1051 550 1090 questionis,
576 1055 607 1081 et
628 1052 713 1090 quod
728 1052 855 1090 justum
882 1052 994 1086 fuerit,
1018 1053 1184 1083 decisuri:

176 1104 337 1135 facientes
356 1109 416 1134 etc.
436 1104 530 1141 Quod
547 1104 574 1134 si
592 1113 655 1133 non
676 1104 772 1133 ambo
789 1109 850 1134 etc.
869 1106 941 1134 Dat.
957 1105 1122 1138 Laterani,
1141 1106 1185 1135 VI

177 1166 280 1187 nonas
298 1157 390 1193 maii,
407 1166 493 1187 anno
509 1157 768 1196 quartodecimo.
789 1170 801 1183 n

244 1329 365 1356 5153

210 1392 388 1419 Abbatissae
401 1394 429 1418 et
445 1391 605 1418 conventui
622 1392 793 1418 monasterii
811 1393 913 1419 Fontis
929 1393 1070 1426 Ebraudi,
1089 1394 1186 1421 Pis-ta—

175 1441 275 1468 vensis
294 1440 447 1473 dioecesis,
465 1440 684 1467 concessionem
710 1441 794 1467 mille
814 1441 974 1468 solidorum
994 1442 1186 1469 Divionensis

178 1486 313 1516 monetae
324 1489 355 1516 in
365 1489 487 1523 pedagio
501 1492 529 1516 et
545 1489 574 1516 in
590 1490 695 1516 vendis
708 1489 898 1517 Castellionis
915 1499 1002 1524 super
1016 1491 1184 1525 Sequanam

752 1330 872 1361 Latran,
890 1330 924 1356 30
939 1330 1015 1356 avril
1034 1330 1112 1357 1240.

173 1538 330 1566 annuatim
348 1538 389 1565 eis
406 1538 678 1572 persolvendorum,
693 1538 734 1565 eis
748 1547 762 1565 a
775 1539 866 1565 bonae
878 1539 1037 1566 memoriae
1050 1540 1184 1573 lingone,

173 1587 247 1615 duce
263 1587 465 1621 Burgundiae,
483 1588 603 1620 factam,
620 1587 657 1614 ab
672 1588 842 1614 Alexandro
859 1586 921 1622 [ΙΙΙ]
940 1597 1014 1622 papa
1028 1590 1184 1616 confirma-

174 1639 234 1664 tam
252 1639 280 1663 et
295 1646 312 1663 a
326 1637 423 1663 clarae
437 1636 598 1663 memoriae
611 1637 724 1669 Odone,
739 1637 812 1663 duce
827 1638 1026 1671 Burgundiac,
1040 1639 1184 1672 praedicti

174 1685 309 1720 Hugonis
323 1685 394 1718 filio,
407 1685 437 1711 in
450 1685 518 1712 aliis
533 1685 616 1711 mille
630 1685 732 1711 solidis
747 1686 877 1718 ejusdcm
894 1689 1028 1712 monetae
1041 1696 1183 1719 augmen-

172 1736 277 1766 tatam,
294 1735 459 1761 confirmat.
478 1748 509 1752 —
526 1734 613 1765 (nm.
631 1734 675 1766 20,
694 1735 713 1760 f.
731 1735 746 1760 7
764 1738 801 1765 r'';
819 1743 887 1760 ann.
906 1735 988 1767 XIV,
1007 1745 1030 1761 e.
1049 1736 1105 1766 30.)

215 1847 228 1862 «
256 1858 275 1864 ..
297 1836 440 1864 abbatisse
466 1840 492 1864 ιί
516 1836 680 1864 conventui
702 1836 882 1864 monasterii
906 1836 1008 1864 Fontis
1034 1837 1178 1872 Ehrttzcdz‘,

173 1889 359 1918 Pictavensis
374 1889 509 1917 diocesis.
528 1888 622 1922 Cum,
642 1888 727 1917 sicut
743 1897 780 1917 ex
797 1893 888 1925 parte
907 1893 1015 1918 vestra
1033 1889 1096 1918 fuit
1114 1898 1182 1926 pro-

172 1942 317 1980 positum
335 1950 445 1971 coram
469 1941 576 1974 nobis,
601 1941 688 1970 clare
708 1941 865 1971 memorie
891 1942 996 1978 Ilugo,
1017 1942 1080 1971 dux
1098 1943 1183 1971 Bur-

174 1995 308 2033 gundie,
333 1994 424 2024 mille
450 1994 573 2024 solidos
600 1994 814 2023 Divionensis
840 1998 969 2024 monete
990 1995 1023 2024 in
1046 1995 1183 2033 pedagio

173 2051 205 2077 et
225 2047 342 2077 vendis
367 2046 581 2077 Castellionis
605 2056 704 2084 supra
728 2047 899 2081 Secanam,
919 2056 975 2085 pro
992 2048 1101 2077 anime
1126 2058 1183 2078 sue

174 2099 329 2136 remedio,
349 2099 384 2128 in
404 2103 598 2137 perpetuum
616 2100 818 2129 monasterio
840 2104 947 2129 vestro
971 2101 1182 2136 concesserit,

174 2152 268 2183 vobis
291 2153 390 2182 certis
410 2152 480 2182 loco
501 2157 532 2182 et
549 2153 690 2182 termino
712 2153 809 2182 annis
831 2152 973 2190 singulis
995 2153 1184 2191 persolven-

175 2206 245 2242 dos,
270 2210 301 2236 et
324 2205 432 2235 felicis
456 2205 695 2235 recordationis
720 2204 929 2245 Alex[ander]
950 2215 1044 2244 papa,
1069 2207 1185 2244 prede-

175 2268 287 2289 cessor
303 2263 425 2293 noster,
444 2259 693 2289 concessionem
712 2258 903 2297 hujusmodi
919 2260 1133 2293 confirmarit,
1155 2264 1185 2290 et

175 2312 263 2343 clare
293 2312 451 2342 memorie
476 2312 556 2347 Udo,
581 2312 643 2341 dux
672 2312 879 2349 Burgundie,
911 2317 1007 2341 natus
1036 2313 1183 2351 ejusdcm

177 2365 341 2403 Hugonis,
358 2365 394 2394 in
411 2363 486 2394 aliis
503 2364 595 2394 mille
616 2364 731 2394 solidis
748 2365 894 2403 ejusdem
913 2370 1041 2395 monete
1061 2366 1184 2404 absque

175 2417 317 2456 alicujus
340 2417 523 2456 prejudicio
546 2417 769 2455 augmentarit
792 2417 940 2452 eandem,
968 2427 1026 2447 nos
1050 2427 1185 2447 conces-

176 2471 304 2501 sionem
320 2470 427 2509 ipsam
445 2479 520 2500 cum
543 2475 720 2508 augmento
740 2470 930 2509 hujusmodi
952 2488 990 2491 —-
1010 2472 1185 2500 confirma-

175 2532 249 2554 mus
264 2541 312 2552 —-.
328 2524 401 2553 Dat.
421 2523 586 2558 Laterani,
604 2525 634 2553 II
654 2523 813 2553 kalendas
834 2524 923 2555 maii,
945 2533 1031 2553 anno
1051 2529 1185 2562 quarto-

175 2577 314 2606 decimo.
337 2589 349 2603 n

245 2750 297 2777 51
306 2750 364 2777 54
708 2747 840 2782 [Lanam
858 2748 892 2775 30
907 2749 983 2775 avril
996 2748 1115 2783 12401P]

214 2812 332 2838 Decano
347 2814 375 2838 et
393 2811 572 2838 cancellario
584 2810 670 2837 Beati
686 2810 823 2837 Mauritii
840 2810 1029 2843 Turonensis,
1048 2814 1076 2838 et
1093 2811 1188 2838 archi-

212 2925 232 2949 1.
249 2925 330 2949 Piece
344 2932 407 2949 sans
422 2925 484 2948 date
499 2925 567 2948 dans
580 2925 605 2948 le
618 2926 753 2954 Reyistre.
766 2937 796 2941 —
809 2924 850 2950 Cf.
862 2927 880 2949 t.
893 2924 941 2954 111,
957 2925 1008 2948 col.
1024 2924 1074 2953 181,
1091 2928 1155 2948 note
1169 2925 1188 2955 1,

180 2973 206 2994 et
223 2970 274 2993 col.
292 2970 343 2998 196,
361 2973 425 2993 note
442 2970 462 2993 l.

1271 365 1393 393 diacono
1426 368 1690 405 Transvigenensi,
1725 373 1760 399 de
1789 374 1888 401 eadem
1917 378 2102 404 concessione
2131 381 2274 412 scribens,

1271 414 1393 441 mandat
1405 420 1548 449 quatenus
1560 420 1725 452 praedictas
1745 421 1922 449 abbatissam
1940 427 1968 451 ct
1980 430 2156 453 conventum
2175 429 2275 456 Fontis

1271 460 1401 489 Ebraudi
1418 472 1473 490 non
1491 467 1666 498 permittant
1683 472 1785 496 contra
1803 473 1930 498 tenorem
1949 474 2180 501 confirmationis
2196 486 2276 510 apos-

1273 510 1378 537 tolicae
1393 512 1429 538 ab
1445 514 1593 547 aliquibus
1610 524 1696 550 super
1718 518 1770 544 boc
1787 520 1946 546 molestari.
1965 536 1995 539 —
2012 523 2098 553 (lino.
2115 524 2158 555 20,
2177 526 2196 551 f.
2211 526 2276 557 71·⁰;

1271 566 1340 585 ann.
1359 560 1441 591 XIV,
1454 570 1477 587 c.
1496 562 1552 593 31.)

1312 670 1324 684 «
1345 682 1362 687 ..
1385 660 1504 697 decano,
1532 685 1550 691 ..
1569 666 1752 694 cancellario
1768 671 1793 695 εἰ
1818 689 1837 695 ..
1861 669 2079 699 archidiacono
2100 673 2275 710 Trsmsviye-

1270 712 1382 751 nen[si]
1397 714 1480 742 Beati
1491 716 1636 746 Mam-icti
1651 718 1846 748 Turonensis.
1861 720 1954 755 Cu1n,
1972 722 2057 752 sicut
2069 723 2186 755 dilecte
2198 743 2246 754 —.
2259 738 2271 752 n

1339 885 1367 911 5
1377 885 1393 911 Ι
1403 887 1461 913 55
1847 892 1967 925 Latran,
1984 894 2015 921 24
2032 896 2107 922 avril
2121 897 2199 923 1240.

1304 947 1490 974 Praecentori
1511 949 1686 983 Lodovcnsi,
1709 960 1761 978 nec
1783 961 1839 979 non
1856 957 1884 981 ct
1901 955 2077 989 Raymundo
2092 959 2229 986 Peroneti
2243 962 2271 986 et

1268 995 1425 1022 &villelmo
1445 996 1480 1023 de
1503 997 1701 1031 Claromonte,
1726 1002 1875 1028 canonicis
1896 1004 2125 1038 Lodovcnsibus,
2151 1008 2271 1035 mandat

1269 1046 1423 1077 quatenus,
1444 1045 1467 1071 si
1490 1045 1582 1073 balivi
1606 1050 1633 1073 ct
1654 1050 1786 1075 consules
1812 1050 1902 1077 villae
1926 1052 2038 1079 Montis
2059 1055 2197 1082 Pesulani
2221 1057 2270 1090 qui

1269 1093 1385 1119 fuerant
1402 1101 1451 1126 pro
1466 1096 1606 1128 tempore,
1622 1104 1780 1130 corumque
1797 1099 1923 1125 fautores
1937 1103 1964 1127 ct
1978 1102 2151 1135 consiliarii,
2170 1106 2272 1131 moles<

1269 1143 1376 1167 tatores
1392 1142 1520 1176 episcopi
1537 1146 1565 1168 et
1581 1144 1721 1171 ecclesiae
1733 1145 2000 1181 Magalonensium,
2017 1150 2125 1177 eisdem
2139 1152 2272 1187 episcopo

1271 1192 1298 1215 et
1325 1190 1465 1216 ecclesiae
1492 1199 1578 1224 super
1603 1192 1721 1225 injuriis
1748 1194 1789 1220 cis
1818 1195 1912 1222 illatis
1937 1198 2168 1226 satisfactionem
2196 1201 2273 1229 infra

1272 1246 1401 1264 mensem
1429 1239 1599 1273 impendere
1623 1250 1679 1267 non
1701 1243 1882 1275 curaverint,
1908 1246 2029 1272 eandem
2059 1248 2161 1275 villam
2184 1250 2274 1283 subji-

1271 1286 1351 1313 ciant
1363 1287 1532 1319 interdicto,
1545 1291 1573 1314 ct
1585 1290 1749 1323 praedictos
1762 1291 1875 1319 balivos
1887 1293 2017 1328 aliosque
2030 1295 2059 1322 in
2074 1305 2171 1323 excom
2179 1299 2273 1325 muni-

1272 1336 1397 1362 cationis
1418 1337 1581 1364 sentcntias
1596 1339 1654 1371 jam
1678 1339 1707 1365 in
1723 1339 1789 1366 illos
1806 1343 2004 1376 promulgatas
2021 1345 2175 1377 reducant;
2195 1355 2273 1380 prae-

1271 1383 1417 1410 dictorum
1430 1385 1594 1412 balivorum
1613 1389 1641 1413 et
1657 1396 1754 1414 eorum
1769 1389 1938 1416 officialium
1952 1400 2140 1425 successores,
2157 1394 2179 1420 si
2192 1395 2273 1421 simi-

1270 1432 1338 1458 liter
1353 1432 1432 1459 infra
1448 1442 1578 1460 mensem
1597 1443 1652 1461 non
1671 1436 1879 1469 satisfecerint,
1901 1439 2010 1466 eisdem
2028 1442 2183 1468 sententiis
2200 1452 2272 1469 nun-

1269 1481 1345 1507 tient
1361 1482 1520 1515 subjacere.
1537 1498 1567 1501 —
1585 1484 1670 1515 (Hm.
1688 1485 1732 1517 20,
1750 1487 1800 1512 127
1816 1490 1861 1518 v⁰;
1878 1496 1947 1514 ann.
1961 1488 2042 1521 XIV,
2058 1499 2081 1516 c.
2099 1491 2149 1522 32;
2166 1506 2195 1509 —
2208 1491 2272 1519 Mo-

1267 1538 1345 1557 REAU
1362 1530 1440 1562 1193,
1457 1532 1475 1557 f.
1493 1531 1539 1563 113
1556 1547 1587 1550 —
1604 1534 1641 1558 οἵ.
1658 1541 1754 1566 supra,
1775 1538 1803 1560 11¹¹
1824 1535 1915 1566 4934.)

1307 1643 1320 1657 «
1341 1654 1359 1660 ..
1376 1633 1556 1669 precentori,
1577 1634 1748 1663 Raimundo
1765 1636 1902 1665 Peronett·
1917 1642 1942 1666 et
1964 1638 2153 1669 It'itlelmocle
2170 1642 2268 1671 Claro-

1266 1690 1373 1720 monle,
1394 1686 1549 1714 canonicis
1565 1687 1790 1717 Lodonensibus.
1804 1689 2013 1721 Transmissa
2027 1693 2121 1722 nohis
2136 1704 2270 1725 venera-

1265 1737 1342 1766 bilis
1361 1738 1473 1767 fratris
1486 1739 1589 1767 nostri
1609 1762 1628 1768 ..
1643 1740 1887 1777 Magalonensis
1904 1743 2048 1782 episcopi
2065 1747 2180 1783 petitio
2191 1757 2268 1777 con—

1266 1790 1391 1820 tinebat
1408 1791 1505 1829 quod,
1527 1801 1600 1820 cum
1621 1792 1704 1822 bone
1721 1795 1877 1825 memorie
1896 1797 2076 1833 H[onorius
2096 1800 2156 1837 III]
2175 1810 2266 1839 papa,

1265 1843 1477 1881 predecessor
1496 1849 1617 1879 noster,
1639 1850 1670 1875 et
1689 1855 1747 1875 nos
1772 1848 1870 1876 etiam
1889 1848 2007 1879 balivis
2030 1855 2060 1879 et
2077 1853 2268 1884 consulibus

1267 1896 1344 1925 ville
1370 1897 1491 1926 Montis
1517 1897 1697 1936 Pesulan[i]
1723 1900 1779 1937 qui
1803 1901 1939 1930 fuerunt
1962 1912 2019 1940 pro
2041 1908 2196 1942 tempore,
2220 1907 2269 1935 di-

1267 1949 1448 1979 rexerimus
1466 1950 1587 1988 scripta
1608 1956 1730 1984 nostra,
1754 1957 1799 1987 ut,
1820 1953 1860 1982 ab
1883 1954 1988 1991 ipsius
2006 1960 2035 1985 et
2057 1957 2195 1989 ecclesie
2212 1968 2269 1990 sue

1267 2002 1555 2032 molestationibus
1575 2008 1605 2033 et
1623 2004 1757 2043 injuriis
1782 2014 1880 2043 super
1896 2008 2053 2038 comitatu
2070 2010 2221 2047 Melgorii
2240 2018 2270 2042 et

1267 2055 1388 2084 Montis
1410 2056 1579 2091 Feri-andi,
1604 2066 1701 2095 quem
1726 2067 1743 2087 a
1769 2059 1851 2088 Sede
1873 2061 2061 2097 Apostolica
2083 2064 2143 2092 sub
2161 2074 2270 2095 annuo

1266 2116 1368 2137 censu
1396 2112 1501 2142 tenet,
1529 2118 1565 2138 ac
1593 2119 1691 2147 super
1714 2110 1946 2148 jurisdictione
1975 2116 2145 2152 temporali
2173 2127 2269 2156 quam

1268 2160 1366 2190 habet
1384 2161 1417 2189 in
1436 2161 1514 2190 villa
1532 2162 1654 2191 Montis
1679 2163 1874 2204 Pesulan[i],
1899 2165 2039 2205 aliisque
2053 2169 2184 2206 juribus
2202 2171 2270 2201 suis

1268 2215 1399 2251 penitus
1422 2214 1631 2250 desistentes,
1657 2216 1765 2254 ipsum
1790 2223 1820 2247 et
1841 2219 1978 2249 eandem
2001 2221 2173 2252 ecclesiam
2197 2233 2269 2253 cum

1266 2267 1423 2296 comitatu
1441 2267 1586 2305 predicto
1604 2268 1643 2297 ab
1664 2269 1740 2298 aliis
1763 2270 2041 2307 molestatoribus,
2062 2281 2219 2312 quantum
2236 2278 2269 2306 in

1267 2320 1314 2349 eis
1338 2325 1436 2353 esset,
1462 2320 1639 2350 defendere
1663 2329 1877 2359 procurarent
1902 2334 1907 2352 :
1931 2324 1968 2354 G.
1992 2326 2157 2356 Lamberti
2180 2334 2209 2358 et
2234 2331 2267 2359 Ι).

1268 2373 1458 2407 salvatoris,
1478 2373 1624 2411 ejusdem
1647 2374 1722 2404 ville
1746 2375 1857 2411 balivi,
1877 2379 2076 2407 contrarium
2098 2380 2267 2417 facientes,

1267 2435 1304 2455 ac
1320 2426 1476 2455 officiales
1494 2435 1617 2461 corum,
1633 2431 1664 2456 et
1681 2428 1833 2457 nonnulli
1846 2429 1902 2457 alii
1918 2430 1955 2459 de
1972 2431 2047 2460 villa
2064 2432 2145 2469 ipsa,
2157 2443 2267 2463 eorum

1268 2480 1379 2508 favore
1403 2478 1542 2513 suffulti,
1562 2488 1636 2508 eum
1653 2488 1751 2517 super
1771 2482 1941 2518 premissis
1962 2484 2106 2520 graviter
2125 2486 2270 2516 offende-

1268 2536 1362 2565 runt;
1389 2531 1562 2569 capiebant
1590 2541 1731 2570 namque
1756 2534 1941 2564 sacerdotes
1969 2536 2038 2573 ejus
2067 2541 2097 2566 et
2121 2538 2268 2573 clericos,

1268 2585 1442 2622 ponentes¹
1456 2584 1530 2613 illos
1547 2584 1581 2612 in
1595 2594 1724 2614 carcere
1743 2595 1778 2614 ac
1793 2588 1965 2617 tormentis
1982 2588 2057 2618 aliis
2071 2590 2269 2627 al‘lligentes3

1270 2637 1417 2674 insuper,
1435 2637 1541 2674 ipsius
1565 2637 1695 2666 domum
1719 2638 1873 2676 episcopi,
1895 2649 1932 2669 eo
1953 2640 1999 2669 ibi
2025 2642 2196 2679 existente,
2217 2654 2272 2674 su-

1269 2690 1336 2719 bito
1365 2698 1438 2718 cum
1469 2689 1682 2719 multitudine
1712 2691 1923 2727 invadentes,
1953 2698 1983 2722 et
2014 2694 2128 2725 fractis
2148 2697 2272 2734 januis,

1270 2743 1463 2775 eduxerunt,
1482 2742 1516 2770 in
1538 2743 1608 2780 ejus
1628 2743 1861 2779 ignominiam,
1887 2746 2046 2783 quosdam
2071 2748 2187 2779 exinde
2205 2750 2274 2779 vio-

1270 2796 1389 2830 lenter,
1414 2795 1525 2833 plures
1549 2795 1647 2824 etiam
1668 2796 1790 2826 Judeos
1810 2801 1840 2826 et
1863 2797 2073 2829 Christianos
2098 2801 2135 2830 de
2157 2803 2274 2839 prefati

1270 2849 1415 2879 dominio
1433 2848 1577 2886 episcopi
1593 2852 1838 2887 tenueruntpro
1855 2860 1914 2880 sua
1930 2851 2096 2883 voluntate
2114 2855 2273 2892 captivos3

1304 2968 1324 2991 t.
1342 2970 1391 2991 Ms.
1409 2977 1415 2991 .·
1433 2968 1580 2997 ponebant.
