2553 3526
264 291 320 321 ‘239
990 284 1228 316 REGISTRES
1251 282 1305 312 DE
1329 274 1551 312 GREGOIRE
1575 284 1633 313 lx.
2304 286 2362 315 240

265 368 289 387 e.
316 360 365 391 383
390 374 421 378 -
447 359 578 386 MOREAL*
606 357 684 389 1192,
707 358 726 383 f.
753 356 814 384 404.
839 364 873 382 ex
897 356 1075 385 meanoog
1098 367 1129 371 —
1151 352 1271 378 Ronm-

265 417 341 436 Bsnc
358 408 432 438 760.)

307 525 320 538 «
338 513 445 540 Littere
460 511 538 547 regis
553 509 676 538 Cczslelle
687 507 725 535 ad
736 507 896 535 dominum
911 512 1036 542 papam.
1055 500 1272 532 Sanctissimo

265 565 350 604 patri
374 573 410 594 ac
428 581 476 591 —.
497 561 595 592 Novit
612 560 679 594 ille.
705 559 762 597 qui
781 575 829 586 -.
854 558 927 586 Dat.
950 555 1108 594 Bu1·g[is].
1131 554 1199 583 IIII
1216 553 1269 582 die

265 617 460 648 decembris.
478 624 546 652 reg.
565 623 634 651 exp.
649 614 668 641 ¹.
692 624 703 638 n

337 789 364 814 5
373 788 389 813 1
400 786 456 814 6-1
758 783 880 815 Burgos,
897 782 912 807 4
923 779 1078 807 decembre
1092 776 1194 813 [1239].

302 850 380 877 Idem
400 857 450 875 rex
463 848 559 874 eidem
577 845 715 880 Gregorio
729 852 821 879 papae
833 844 875 870 IX
888 842 991 869 scribit
1004 850 1034 868 se
1049 836 1271 875 Fr[idericum]‚

266 899 361 926 fllium
378 905 475 928 suum,
492 896 528 922 ad
548 895 757 929 imperatorem
779 892 938 923 destinare,
955 894 986 917 ut
1008 890 1082 916 bona
1105 896 1178 922 quae
1198 887 1274 914 Bea-

266 947 345 979 trici,
366 945 512 979 Philippi,
529 944 604 977 regis
624 942 885 971 Theutonicorum,
903 939 981 966 filiae
1002 941 1029 965 et
1047 937 1140 972 ipsius
1158 934 1274 971 Fr[ide-

267 994 332 1030 rici]
350 995 449 1027 matri,
461 995 525 1027 jure
538 991 731 1019 successionis
743 991 923 1024 competant,
934 988 971 1015 ab
982 987 1081 1014 eodem
1097 986 1274 1020 imperatore

267 1044 406 1079 recipiat;
423 1051 488 1070 eum
504 1044 584 1075 rogat
601 1044 745 1074 quatenus
760 1039 856 1065 eidem
873 1037 933 1064 filio
953 1045 1004 1063 suo
1022 1035 1168 1062 auxilium
1186 1036 1214 1060 et
1231 1034 1275 1060 ta-

266 1102 365 1120 vorem
384 1091 583 1126 impertiatur.
601 1104 633 1108 —
647 1090 734 1121 (Bm.
751 1087 795 1115 20.
820 1088 840 1113 f.
857 1086 872 1113 9
889 1089 928 1115 r⁰:
950 1093 1019 1112 ann.
1037 1084 1120 1116 XIV,
1137 1092 1161 1110 c.
1177 1082 1225 1114 39;
1244 1095 1275 1100 —

267 1143 400 1170 Monfflu
414 1141 494 1173 1193,
511 1141 531 1166 f.
548 1139 617 1170 213;
635 1137 714 1169 ibid„
733 1138 752 1163 f.
772 1136 834 1168 158,
851 1143 886 1162 ex
908 1135 1085 1164 Rummoe
1107 1146 1139 1150 -
1156 1132 1277 1158 Ronan-

268 1200 344 1220 Bsno
360 1191 435 1220 761.)

311 1306 323 1319 t(
341 1293 422 1321 Idem
447 1300 498 1319 rer
517 1290 624 1319 eidem.
648 1289 676 1317 A
700 1284 893 1317 Sanctitatis
906 1285 1023 1313 Vestre
1037 1300 1086 1311 —.
1104 1283 1178 1312 Dat.
1192 1282 1276 1311 Bur-

267 1346 356 1385 g[is].
373 1345 439 1374 IIII
457 1344 509 1373 die
525 1340 722 1375 decembris,
740 1348 808 1376 reg.
830 1347 899 1375 exp.
912 1338 933 1365 ¹.
955 1349 967 1363 »

341 1518 458 1546 5165
762 1513 884 1545 Burgos,
900 1511 916 1537 5
932 1509 1086 1537 decembre
1101 1506 1203 1543 [1239].

307 1580 495 1614 Berengaria,
514 1578 616 1612 regina
640 1577 787 1605 Castellae
813 1577 841 1601 et
865 1573 973 1604 Toleti,
996 1570 1179 1599 Ferdinandi
1203 1570 1278 1604 regis

271 1634 375 1661 mater,
392 1628 531 1662 Gregorio
547 1627 590 1654 IX
603 1634 696 1661 papae
709 1633 760 1659 pro
781 1632 794 1649 (t
809 1622 1002 1650 exuberantia
1018 1620 1160 1648 bonitatis
1177 1628 1190 1645 n
1211 1627 1279 1653 erga

270 1681 366 1714 ipsam
383 1682 411 1706 et
423 1678 515 1712 ipsius
530 1677 625 1703 filium
640 1675 749 1709 gratias
764 1673 835 1707 agit,
849 1672 934 1706 eique
948 1674 1049 1697 not-um
1067 1669 1138 1696 facit
1154 1669 1217 1701 W„
1230 1668 1279 1695 ab·

270 1729 367 1756 batem
389 1726 491 1754 Sancti
507 1725 650 1757 Facundi,
669 1724 706 1750 ad
730 1722 836 1750 Sedem
857 1720 1060 1755 Apostolieam
1077 1718 1278 1750 accedentem,

271 1778 296 1804 ei
316 1776 470 1811 quaedam,
493 1782 566 1808 quae
586 1773 694 1800 litteris
717 1770 923 1798 commendare
944 1768 1082 1799 noluerit,
1100 1766 1279 1794 fiducialiter

270 1827 488 1852 declaraturum
506 1831 577 1849 esse.
596 1837 627 1840 —
644 1822 730 1853 (Rso.
746 1820 791 1852 20,
813 1820 833 1846 f.
852 1819 868 1846 9
884 1822 926 1850 r⁰;
948 1826 1017 1844 ann.
1036 1817 1119 1848 XIV.
1139 1825 1163 1842 c.
1181 1815 1228 1847 403
1246 1829 1279 1833 —

270 1875 403 1902 Monam
423 1873 503 1904 1192,
525 1873 544 1898 f.
569 1871 630 1903 406,
657 1878 692 1896 ex
716 1870 893 1899 anmm
921 1866 987 1893 ibid.
1011 1865 1091 1898 1193,
1111 1866 1131 1892 t.
1155 1864 1224 1896 159;
1246 1879 1278 1882 —

272 1925 454 1950 Rom-:Naana
471 1921 545 1951 762.)

313 2037 325 2051 α
345 2025 452 2053 Littere
468 2023 571 2060 reyine
596 2021 720 2050 Castelle
741 2019 780 2048 acl
803 2018 961 2047 dominum
981 2025 1104 2054 papam.
1131 2014 1280 2045 Sanctis-

271 2078 356 2107 simo
371 2076 503 2114 patriae
515 2091 562 2103 —.
578 2075 640 2103 Pro
653 2071 829 2110 multiplici
844 2070 950 2107 gratia
964 2086 1012 2097 —.
1028 2069 1101 2098 Dat.
1117 2067 1277 2106 Burg[is]‚

270 2132 299 2161 V
315 2131 367 2160 die
384 2128 580 2160 decembris.
600 2139 612 2153 n

343 2304 396 2330 51
407 2302 463 2329 66
882 2296 1002 2327 Latran,
1017 2295 1032 2322 8
1047 2294 1112 2328 juin
1129 2293 1208 2320 1240,

307 2365 402 2392 Priori
424 2363 527 2391 Sancti
543 2361 685 2390 Johannis
702 2360 737 2387 de
752 2360 854 2386 Platea
875 2357 1056 2385 Urbevetani
1073 2357 1195 2384 mandat
1209 2364 1281 2389 qua-

271 2419 357 2442 tenus
377 2414 413 2440 de
434 2412 570 2447 operibus
591 2414 619 2437 et
645 2408 797 2436 miraculis
820 2407 920 2434 fratris
942 2406 1101 2438 Ambrosii,
1122 2406 1158 2432 de
1178 2405 1281 2432 ordine

271 2465 396 2491 fratrum
414 2462 578 2492 Minorum,
595 2459 738 2493 inquirat.
754 2472 785 2475 ——
804 2458 891 2488 (Rae.
910 2455 954 2487 20,
975 2457 994 2482 f.
1014 2455 1030 2482 9
1048 2461 1093 2486 v⁰;
1111 2463 1180 2481 ann.
1196 2454 1278 2486 XIV,

271 2522 296 2540 c.
314 2514 361 2544 41;
380 2526 411 2529 —
428 2511 560 2537 MOREAL·
575 2508 653 2540 1193,
669 2508 689 2534 f.
706 2507 754 2538 53;
772 2521 804 2524 —
820 2507 857 2532 ct.
876 2506 1032 2532 Porruasr
1048 2503 1174 2533 108912.)

315 2626 328 2639 ι(
348 2636 368 2641 ,.
385 2613 484 2649 priori
499 2611 604 2639 Sancti
622 2609 774 2638 ,Iohannis
792 2607 824 2636 de
840 2607 942 2635 Platea
966 2603 1176 2643 L'rbevelan[i],
1196 2604 1282 2633 ordi-

272 2668 323 2695 nis
337 2666 434 2694 saneti
453 2663 626 2700 Aztyustini.
653 2661 712 2690 Dei
736 2659 911 2698 sapientia,
934 2658 991 2697 qui
1015 2675 1065 2686 —.
1091 2658 1163 2687 Dat.
1184 2657 1282 2686 Late-

273 2719 358 2752 rani,
377 2718 422 2747 VI
439 2717 513 2745 idus
527 2715 626 2754 junii.
646 2723 732 2743 anno
749 2712 1006 2752 quartodecimo.
1032 2723 1043 2737 ι)

305 2838 326 2862 1.
347 2837 400 2861 Sur
421 2838 492 2859 cette
513 2834 628 2857 sormule
645 2836 671 2856 et
687 2839 737 2856 son
753 2831 964 2862 interpretation
981 2830 1127 2860 probable,
1145 2829 1206 2853 voir
1222 2829 1279 2853 Ro-

273 2887 412 2908 omnmo.
428 2885 456 2903 n⁰
472 2880 527 2908 760,
544 2886 569 2909 p.
586 2879 640 2907 661,
657 2881 721 2901 note
738 2878 764 2900 b.

303 2928 326 2950 Ξ.
342 2928 415 2950 Avec
429 2924 578 2948 l'adressc:
595 2931 606 2944 a
623 2924 795 2945 L‘rbevelano
810 2924 833 2944 el
848 2921 990 2943 suanensi
1003 2920 1142 2948 episcopis
1153 2921 1177 2942 et
1188 2919 1279 2947 priori

271 2974 300 2996 S.
316 2971 456 2994 Johannis
472 2970 504 2992 de
521 2970 612 2991 Platea
631 2968 813 2994 L'rbevelano,
835 2966 947 2988 ordinis
967 2965 1059 2987 sancti
1078 2963 1234 2993 Augustini
1255 2969 1278 2991 r,

1425 349 1543 377 5167
1911 349 2043 385 [Lati-an,
2060 350 2076 377 8
2091 351 2156 384 juin
2174 350 2290 386 12401‘2]

1390 410 1506 446 [Eidem
1515 411 1536 447 Ἰ]
1552 416 1655 446 notum
1670 413 1742 440 facit
1758 413 1902 447 quomodo
1918 416 1946 440 et
1962 412 2068 447 quibus
2084 413 2120 440 de
2135 413 2221 440 rebus
2233 413 2361 441 debeant

1354 460 1528 495 interrogari
1547 466 1575 488 et
1595 462 1762 489 examinari
1778 464 1867 489 testes
1887 462 1923 488 de
1941 462 2006 488 vita
2028 462 2128 488 fratris
2143 461 2306 489 Ambrosii.
2330 477 2362 481 —-—

1354 510 1440 540 (Rea.
1462 509 1507 541 20,
1529 511 1548 536 f.
1565 510 1581 536 9
1595 517 1641 542 νος
1655 519 1725 537 anu.
1740 510 1830 543 XIV,
1845 519 1869 536 c.
1887 510 1938 542 42;
1960 525 1992 528 —
2008 510 2142 537 Monam]
2158 511 2238 542 1193,
2260 512 2280 538 f.
2297 511 2361 543 203,

1355 566 1390 584 ex
1407 559 1584 591 RAYNALD03
1600 574 1631 577 —
1649 559 1806 586 Porrnasr
1821 558 1907 585 10891
1916 560 1954 590 ’.)

1397 673 1410 686 u
1427 660 1525 698 Super
1542 661 1782 697 itzter1·09atione
1804 665 1829 689 et
1851 660 2079 689 ewaminczlione
2102 661 2225 689 testium
2247 660 2280 688 de
2298 661 2363 689 vila

1353 713 1465 749 fratris
1482 714 1644 742 Ambrosii.
1661 713 1775 743 Testes
1791 713 1958 751 legitimos
1975 721 2057 751 quos
2073 730 2122 741 —.
2145 725 2157 739 n

1428 891 1546 918 5168
1948 891 2069 922 Latran,
2090 891 2124 918 14
2139 891 2198 918 mai
2214 890 2294 917 1240.

1392 952 1623 986 Archiepiscopo
1639 952 1847 980 Cantuariensi
1869 953 2004 979 concedit
2029 955 2073 984 ut,
2093 967 2125 970 ——
2150 952 2220 979 licet
2236 952 2297 986 jam
2315 961 2367 979 suo

1357 1002 1421 1035 jure
1435 1001 1572 1028 ordinare
1585 1002 1697 1028 valeret
1711 1001 1938 1029 Cantuariensis
1955 1001 2126 1036 provinciae
2140 1001 2278 1028 ecclesias
2293 1009 2368 1035 quae

1358 1053 1440 1077 tanto
1468 1053 1599 1084 tempore
1624 1050 1813 1082 vacaverint,
1838 1050 1913 1084 quod
1935 1058 2035 1077 earum
2055 1049 2185 1084 provisio
2209 1049 2246 1076 ad
2268 1049 2367 1084 ipsum

1359 1098 1614 1133 archiepiscopum
1644 1098 1784 1125 devoluta
1806 1102 1892 1131 esset,
1913 1113 1946 1116 —
1971 1106 1984 1123 «
2001 1098 2026 1125 si
2053 1098 2155 1132 aliqua
2175 1098 2366 1124 ecclesiarum

1360 1155 1373 1172 »
1395 1147 1612 1174 cathedralium
1627 1155 1677 1174 seu
1695 1147 1874 1181 regularium
1894 1154 1907 1172 1)
1931 1147 1989 1181 ipsi
2011 1147 2232 1180 archiepiscopo
2256 1154 2269 1171 «
2286 1147 2369 1173 nullo

1360 1204 1374 1221 ›)
1397 1196 1493 1223 medio
1506 1196 1718 1230 subjectarum,
1734 1200 1866 1224 cessante
1888 1197 2104 1231 impedimento
2128 1196 2274 1230 legitimo,
2289 1197 2370 1222 ultra

1360 1253 1372 1270 »
1395 1248 1511 1279 tempus
1527 1248 1672 1272 statutum
1687 1253 1703 1272 a
1718 1253 1857 1272 canone»
1879 1245 2045 1278 vacaverit,
2070 1246 2154 1279 cujus
2179 1245 2309 1280 provisio
2331 1245 2368 1271 ad

1360 1294 1466 1321 Sedem
1480 1294 1683 1328 Apostolicam
1697 1302 1754 1321 non
1770 1294 1809 1321 sit
1824 1294 1976 1327 devoluta,
1991 1303 2055 1320 eam
2074 1294 2109 1320 de
2125 1302 2248 1328 persona
2263 1293 2370 1320 idonea

1359 1342 1495 1369 ordinare
1510 1343 1612 1376 possit.
1629 1358 1664 1361 —
1677 1344 1763 1375 (ΗΒΕ.
1777 1343 1822 1375 20,
1840 1344 1860 1370 f.
1877 1343 1893 1370 9
1908 1346 1952 1375 v⁰;
1969 1351 2039 1370 ann.
2057 1343 2140 1375 XIV,
2159 1352 2184 1369 c.
2199 1343 2256 1373 43.)

1403 1456 1416 1470 α
1449 1467 1469 1473 ..
1498 1445 1721 1482 archiepiscopo
1744 1445 1973 1474 Caniumierzsi.
2001 1444 2039 1473 Et
2070 1448 2127 1473 tua
2154 1443 2290 1482 supplex
2318 1460 2369 1472 —.

1360 1498 1432 1527 Dat.
1454 1497 1618 1534 Laterani,
1638 1498 1670 1528 II
1686 1497 1762 1527 idus
1779 1497 1870 1533 maii,
1890 1506 1976 1527 anno
1994 1497 2254 1536 quartodecimo.
2275 1509 2287 1523 υ

1433 1676 1486 1704 51
1497 1676 1553 1703 69
1957 1676 2078 1708 Latran,
2095 1675 2128 1702 13
2145 1675 2205 1702 mai
2220 1676 2299 1702 1240.

1399 1738 1501 1765 Eidem
1517 1737 1652 1771 indulget
1663 1740 1695 1764 ut
1711 1746 1762 1772 per
1777 1737 1892 1764 litteras
1909 1737 2085 1771 apostolicas
2097 1746 2170 1772 quae
2185 1738 2221 1764 de
2238 1746 2373 1772 praesen-

1363 1786 1441 1813 tibus
1461 1787 1579 1820 plenam
1599 1794 1656 1812 non
1678 1786 1802 1813 fecerint
1824 1786 2022 1819 mentionem,
2044 1787 2123 1813 ultra
2138 1786 2210 1813 duas
2225 1786 2320 1813 dietas
2335 1787 2374 1814 ab

1362 1835 1487 1862 ecclesia
1500 1835 1709 1862 Cantuariensi
1723 1835 1754 1861 in
1771 1843 1889 1862 causam
1909 1835 1988 1862 trahi
2009 1844 2066 1861 non
2083 1836 2190 1869 possit;
2209 1836 2371 1869 praesenti-

1362 1885 1415 1911 bus
1445 1887 1508 1918 post
1536 1884 1774 1918 quinquennium
1804 1884 1930 1911 minime
1956 1884 2107 1911 valituris.
2143 1899 2175 1902 —
2205 1885 2292 1916 (ΗΕΘ.
2327 1884 2373 1917 20,

1363 1935 1382 1960 t.
1399 1934 1415 1960 9
1429 1936 1471 1965 v⁰;
1489 1942 1558 1960 ann.
1577 1933 1660 1966 XIV,
1677 1942 1701 1960 e.
1719 1934 1776 1964 44.)

1405 2047 1417 2061 α
1441 2035 1557 2064 Eidem.
1580 2034 1648 2063 Tue
1671 2034 1777 2072 quieti
1800 2043 1837 2063 ac
1864 2051 1913 2063 —.
1940 2035 2012 2064 Dat.
2036 2035 2203 2069 Laterani,
2226 2036 2276 2065 III
2295 2035 2372 2065 idus

1362 2088 1453 2122 maii,
1472 2096 1558 2116 anno
1578 2087 1836 2125 quartodecimo.
1855 2099 1868 2113 »

1363 2206 1469 2237 d'apres
1486 2206 1639 2235 Wanumo,
1655 2207 1781 2229 Annales
1796 2208 1950 2233 Minor-um,
1967 2206 2001 2236 ΙΙ,
2018 2206 2071 2235 415,
2088 2210 2115 2230 et
2132 2207 2289 2236 SBARALEA,
2304 2209 2372 2232 Bul-

1364 2253 1415 2275 lar.
1431 2253 1626 2277 Franciscan..
1644 2251 1668 2279 I,
1685 2250 1745 2279 280.
1767 2255 1794 2273 n⁰
1811 2251 1864 2274 313.
1885 2264 1915 2268 —-
1935 2251 1955 2274 11
1976 2254 2016 2274 est
2035 2251 2050 2274 a
2070 2256 2150 2276 noter
2170 2259 2238 2283 que,
2258 2252 2327 2276 dans
2346 2253 2372 2276 le

1362 2297 1496 2325 Registre,
1512 2295 1538 2317 la
1554 2295 1694 2324 rubrique,
1711 2295 1781 2317 ainsi
1796 2301 1848 2324 que
1862 2295 1886 2317 le
1897 2295 1960 2324 j0ur
1974 2298 2000 2318 et
2014 2295 2038 2318 le
2053 2296 2122 2319 mois
2136 2296 2170 2319 de
2184 2297 2208 2319 la
2222 2296 2294 2324 date,
2308 2301 2373 2320 sont

1363 2341 1387 2363 le
1401 2340 1513 2363 resultat
1527 2339 1608 2362 d'une
1620 2339 1784 2362 correction.
1798 2338 1858 2367 Que
1872 2341 1943 2362 cette
1956 2339 2037 2362 lettre
2051 2340 2087 2363 ait
2101 2340 2143 2363 ete
2158 2341 2373 2370 primitivement

1363 2384 1491 2408 adressee
1507 2383 1522 2406 a
1537 2383 1609 2406 deux
1627 2390 1778 2413 personnes
1794 2390 1828 2406 au
1845 2383 1942 2411 moins.
1959 2386 1986 2407 et
2001 2390 2057 2407 non
2070 2384 2085 2407 a
2098 2391 2152 2408 une
2166 2385 2251 2414 seule,
2267 2386 2324 2408 cela
2337 2392 2373 2409 ne

1364 2433 1428 2461 peut
1444 2429 1511 2451 faire
1527 2428 1561 2451 de
1577 2428 1677 2457 doute3
1698 2434 1734 2451 on
1748 2435 1767 2458 y
1783 2428 1827 2457 lit,
1849 2435 1882 2451 en
1901 2428 1976 2456 effet,
1994 2428 2108 2452 laissees
2123 2429 2148 2452 la
2164 2437 2212 2460 par
2228 2430 2372 2460 megarde,

1363 2475 1403 2497 les
1419 2472 1596 2503 expressions
1617 2478 1623 2495 ε
1645 2473 1813 2496 discretioni
1834 2475 1924 2496 vestr-e
1996 2474 2074 2496 vobis
2145 2475 2324 2503 inquirentes

1362 2520 1483 2547 [aciatis.
1500 2529 1531 2534 —-
1546 2516 1689 2540 L'adresse
1705 2516 1813 2540 donnee
1830 2523 1878 2547 par
1896 2517 1922 2539 la
1942 2517 2014 2540 table
2030 2517 2078 2540 des
2095 2519 2218 2547 capitula
2236 2522 2277 2542 est
2293 2519 2372 2542 iden-

1363 2563 1438 2592 tique
1454 2561 1469 2584 a
1485 2561 1552 2584 celle
1568 2560 1650 2591 qu'on
1666 2564 1764 2584 trouve
1780 2560 1848 2583 dans
1865 2561 1888 2583 le
1905 2567 1986 2591 corps
2002 2561 2088 2584 meme
2105 2562 2140 2585 du
2156 2563 2290 2591 Registre.

1397 2607 1416 2630 1.
1435 2606 1511 2629 Nous
1527 2611 1685 2636 supposons
1700 2611 1753 2635 que
1769 2608 1841 2628 cette
1858 2604 1944 2635 pie'ce,
1958 2612 2013 2628 non
2027 2605 2105 2628 datce
2119 2605 2187 2629 dans
2201 2606 2225 2629 le
2237 2608 2374 2636 Βερίεινε,

1363 2654 1405 2674 est
1421 2650 1457 2673 du
1475 2650 1561 2673 meme
1575 2650 1640 2679 jour
1656 2656 1709 2679 que
1725 2649 1750 2672 la
1766 2649 1839 2672 bulle
1855 2650 1901 2679 qui
1919 2648 2035 2679 precede
2051 2650 2294 2675 immediatement.

1393 2695 1415 2718 ξ’.
1438 2694 1477 2718 De
1500 2695 1585 2717 meme
1602 2700 1654 2724 que
1671 2694 1696 2716 la
1712 2694 1784 2717 bulle
1805 2694 1851 2724 qui
1873 2693 2003 2724 precede,
2025 2698 2096 2717 cette
2115 2695 2246 2725 formule,
2267 2703 2374 2720 comme

1363 2739 1421 2763 cela
1442 2742 1545 2761 ressort
1565 2738 1601 2761 du
1622 2742 1710 2767 texte,
1734 2738 1800 2762 etait
1823 2737 1951 2762 adi-essee
1972 2739 2187 2768 primitivement
2208 2746 2263 2763 non
2283 2741 2298 2763 a
2317 2747 2372 2765 une

1363 2783 1439 2807 seule
1452 2788 1599 2812 personne,
1614 2782 1682 2805 mais
1696 2782 1711 2804 a
1723 2781 1796 2805 deux
1810 2788 1844 2804 au
1860 2782 1964 2810 moins;
1982 2783 2000 2805 il
2016 2783 2136 2806 faudrait
2150 2783 2230 2811 donc,
2246 2784 2373 2815 logique-

1363 2831 1450 2856 ment,
1466 2827 1608 2857 imprimer
1623 2827 1658 2849 ici
1675 2828 1798 2855 eisdem,
1818 2827 1841 2850 si
1862 2827 1916 2850 l'on
1931 2833 1965 2850 ne
1980 2828 2068 2850 savait
2084 2834 2137 2858 que
2152 2827 2282 2852 l'adresse
2298 2829 2332 2853 de
2346 2830 2374 2853 la

1363 2872 1439 2903 piece
1455 2870 1620 2901 precedente
1636 2873 1674 2900 (η’
1691 2870 1761 2900 5166)
1776 2878 1790 2894 a
1806 2871 1848 2894 ete
1865 2871 1961 2894 refaite
1976 2871 2055 2902 apres
2071 2879 2152 2902 coup,
2169 2872 2202 2896 de
2219 2873 2280 2896 telle
2296 2877 2372 2898 sorte

1361 2923 1413 2947 que
1427 2919 1498 2939 cette
1510 2915 1643 2945 premiere
1655 2915 1732 2945 piece
1743 2919 1779 2944 et,
1791 2915 2044 2946 consequemment,
2056 2916 2082 2939 la
2092 2917 2209 2940 formule
2221 2917 2267 2947 qui
2279 2918 2304 2941 la
2315 2918 2374 2942 suit

1361 2961 1399 2990 (11⁰
1412 2960 1482 2989 5167)
1498 2959 1572 2982 n'ont
1590 2959 1651 2989 plus
1667 2958 1751 2989 qu'un
1768 2959 1948 2983 destinataire
1963 2960 2077 2990 unique.
