2553 3526
298 276 355 306 <223
1026 265 1264 299 REGISTRES
1287 263 1342 293 DE
1365 255 1587 293 GREGOIRE
1612 264 1669 294 tx.
2344 265 2403 293 -2-24

301 352 357 369 non
380 344 515 376 poterant
537 340 645 372 audiri,
664 340 800 373 indulget
816 341 858 371 ut,
876 337 1036 364 dummodo
1053 335 1109 369 ipsi
1126 341 1243 361 causam
1261 331 1308 357 in-

301 392 425 418 terdicto
442 399 497 416 non
519 389 666 417 dederint.
689 389 737 415 vel
755 388 785 414 id
806 387 878 421 ipsis
895 394 950 412 non
968 383 1125 417 contigerit
1141 380 1310 416 specialiter

302 440 442 471 inhiberi,
464 439 569 465 divina
587 437 681 464 officia
706 436 829 470 possint,
852 434 980 461 exclusis
1000 429 1267 459 excommunicatis
1282 430 1311 454 et

302 488 481 515 interdictis,
499 486 616 521 publice
631 485 788 512 celebrare.
806 498 838 501 —
852 483 938 515 (Hm.
955 481 1000 511 20,
1018 482 1038 507 f.
1053 481 1068 506 3
1085 483 1127 511 v⁰;
1142 487 1212 506 ann.
1227 476 1309 508 XIV,

302 548 326 565 c.
346 538 401 568 15.)

345 651 356 664 «
375 637 422 676 [..]
443 638 542 674 priori.
561 640 586 664 ct
610 634 774 663 convcntuz·
794 633 900 662 Sancti
922 631 1070 668 Stephani
1093 629 1126 658 de
1146 626 1312 665 Mauriqu-

305 691 379 729 111'11].
398 691 517 719 ordinis
535 688 635 717 sancti
653 686 831 723 Auyztstini,
853 682 1098 722 X(1[11]ctonensis
1113 681 1249 710 diocesis.
1267 680 1312 709 Ex

304 748 395 782 parte
418 747 527 772 vestra
552 758 599 769 ——.
626 741 699 769 Dat.
723 737 889 772 Laterani,
913 737 961 766 III
986 735 1061 765 idus
1081 733 1208 772 aprilis,
1226 741 1313 762 anno

305 795 564 835 quartodecimo.
585 806 597 819 1)

377 967 499 995 5¹38
891 963 1012 990 Latran.
1025 961 1059 987 23
1075 960 1151 986 avril
1166 958 1245 986 1240.

344 1031 553 1059 Guillelmum,
571 1027 709 1054 comitem
729 1025 895 1060 palatinum
912 1021 1070 1059 [TusciaeL
1090 1024 1190 1049 monet
1208 1023 1236 1047 et
1254 1021 1318 1046 hor-

308 1084 387 1108 tatur
401 1082 556 1113 quatenus,
571 1077 606 1103 ad
622 1076 824 1103 defensionem
843 1083 924 1101 suam
947 1082 976 1100 se
999 1072 1167 1105 accingens,
1185 1071 1215 1097 in
1229 1070 1319 1096 devo-

308 1130 388 1157 tione
406 1129 556 1154 Romanae
573 1125 722 1151 Ecclesiae
740 1126 923 1158 persevcret3
941 1122 1041 1149 eadem
1061 1118 1240 1152 Ecclesia,si
1254 1127 1317 1145 eam

309 1186 374 1205 cum
391 1176 524 1203 hostibus
540 1174 575 1201 ad
593 1182 694 1208 pacem
710 1172 804 1198 redire
820 1170 988 1204 contigerit,
999 1170 1095 1204 ipsum
1110 1167 1319 1202 ipsiusqueho-

310 1226 404 1252 mines
421 1224 579 1251 comitatus
596 1220 820 1249 Ildebraudisci.
836 1220 871 1246 ad
890 1220 1053 1245 Romanam
1070 1216 1234 1244 Ecclesiam
1254 1223 1319 1249 per-

310 1273 445 1303 tinentis,
461 1272 541 1306 pacis
553 1272 686 1304 expertes
699 1277 755 1295 non
766 1268 930 1301 relinquet;
949 1267 1116 1300 ipsumque,
1126 1264 1173 1296 T.,
1186 1272 1319 1296 uxorem,

309 1326 337 1349 et
348 1322 422 1348 tilios
432 1321 505 1354 ejus.
514 1328 579 1346 cum
593 1318 765 1351 integritate
775 1316 919 1351 praedicti
928 1312 1320 1344 comitatusildebrandisci,

310 1372 363 1398 sub
381 1369 561 1405 protectione
579 1375 631 1393 sua
649 1366 783 1400 suscipit.
808 1380 839 1383 —
857 1365 943 1396 (nm.
961 1363 1005 1394 20,
1025 1364 1044 1389 f.
1058 1363 1073 1389 3
1090 1366 1133 1394 v⁰;
1150 1370 1220 1388 ann.
1233 1361 1317 1393 XIV,

310 1428 334 1446 c.
351 1419 398 1450 16;
411 1433 441 1436 —
454 1418 638 1443 Roofflssmc,
654 1414 720 1445 77·2;
737 1429 771 1432 —
787 1414 824 1439 cf.
842 1420 938 1444 supra,
957 1420 985 1438 n.
1000 1411 1080 1442 2027,
1098 1410 1168 1437 2094
1184 1413 1212 1436 et
1228 1409 1321 1439 2095.)

354 1532 366 1546 «
387 1519 486 1548 Nobili
500 1519 565 1546 viro
582 1517 754 1549 Guillelmo,
771 1515 875 1544 comiti
891 1513 1044 1552 palatino.
1063 1511 1145 1545 Etsi,
1164 1509 1324 1540 ferventi-

312 1573 374 1603 bus
390 1572 503 1610 impiis
517 1588 565 1600 —.
584 1570 658 1599 Dat.
674 1567 840 1603 Laterani,
855 1560 953 1596 VIIII
969 1564 1129 1595 kalendas
1142 1563 1233 1599 maii,
1247 1571 1323 1602 pon-

315 1626 458 1656 tificatus
476 1623 581 1654 nostri
599 1631 686 1652 anno
703 1620 963 1660 quartodecimo.
982 1631 994 1644 »

384 1797 501 1826 5139
891 1792 1013 1823 Latran,
1030 1792 1060 1817 11
1079 1790 1156 1817 avril
1173 1789 1252 1816 1240,

349 1860 493 1895 Episcopo
507 1856 666 1887 Misnensi,
679 1864 731 1882 nec
747 1863 803 1881 non
821 1854 944 1887 Majoris
956 1853 1106 1880 Ecclesiae
1122 1851 1284 1879 Misuensis
1298 1854 1326 1877 et

316 1910 442 1937 Sanctae
459 1909 548 1934 Afrae
570 1905 734 1932 Misnensis
758 1903 933 1938 praopsssitis
956 1902 1077 1928 mandat
1098 1904 1243 1935 quatenus
1270 1900 1325 1926 fra<

315 1962 373 1985 tres
388 1956 543 1991 hospitalis
563 1955 690 1981 Sanctae
707 1953 820 1979 Mariae
836 1951 1086 1978 Theutonicorum
1106 1948 1326 1982 Hierosolymi-

314 2006 377 2033 tani
395 2006 423 2031 in
442 2004 564 2031 Pruscia
589 2004 816 2029 commorantes.
843 2000 926 2033 cujus
950 2007 1086 2025 excessus
1105 2000 1246 2027 recenset,
1268 2005 1325 2022 mo-

315 2058 404 2082 neant
427 2057 458 2080 ut
483 2053 519 2079 ab
535 2051 664 2086 episcopi
682 2050 833 2079 Prusciae,
850 2048 1125 2082 episcopaliumque
1141 2046 1283 2073 ecclesiae
1298 2048 1325 2071 et

315 2107 419 2133 terrae,
431 2110 502 2135 quas
514 2100 617 2132 iidem,
630 2107 695 2126 cum
707 2097 877 2131 neophytis,
887 2096 1025 2123 omnibus
1040 2095 1201 2122 mobilibus
1214 2094 1324 2120 ibidem

315 2151 447 2179 inventis
465 2150 677 2183 spoliaverant,
696 2146 900 2173 uwlestatione
917 2145 1072 2176 desistant,
1089 2147 1117 2170 et·
1133 2144 1228 2170 eidem
1248 2143 1326 2177 cpis—

315 2209 385 2234 copo
400 2200 435 2226 de
451 2197 587 2231 irrogatis
602 2195 720 2223 damnis
734 2198 762 2221 et
778 2194 897 2227 injuriis
914 2193 1111 2220 satisfaciant.
1128 2208 1158 2210 —
1177 2193 1262 2224 (Rae.
1280 2191 1324 2223 20,

316 2253 336 2276 1“,
356 2250 371 2275 3
392 2252 438 2279 v⁰;
460 2256 529 2274 ann.
552 2246 634 2277 XIV,
657 2254 681 2271 c.
704 2244 754 2275 17;
779 2258 810 2262 -
834 2243 967 2269 MOREAL‘
989 2242 1068 2274 1193,
1093 2243 1112 2268 l'.
1137 2241 1169 2273 6;
1195 2256 1227 2259 —
1249 2241 1326 2268 Por-

314 2307 409 2326 THAST
423 2297 532 2327 10866.)

358 2413 369 2426 κ
392 2423 411 2428 ..
429 2401 603 2436 episcopor!
624 2419 643 2425 ..
661 2396 784 2432 Majoris
804 2394 929 2423 Iicrlesiv
947 2399 973 2421 et
995 2417 1014 2421 ..
1041 2393 1149 2421 Sancte
1170 2393 1240 2427 Afro
1255 2400 1325 2428 pre—

313 2454 421 2492 positis
446 2448 684 2489 illisnffldsilms}
708 2446 902 2478 Venerabili
924 2446 1024 2475 fratre
1045 2449 1156 2474 nostro
1177 2461 1223 2472 ——.
1250 2443 1324 2472 Dat.

317 2504 484 2540 Laterani,
503 2504 552 2533 ΙΙΙ
566 2503 640 2532 idus
657 2500 785 2539 aprilis,
804 2508 890 2528 anno
907 2497 1169 2537 quartodecimo.
1191 2509 1204 2523 1>

387 2684 508 2711 5140

354 2747 496 2780 Episcopo
514 2744 701 2772 Plovacensi.
727 2751 777 2768 noc
800 2751 855 2768 uon
878 2741 977 2768 abbati
999 2739 1193 2770 Sacraricnsi,
1219 2739 1326 2764 Plora-

894 2680 1015 2710 Latran,
1032 2678 1064 2704 33
1081 2677 1158 2703 avril
1175 2676 1254 2703 1240.

317 2796 412 2822 «musis
429 2794 584 2825 ‹filiove-3515,
606 2797 633 2819 ct
655 2792 753 2819 abbati
775 2791 954 2822 Padulensi,
976 2789 1154 2815 Turritanae
1173 2787 1326 2818 dioecesis,

317 2845 462 2876 significat
480 2853 509 2869 sc
525 2841 704 2868 sent-*utiam
722 2849 777 2874 qua
801 2840 955 2866 Robcrtus.
974 2838 1077 2865 sancti
1094 2837 1246 2864 Eustachii
1263 2836 1328 2862 dia-

317 2902 406 2919 wnus
429 2891 600 2922 cardinalis,
625 2893 791 2916 cassaverat
815 2888 988 2914 electionem
1018 2887 1053 2912 ‹le
1072 2885 1328 2919 archipresbytero

318 2946 444 2969 ‚sarrano
459 2941 487 2967 iu
506 2940 674 2974 episcopum
691 2940 863 2966 soi-rantum.
883 2938 943 2963 loco
960 2935 1079 2961 Surrani
1098 2934 1238 2968 episcopi,
1253 2934 1327 2967 epis-

1391 332 1497 363 copatu
1519 339 1580 362 suo,
1601 333 1634 357 ut
1654 331 1732 357 idem
1755 331 1913 363 asserebat,
1933 330 2064 364 spoliati,
2085 339 2102 357 a
2122 331 2252 365 capitulo
2276 331 2404 358 Sorrano

1392 381 1494 405 contra
1518 379 1674 405 canonicas
1698 379 1865 405 sanctiones
1896 382 2133 413 praesumptam,
2161 382 2255 406 ratam
2285 379 2403 411 habere,

1392 427 1492 461 eisque
1509 427 1629 454 mandat
1650 430 1794 461 quatenus
1813 427 1998 462 praedictum
2017 427 2182 461 capitulum
2199 436 2252 454 nec
2271 436 2328 454 non
2347 428 2404 454 cle—

1393 485 1457 502 rum
1478 476 1622 503 Sorranae
1638 476 1771 502 civitatis
1789 478 1818 502 et
1837 476 1980 502 dioecesis
1996 478 2100 509 cogant
2116 478 2148 502 ut
2165 476 2309 509 Jamdicto
2329 476 2406 510 epis-

1394 533 1463 559 copo
1494 525 1618 558 spoliato
1643 524 1782 551 obediant
1807 527 1835 551 et
1858 524 1954 550 eidem
1980 523 2237 558 archipresbytero
2261 526 2403 558 tanquam

1394 575 1485 600 electo
1506 582 1563 600 non
1584 573 1757 604 intendant:
1781 573 1951 607 episcopum
1976 572 2173 607 praedictum.
2190 573 2215 599 si
2236 581 2302 599 eum
2323 573 2406 599 inve-

1395 622 1494 648 nerint
1511 630 1612 648 revera
1631 621 1720 648 fuisse
1742 621 1918 655 spoliatum,
1939 621 1970 647 in
1993 621 2205 654 possessionem
2220 621 2408 655 episcopatus

1394 673 1422 697 et
1448 670 1589 697 bonorum
1616 670 1708 704 ipsius
1732 670 1917 704 episcopatus
1943 669 2096 701 reducant,
2119 673 2147 696 et
2171 669 2283 696 faciant
2309 669 2404 696 eidem

1395 719 1430 745 de
1451 718 1596 745 fructibus
1616 719 1760 745 dictorum
1784 719 1924 745 bonorum
1944 727 1961 745 a
1981 720 2063 752 parte
2081 718 2226 752 praedicti
2243 718 2408 752 archipres-

1396 767 1492 801 byteri
1505 767 1650 801 perceptis
1662 768 1895 794 satisfactionem
1910 767 2055 801 impendi,
2068 769 2097 793 et
2112 767 2232 793 interim
2244 767 2280 793 de
2296 767 2406 794 eisdem

1396 815 1481 842 bonis
1501 824 1644 850 expensas
1664 816 1844 843 necessarias
1864 815 2041 843 ministrari.
2064 830 2095 834 —
2118 816 2206 847 (Res.
2226 815 2270 848 20,
2292 816 2312 842 f.
2333 816 2349 842 4
2367 819 2410 847 r'‘;

1397 873 1468 891 ann.
1484 865 1568 897 XIV,
1585 873 1609 891 c.
1624 864 1680 896 18.)

1441 977 1453 991 «
1475 987 1494 994 ..
1514 965 1649 1002 episcopo
1667 965 1850 999 Plovacensi,
1870 970 1896 994 el
1915 987 1934 995 ..
1955 965 2150 994 Sacrariensi
2165 970 2190 993 et
2209 987 2228 992 ..
2245 965 2413 994 Padulensi

1400 1019 1573 1053 abbatibus,
1608 1018 1798 1047 Plovczcensis
1825 1022 1850 1046 et
1882 1017 2046 1046 Tum-itanc
2072 1018 2236 1046 diocesum.
2268 1017 2352 1047 Cum
2375 1017 2410 1046 in

1402 1079 1501 1100 causa
1517 1080 1580 1109 que
1598 1071 1686 1100 inter
1707 1069 1931 1100 venerabilem
1955 1070 2091 1099 fratrem
2114 1074 2264 1099 nostrum
2282 1094 2301 1099 ..
2323 1070 2413 1108 epis-

1403 1133 1529 1162 copum,
1548 1133 1584 1154 ex
1601 1128 1692 1162 parte
1709 1133 1786 1157 una,
1805 1128 1836 1153 et
1854 1146 1873 1152 ..
1893 1122 2212 1161 archipresbiterum
2232 1128 2263 1153 et
2284 1123 2414 1162 capitu-

1403 1177 1470 1206 lum
1489 1176 1686 1216 Sorran[os]‚
1710 1186 1747 1206 ex
1769 1176 1883 1211 altera,
1903 1185 2001 1214 super
2020 1184 2057 1205 eo
2078 1175 2164 1214 quod
2181 1175 2268 1206 idem
2286 1176 2415 1214 episco-

1405 1239 1464 1268 pus
1488 1230 1677 1268 episcopatu
1709 1234 1740 1259 et
1771 1229 1926 1258 omnibus
1956 1228 2053 1258 bonis
2080 1229 2187 1266 ipsius
2214 1238 2270 1266 per
2296 1238 2350 1258 cos
2378 1237 2415 1258 se

1405 1282 1582 1321 spoliatum
1595 1287 1625 1311 et
1637 1282 1777 1312 eundem
1795 1281 2114 1319 archipresbiterum
2126 1280 2195 1310 loco
2209 1281 2261 1310 sui
2272 1281 2414 1311 electum

1405 1336 1535 1369 asserit,
1554 1335 1704 1369 vertitur,
1723 1335 1880 1364 dilectum
1898 1334 2003 1363 filium
2026 1338 2174 1363 nostrum
2193 1333 2412 1372 R[obertum],

1406 1389 1518 1419 Sancti
1536 1388 1708 1418 Eustachii
1731 1388 1906 1417 diaconum
1928 1386 2142 1416 cardinalem.
2162 1386 2311 1424 partibus
2329 1386 2415 1424 apud

1405 1443 1522 1473 sedem
1541 1441 1763 1480 Apostolicam
1785 1441 1975 1470 constitutis
1998 1440 2187 1470 dederimus
2204 1440 2387 1470 auditorem
2407 1450 2414 1468 :

1405 1495 1504 1529 idem,
1523 1495 1666 1532 coguitis
1682 1503 1781 1524 cause
1798 1494 1903 1532 ipsius
1915 1493 2056 1527 meritis,
2071 1493 2265 1523 electionem
2276 1493 2315 1523 de
2329 1493 2418 1522 dicto

1407 1548 1688 1586 archipresbitero
1713 1547 1753 1577 ab
1781 1547 1895 1577 eodem
1921 1546 2066 1584 capitulo
2094 1551 2208 1576 contra
2238 1547 2416 1576 canonicas

1407 1601 1597 1630 sanctiones
1614 1603 1852 1638 presumptum,
1868 1608 1924 1637 per
1938 1598 2148 1628 diffinitivam
2166 1599 2367 1628 sententiam
2379 1598 2419 1627 de

1408 1654 1563 1683 mandato
1585 1658 1698 1683 nostro
1720 1653 1864 1682 cassavit
1885 1669 1933 1680 —.
1958 1653 2031 1681 Dat.
2053 1652 2218 1685 Laterani,
2242 1653 2341 1682 VIIII
2358 1652 2420 1681 ka-

1407 1707 1522 1737 lendas
1541 1706 1631 1741 maii,
1646 1715 1733 1735 anno
1750 1705 2010 1744 quartodecimo.
2031 1717 2043 1731 »

1478 1900 1532 1928 5¹
1542 1900 1593 1926 41
1993 1899 2114 1931 Latran,
2130 1898 2162 1925 13
2175 1898 2252 1925 avril
2267 1898 2346 1925 1240.

1443 1962 1675 1996 Archiepiscopo
1703 1960 1872 1987 Nicosieusi
1899 1960 2021 1986 mandat
2046 1963 2190 1994 quatenus
2220 1961 2359 1987 ecclesias
2391 1963 2420 1987 et

1411 2011 1588 2038 monasteria
1602 2010 1812 2044 praelatorum,
1829 2008 1982 2040 abbatum,
1998 2009 2207 2035 iliona-chorum
2225 2012 2253 2036 et
2269 2009 2420 2043 presbyte-

1408 2069 1504 2086 rorum
1532 2061 1710 2086 Graecorum
1732 2058 1925 2092 fugitivorum
1948 2057 2128 2084 Nicosiensis
2153 2058 2334 2092 provinciae,
2357 2059 2419 2092 qui,

1409 2108 1558 2135 mandatis
1573 2107 1743 2141 apostolicis
1764 2115 1865 2140 parere
1887 2107 2030 2137 nolentes,
2047 2107 2083 2133 ad
2100 2112 2197 2140 partes
2213 2107 2374 2133 Armeniae
2389 2116 2419 2134 se

1408 2157 1595 2183 transtulisse
1624 2155 1810 2185 dicebantur.
1840 2163 1892 2181 nec
1922 2163 1979 2181 non
2007 2158 2034 2181 et
2059 2155 2239 2189 reliquorum
2265 2155 2418 2187 abbatum,

1409 2206 1619 2231 monachorum
1645 2208 1671 2231 et
1698 2204 1935 2238 presbyterorum
1963 2204 2140 2230 Graecorum
2170 2204 2199 2230 in
2225 2204 2325 2230 eadem
2352 2213 2421 2238 pro-

1408 2254 1506 2280 vincia
1523 2253 1754 2284 remanentium,
1777 2261 1847 2286 quos
1863 2253 1926 2286 ipse
1946 2253 2197 2286 archiepiscopus,
2217 2252 2241 2278 si
2260 2252 2420 2286 praedictis

1410 2303 1559 2329 mandatis
1571 2311 1628 2328 uon
1641 2301 1923 2335 obtemperaverint,
1936 2301 1971 2327 de
1984 2301 2114 2335 ejusdem
2129 2301 2300 2335 provinciae
2311 2301 2420 2328 finibus

1409 2351 1567 2386 expulerit,
1589 2351 1624 2377 de
1650 2350 1766 2376 Latinis
1782 2349 1984 2376 sacerdotibus
2005 2353 2031 2376 et
2048 2350 2117 2376 aliis
2140 2349 2286 2376 ministris
2307 2350 2421 2376 idoneis

1408 2401 1534 2427 ordinet.
1551 2415 1582 2417 ψ
1595 2401 1681 2431 (ΠΕΟ.
1696 2400 1801 2431 2051}
1817 2402 1853 2430 r‘';
1867 2408 1936 2425 ann.
1951 2399 2033 2431 XIV,
2046 2399 2133 2431 c.19;
2152 2414 2182 2416 -
2195 2399 2328 2426 Momm
2340 2399 2422 2431 1193,

1410 2452 1428 2476 f.
1444 2449 1486 2480 10,
1500 2451 1603 2481 partim
1621 2457 1655 2474 ex
1680 2449 1855 2479 RAYNAL003
1874 2463 1905 2465 —
1922 2448 2080 2474 Pommsw
2096 2447 2183 2474 10868
2195 2448 2226 2478 ¹.)

1450 2563 1462 2577 «
1486 2573 1505 2578 .,
1522 2551 1746 2587 archiepiscopo
1765 2550 1964 2578 Niclzosiensi.
1984 2549 2123 2579 Gratum
2144 2549 2290 2586 gerimus
2316 2554 2346 2578 et
2371 2566 2421 2577 —.

1410 2605 1454 2633 Ex
1467 2607 1557 2641 parte
1573 2602 1740 2640 siquidem
1752 2606 1807 2631 tua
1822 2602 1885 2631 suit
1898 2606 2010 2631 nostro
2027 2601 2225 2640 apostolatui
2237 2606 2421 2631 reseratum

1409 2657 1506 2696 quod,
1532 2665 1605 2685 cum
1629 2660 1663 2685 tu
1684 2656 1850 2694 quondam
1874 2655 2066 2684 mandatum
2093 2654 2309 2692 apostolicum
2331 2663 2424 2683 rece-

1409 2711 1527 2748 pisses.
1553 2713 1585 2738 ut
1604 2708 1758 2738 omnibus
1778 2708 1942 2746 episcopis
1969 2707 2028 2736 tibi
2052 2707 2210 2746 subjectis
2235 2707 2423 2745 preciperes

1409 2763 1495 2801 quod
1505 2762 1569 2800 ipsi
1580 2762 1613 2790 iu
1626 2762 1696 2791 suis
1712 2761 1900 2791 diocesibus
1911 2761 2040 2791 nullum
2053 2761 2255 2790 sacerdotem
2266 2761 2418 2795 Grecum,

1411 2817 1475 2845 nisi
1500 2816 1592 2854 prius
1622 2814 1845 2844 obedientiam
1876 2814 2022 2843 Ecclesie
2050 2815 2197 2843 Romane
2224 2814 2259 2842 in
2285 2822 2420 2843 suorum

1445 2935 1464 2957 1.
1485 2935 1557 2957 Avec
1574 2933 1692 2963 l‘incipit
1709 2942 1715 2956 :
1733 2942 1745 2953 α
1762 2932 1800 2955 Ex
1818 2936 1894 2962 parte
1911 2936 1957 2955 tua
1975 2941 1997 2961 1),
2013 2932 2118 2962 &apres
2137 2932 2291 2956 nusum.
