<?xml version="1.0" encoding="UTF-8"?>
<!DOCTYPE html PUBLIC "-//W3C//DTD XHTML 1.0 Transitional//EN"
    "http://www.w3.org/TR/xhtml1/DTD/xhtml1-transitional.dtd">
<html xmlns="http://www.w3.org/1999/xhtml" xml:lang="en" lang="en">
 <head>
  <title>
</title>
<meta http-equiv="Content-Type" content="text/html;charset=utf-8" />
  <meta name='ocr-system' content='tesseract 3.04.00' />
  <meta name='ocr-capabilities' content='ocr_page ocr_carea ocr_par ocr_line ocrx_word'/>
</head>
<body>
  <div class='ocr_page' id='page_1' title='image "./lesregistresdegr03cathuoft_0017.png"; bbox 0 0 2553 3526; ppageno 0'>
   <div class='ocr_carea' id='block_1_1' title="bbox 172 267 2268 311">
    <p class='ocr_par' dir='ltr' id='par_1_1' title="bbox 172 267 2268 311">
     <span class='ocr_line' id='line_1_1' title="bbox 172 267 2268 311; baseline -0.005 -2"><span class='ocrx_word' id='word_1_1' title='bbox 172 271 205 300; x_wconf 87' lang='lat'>13</span> <span class='ocrx_word' id='word_1_2' title='bbox 1014 267 1250 304; x_wconf 78' lang='lat' dir='ltr'>TREIZIEME</span> <span class='ocrx_word' id='word_1_3' title='bbox 1273 269 1432 304; x_wconf 72' lang='lat' dir='ltr'>ANNEE.</span> <span class='ocrx_word' id='word_1_4' title='bbox 2236 283 2268 311; x_wconf 67' lang='lat'>14</span> 
     </span>
    </p>
   </div>
   <div class='ocr_carea' id='block_1_2' title="bbox 238 339 355 368">
    <p class='ocr_par' dir='ltr' id='par_1_2' title="bbox 238 339 355 368">
     <span class='ocr_line' id='line_1_2' title="bbox 238 339 355 368; baseline -0.009 -1"><span class='ocrx_word' id='word_1_5' title='bbox 238 339 355 368; x_wconf 69' lang='lat' dir='ltr'>48⁰ss</span> 
     </span>
    </p>
   </div>
   <div class='ocr_carea' id='block_1_3' title="bbox 168 402 1179 581">
    <p class='ocr_par' dir='ltr' id='par_1_3' title="bbox 168 402 1179 581">
     <span class='ocr_line' id='line_1_3' title="bbox 204 402 1179 436; baseline -0.001 -7"><span class='ocrx_word' id='word_1_6' title='bbox 204 402 349 436; x_wconf 87' lang='lat' dir='ltr'>Magistro</span> <span class='ocrx_word' id='word_1_7' title='bbox 365 405 393 428; x_wconf 91' lang='lat' dir='ltr'>et</span> <span class='ocrx_word' id='word_1_8' title='bbox 410 402 550 429; x_wconf 79' lang='lat' dir='ltr'>tratribus</span> <span class='ocrx_word' id='word_1_9' title='bbox 568 402 723 435; x_wconf 81' lang='lat' dir='ltr'>hospitalis</span> <span class='ocrx_word' id='word_1_10' title='bbox 741 402 868 429; x_wconf 70' lang='lat' dir='ltr'>Sanctae</span> <span class='ocrx_word' id='word_1_11' title='bbox 890 403 1003 429; x_wconf 85' lang='lat' dir='ltr'>Mariae</span> <span class='ocrx_word' id='word_1_12' title='bbox 1021 403 1179 433; x_wconf 81' lang='lat' dir='ltr'>Dovariae.</span> 
     </span>
     <span class='ocr_line' id='line_1_4' title="bbox 168 450 1178 483; baseline 0 -7"><span class='ocrx_word' id='word_1_13' title='bbox 168 450 393 477; x_wconf 87' lang='lat' dir='ltr'>Cantuariensis</span> <span class='ocrx_word' id='word_1_14' title='bbox 410 450 561 481; x_wconf 80' lang='lat' dir='ltr'>dioecesis,</span> <span class='ocrx_word' id='word_1_15' title='bbox 582 450 642 483; x_wconf 90' lang='lat' dir='ltr'>qui,</span> <span class='ocrx_word' id='word_1_16' title='bbox 667 458 679 474; x_wconf 86' lang='lat'>«</span> <span class='ocrx_word' id='word_1_17' title='bbox 693 458 743 483; x_wconf 79' lang='lat' dir='ltr'>pro</span> <span class='ocrx_word' id='word_1_18' title='bbox 757 450 891 476; x_wconf 71' lang='lat' dir='ltr'>crucifixi</span> <span class='ocrx_word' id='word_1_19' title='bbox 905 450 995 483; x_wconf 76' lang='lat' dir='ltr'>gloria</span> <span class='ocrx_word' id='word_1_20' title='bbox 1014 451 1178 476; x_wconf 71' lang='lat' dir='ltr'>vanitatem</span> 
     </span>
     <span class='ocr_line' id='line_1_5' title="bbox 169 498 1179 532; baseline 0.001 -9"><span class='ocrx_word' id='word_1_21' title='bbox 169 506 182 523; x_wconf 82' lang='lat'>›)</span> <span class='ocrx_word' id='word_1_22' title='bbox 205 498 296 525; x_wconf 88' lang='lat' dir='ltr'>seculi</span> <span class='ocrx_word' id='word_1_23' title='bbox 314 502 559 532; x_wconf 73' lang='lat' dir='ltr'>postponentes».</span> <span class='ocrx_word' id='word_1_24' title='bbox 577 499 729 532; x_wconf 70' lang='lat' dir='ltr'>religionis</span> <span class='ocrx_word' id='word_1_25' title='bbox 746 499 879 525; x_wconf 83' lang='lat' dir='ltr'>habitum</span> <span class='ocrx_word' id='word_1_26' title='bbox 896 499 991 525; x_wconf 78' lang='lat' dir='ltr'>crucis</span> <span class='ocrx_word' id='word_1_27' title='bbox 1007 499 1090 532; x_wconf 67' lang='lat' dir='ltr'>signo</span> <span class='ocrx_word' id='word_1_28' title='bbox 1106 498 1179 524; x_wconf 87' lang='lat' dir='ltr'>insi-</span> 
     </span>
     <span class='ocr_line' id='line_1_6' title="bbox 169 547 1179 581; baseline 0 -8"><span class='ocrx_word' id='word_1_29' title='bbox 169 547 285 580; x_wconf 86' lang='lat' dir='ltr'>gnitum</span> <span class='ocrx_word' id='word_1_30' title='bbox 303 550 503 581; x_wconf 77' lang='lat' dir='ltr'>susceperant.</span> <span class='ocrx_word' id='word_1_31' title='bbox 521 548 652 581; x_wconf 78' lang='lat' dir='ltr'>regulam</span> <span class='ocrx_word' id='word_1_32' title='bbox 673 547 749 573; x_wconf 83' lang='lat' dir='ltr'>beati</span> <span class='ocrx_word' id='word_1_33' title='bbox 767 547 940 581; x_wconf 77' lang='lat' dir='ltr'>Augustini,</span> <span class='ocrx_word' id='word_1_34' title='bbox 965 547 1018 574; x_wconf 75' lang='lat' dir='ltr'>sub</span> <span class='ocrx_word' id='word_1_35' title='bbox 1042 556 1096 581; x_wconf 79' lang='lat' dir='ltr'>qua</span> <span class='ocrx_word' id='word_1_36' title='bbox 1121 548 1179 573; x_wconf 80' lang='lat' dir='ltr'>ele—</span> 
     </span>
    </p>
   </div>
   <div class='ocr_carea' id='block_1_4' title="bbox 750 341 1108 371">
    <p class='ocr_par' dir='ltr' id='par_1_4' title="bbox 750 341 1108 371">
     <span class='ocr_line' id='line_1_7' title="bbox 750 341 1108 371; baseline 0 -4"><span class='ocrx_word' id='word_1_37' title='bbox 750 341 870 371; x_wconf 82' lang='lat' dir='ltr'>Latran.</span> <span class='ocrx_word' id='word_1_38' title='bbox 889 342 921 367; x_wconf 84' lang='lat'>15</span> <span class='ocrx_word' id='word_1_39' title='bbox 937 341 1013 367; x_wconf 78' lang='lat' dir='ltr'>avril</span> <span class='ocrx_word' id='word_1_40' title='bbox 1029 341 1108 367; x_wconf 64' lang='lat'>1239.</span> 
     </span>
    </p>
   </div>
   <div class='ocr_carea' id='block_1_5' title="bbox 168 595 1179 629">
    <p class='ocr_par' dir='ltr' id='par_1_5' title="bbox 168 595 1179 629">
     <span class='ocr_line' id='line_1_8' title="bbox 168 595 1179 629; baseline 0.001 -7"><span class='ocrx_word' id='word_1_41' title='bbox 168 598 271 629; x_wconf 81' lang='lat' dir='ltr'>gerant</span> <span class='ocrx_word' id='word_1_42' title='bbox 286 595 414 623; x_wconf 87' lang='lat' dir='ltr'>Domino</span> <span class='ocrx_word' id='word_1_43' title='bbox 432 596 582 627; x_wconf 77' lang='lat' dir='ltr'>famulari.</span> <span class='ocrx_word' id='word_1_44' title='bbox 598 596 743 627; x_wconf 84' lang='lat' dir='ltr'>concedit,</span> <span class='ocrx_word' id='word_1_45' title='bbox 761 600 893 623; x_wconf 84' lang='lat' dir='ltr'>statuens</span> <span class='ocrx_word' id='word_1_46' title='bbox 910 600 941 623; x_wconf 88' lang='lat' dir='ltr'>ut</span> <span class='ocrx_word' id='word_1_47' title='bbox 958 597 1057 622; x_wconf 75' lang='lat' dir='ltr'>eadem</span> <span class='ocrx_word' id='word_1_48' title='bbox 1080 597 1179 629; x_wconf 69' lang='lat' dir='ltr'>regula</span> 
     </span>
    </p>
   </div>
   <div class='ocr_carea' id='block_1_6' title="bbox 168 644 1177 727">
    <p class='ocr_par' dir='ltr' id='par_1_6' title="bbox 168 644 1177 727">
     <span class='ocr_line' id='line_1_9' title="bbox 168 644 1177 679; baseline 0 -8"><span class='ocrx_word' id='word_1_49' title='bbox 168 644 205 671; x_wconf 89' lang='lat' dir='ltr'>ab</span> <span class='ocrx_word' id='word_1_50' title='bbox 220 644 293 679; x_wconf 86' lang='lat' dir='ltr'>ipsis</span> <span class='ocrx_word' id='word_1_51' title='bbox 310 648 338 671; x_wconf 89' lang='lat' dir='ltr'>et</span> <span class='ocrx_word' id='word_1_52' title='bbox 354 644 482 678; x_wconf 88' lang='lat' dir='ltr'>ipsorum</span> <span class='ocrx_word' id='word_1_53' title='bbox 501 645 717 671; x_wconf 85' lang='lat' dir='ltr'>successoribus</span> <span class='ocrx_word' id='word_1_54' title='bbox 743 645 773 671; x_wconf 90' lang='lat' dir='ltr'>in</span> <span class='ocrx_word' id='word_1_55' title='bbox 800 648 972 679; x_wconf 78' lang='lat' dir='ltr'>perpetuum</span> <span class='ocrx_word' id='word_1_56' title='bbox 995 645 1177 671; x_wconf 71' lang='lat' dir='ltr'>observetur.</span> 
     </span>
     <span class='ocr_line' id='line_1_10' title="bbox 168 691 920 727; baseline 0 -8"><span class='ocrx_word' id='word_1_57' title='bbox 168 707 200 711; x_wconf 96' lang='lat'>—</span> <span class='ocrx_word' id='word_1_58' title='bbox 217 693 303 725; x_wconf 65' lang='lat' dir='ltr'>(Rae.</span> <span class='ocrx_word' id='word_1_59' title='bbox 322 692 365 725; x_wconf 78' lang='lat'>19,</span> <span class='ocrx_word' id='word_1_60' title='bbox 385 694 403 719; x_wconf 82' lang='lat' dir='ltr'>f.</span> <span class='ocrx_word' id='word_1_61' title='bbox 419 692 470 719; x_wconf 76' lang='lat'>107</span> <span class='ocrx_word' id='word_1_62' title='bbox 484 691 557 727; x_wconf 83' lang='lat'>[101]</span> <span class='ocrx_word' id='word_1_63' title='bbox 571 696 619 724; x_wconf 82' lang='lat' dir='ltr'>v⁰;</span> <span class='ocrx_word' id='word_1_64' title='bbox 637 702 706 720; x_wconf 85' lang='lat' dir='ltr'>ann.</span> <span class='ocrx_word' id='word_1_65' title='bbox 725 694 806 723; x_wconf 86' lang='lat' dir='ltr'>XIII.</span> <span class='ocrx_word' id='word_1_66' title='bbox 821 702 845 719; x_wconf 87' lang='lat' dir='ltr'>c.</span> <span class='ocrx_word' id='word_1_67' title='bbox 864 694 920 724; x_wconf 76' lang='grc'>14.)</span> 
     </span>
    </p>
   </div>
   <div class='ocr_carea' id='block_1_7' title="bbox 169 794 1176 931">
    <p class='ocr_par' dir='ltr' id='par_1_7' title="bbox 169 794 1176 931">
     <span class='ocr_line' id='line_1_11' title="bbox 210 794 1176 831; baseline 0 -9"><span class='ocrx_word' id='word_1_68' title='bbox 210 806 222 819; x_wconf 91' lang='lat'>«</span> <span class='ocrx_word' id='word_1_69' title='bbox 244 816 263 822; x_wconf 85' lang='lat'>..</span> <span class='ocrx_word' id='word_1_70' title='bbox 275 795 465 831; x_wconf 55' lang='lat' dir='ltr'>‘magistron</span> <span class='ocrx_word' id='word_1_71' title='bbox 478 795 800 831; x_wconf 76' lang='lat' dir='ltr'>sratribusliospilulis</span> <span class='ocrx_word' id='word_1_72' title='bbox 811 794 918 823; x_wconf 76' lang='lat' dir='ltr'>Sancte</span> <span class='ocrx_word' id='word_1_73' title='bbox 934 795 1176 829; x_wconf 47' lang='grc' dir='ltr'>,τμη-1111011011),</span> 
     </span>
     <span class='ocr_line' id='line_1_12' title="bbox 169 846 1175 883; baseline 0 -8"><span class='ocrx_word' id='word_1_74' title='bbox 169 847 401 876; x_wconf 78' lang='lat' dir='ltr'>Cantuarz‘ensis</span> <span class='ocrx_word' id='word_1_75' title='bbox 417 847 551 875; x_wconf 75' lang='lat' dir='ltr'>diocesis.</span> <span class='ocrx_word' id='word_1_76' title='bbox 569 847 639 883; x_wconf 85' lang='lat' dir='ltr'>Que</span> <span class='ocrx_word' id='word_1_77' title='bbox 657 846 813 876; x_wconf 77' lang='lat' dir='ltr'>honorem</span> <span class='ocrx_word' id='word_1_78' title='bbox 834 846 1023 876; x_wconf 80' lang='lat' dir='ltr'>Conditoris</span> <span class='ocrx_word' id='word_1_79' title='bbox 1036 864 1081 874; x_wconf 88' lang='lat'>—.</span> <span class='ocrx_word' id='word_1_80' title='bbox 1103 847 1175 876; x_wconf 87' lang='lat' dir='ltr'>Dat.</span> 
     </span>
     <span class='ocr_line' id='line_1_13' title="bbox 169 899 1174 931; baseline 0 -3"><span class='ocrx_word' id='word_1_81' title='bbox 169 899 335 931; x_wconf 79' lang='lat' dir='ltr'>Laterani.</span> <span class='ocrx_word' id='word_1_82' title='bbox 363 899 459 929; x_wconf 80' lang='lat' dir='ltr'>XVII</span> <span class='ocrx_word' id='word_1_83' title='bbox 483 899 642 929; x_wconf 80' lang='lat' dir='ltr'>kalendas</span> <span class='ocrx_word' id='word_1_84' title='bbox 666 899 757 929; x_wconf 88' lang='lat' dir='ltr'>maii.</span> <span class='ocrx_word' id='word_1_85' title='bbox 783 909 869 929; x_wconf 87' lang='lat' dir='ltr'>anno</span> <span class='ocrx_word' id='word_1_86' title='bbox 897 899 1134 929; x_wconf 84' lang='lat' dir='ltr'>tertiodecimo.</span> <span class='ocrx_word' id='word_1_87' title='bbox 1163 913 1174 925; x_wconf 67' lang='grc' dir='ltr'><strong>υ</strong></span> 
     </span>
    </p>
   </div>
   <div class='ocr_carea' id='block_1_8' title="bbox 237 1057 358 1086">
    <p class='ocr_par' dir='ltr' id='par_1_8' title="bbox 237 1057 358 1086">
     <span class='ocr_line' id='line_1_14' title="bbox 237 1057 358 1086; baseline -0.008 -1"><span class='ocrx_word' id='word_1_88' title='bbox 237 1057 358 1086; x_wconf 61' lang='lat'>4802</span> 
     </span>
    </p>
   </div>
   <div class='ocr_carea' id='block_1_9' title="bbox 164 1120 1177 1543">
    <p class='ocr_par' dir='ltr' id='par_1_9' title="bbox 164 1120 1177 1543">
     <span class='ocr_line' id='line_1_15' title="bbox 201 1120 1177 1153; baseline 0 -6"><span class='ocrx_word' id='word_1_89' title='bbox 201 1120 429 1148; x_wconf 87' lang='lat' dir='ltr'>Archidiaconis</span> <span class='ocrx_word' id='word_1_90' title='bbox 446 1121 481 1146; x_wconf 89' lang='lat' dir='ltr'>de</span> <span class='ocrx_word' id='word_1_91' title='bbox 496 1121 650 1147; x_wconf 72' lang='lat' dir='ltr'>Trivinaio</span> <span class='ocrx_word' id='word_1_92' title='bbox 674 1123 701 1147; x_wconf 84' lang='lat' dir='ltr'>et</span> <span class='ocrx_word' id='word_1_93' title='bbox 717 1121 753 1147; x_wconf 86' lang='lat' dir='ltr'>de</span> <span class='ocrx_word' id='word_1_94' title='bbox 776 1121 860 1152; x_wconf 74' lang='lat' dir='ltr'>Lara,</span> <span class='ocrx_word' id='word_1_95' title='bbox 886 1129 938 1146; x_wconf 91' lang='grc'>1160</span> <span class='ocrx_word' id='word_1_96' title='bbox 955 1129 1011 1146; x_wconf 82' lang='lat' dir='ltr'>non</span> <span class='ocrx_word' id='word_1_97' title='bbox 1037 1121 1177 1153; x_wconf 64' lang='lat' dir='ltr'>magistro</span> 
     </span>
     <span class='ocr_line' id='line_1_16' title="bbox 164 1168 1177 1202; baseline -0.001 -6"><span class='ocrx_word' id='word_1_98' title='bbox 164 1169 293 1197; x_wconf 86' lang='lat' dir='ltr'>Johanni</span> <span class='ocrx_word' id='word_1_99' title='bbox 310 1168 468 1200; x_wconf 78' lang='lat' dir='ltr'>Matthaei,</span> <span class='ocrx_word' id='word_1_100' title='bbox 486 1169 627 1195; x_wconf 86' lang='lat' dir='ltr'>canonico</span> <span class='ocrx_word' id='word_1_101' title='bbox 648 1169 804 1202; x_wconf 79' lang='lat' dir='ltr'>Burgensi.</span> <span class='ocrx_word' id='word_1_102' title='bbox 823 1169 945 1195; x_wconf 77' lang='lat' dir='ltr'>mandat</span> <span class='ocrx_word' id='word_1_103' title='bbox 966 1172 1110 1202; x_wconf 80' lang='lat' dir='ltr'>quatenus</span> <span class='ocrx_word' id='word_1_104' title='bbox 1126 1170 1177 1195; x_wconf 80' lang='lat' dir='ltr'>‹le-</span> 
     </span>
     <span class='ocr_line' id='line_1_17' title="bbox 166 1217 1177 1251; baseline 0 -8"><span class='ocrx_word' id='word_1_105' title='bbox 166 1225 272 1244; x_wconf 86' lang='lat' dir='ltr'>eanum</span> <span class='ocrx_word' id='word_1_106' title='bbox 293 1220 321 1243; x_wconf 91' lang='lat' dir='ltr'>et</span> <span class='ocrx_word' id='word_1_107' title='bbox 342 1217 483 1251; x_wconf 88' lang='lat' dir='ltr'>quosdam</span> <span class='ocrx_word' id='word_1_108' title='bbox 504 1217 660 1243; x_wconf 84' lang='lat' dir='ltr'>canonicos</span> <span class='ocrx_word' id='word_1_109' title='bbox 681 1217 822 1243; x_wconf 85' lang='lat' dir='ltr'>ecclesiae</span> <span class='ocrx_word' id='word_1_110' title='bbox 844 1218 1046 1251; x_wconf 70' lang='lat' dir='ltr'>Legionensis.</span> <span class='ocrx_word' id='word_1_111' title='bbox 1071 1232 1105 1235; x_wconf 87' lang='lat'>—</span> <span class='ocrx_word' id='word_1_112' title='bbox 1127 1218 1177 1251; x_wconf 83' lang='lat' dir='ltr'>qui</span> 
     </span>
     <span class='ocr_line' id='line_1_18' title="bbox 166 1265 1177 1300; baseline 0 -7"><span class='ocrx_word' id='word_1_113' title='bbox 166 1265 340 1300; x_wconf 87' lang='lat' dir='ltr'>magistrum</span> <span class='ocrx_word' id='word_1_114' title='bbox 355 1265 489 1297; x_wconf 82' lang='lat' dir='ltr'>Petrum,</span> <span class='ocrx_word' id='word_1_115' title='bbox 507 1265 635 1299; x_wconf 84' lang='lat' dir='ltr'>ipsorum</span> <span class='ocrx_word' id='word_1_116' title='bbox 655 1266 898 1296; x_wconf 80' lang='lat' dir='ltr'>concanonicum,</span> <span class='ocrx_word' id='word_1_117' title='bbox 915 1266 1093 1292; x_wconf 81' lang='lat' dir='ltr'>familiarem</span> <span class='ocrx_word' id='word_1_118' title='bbox 1114 1275 1177 1293; x_wconf 87' lang='lat' dir='ltr'>ma-</span> 
     </span>
     <span class='ocr_line' id='line_1_19' title="bbox 165 1314 1177 1349; baseline -0.001 -7"><span class='ocrx_word' id='word_1_119' title='bbox 165 1315 250 1349; x_wconf 87' lang='lat' dir='ltr'>gistri</span> <span class='ocrx_word' id='word_1_120' title='bbox 270 1314 415 1343; x_wconf 86' lang='lat' dir='ltr'>Johannis</span> <span class='ocrx_word' id='word_1_121' title='bbox 440 1314 584 1348; x_wconf 78' lang='lat' dir='ltr'>Hispani,</span> <span class='ocrx_word' id='word_1_122' title='bbox 610 1315 703 1348; x_wconf 81' lang='lat' dir='ltr'>ipsius</span> <span class='ocrx_word' id='word_1_123' title='bbox 729 1323 821 1348; x_wconf 86' lang='lat' dir='ltr'>papae</span> <span class='ocrx_word' id='word_1_124' title='bbox 843 1315 1002 1349; x_wconf 81' lang='lat' dir='ltr'>capellani.</span> <span class='ocrx_word' id='word_1_125' title='bbox 1029 1314 1177 1341; x_wconf 77' lang='lat' dir='ltr'>vexabant</span> 
     </span>
     <span class='ocr_line' id='line_1_20' title="bbox 164 1362 1177 1398; baseline -0.001 -8"><span class='ocrx_word' id='word_1_126' title='bbox 164 1371 251 1398; x_wconf 85' lang='lat' dir='ltr'>super</span> <span class='ocrx_word' id='word_1_127' title='bbox 262 1362 444 1398; x_wconf 82' lang='lat' dir='ltr'>possessione</span> <span class='ocrx_word' id='word_1_128' title='bbox 456 1363 598 1389; x_wconf 79' lang='lat' dir='ltr'>canoniae</span> <span class='ocrx_word' id='word_1_129' title='bbox 608 1366 636 1389; x_wconf 91' lang='lat' dir='ltr'>et</span> <span class='ocrx_word' id='word_1_130' title='bbox 648 1363 927 1397; x_wconf 73' lang='lat' dir='ltr'>praestimoniorum</span> <span class='ocrx_word' id='word_1_131' title='bbox 942 1372 1014 1397; x_wconf 83' lang='lat' dir='ltr'>quae</span> <span class='ocrx_word' id='word_1_132' title='bbox 1027 1364 1089 1397; x_wconf 81' lang='lat' dir='ltr'>ipse</span> <span class='ocrx_word' id='word_1_133' title='bbox 1102 1372 1177 1397; x_wconf 87' lang='lat' dir='ltr'>papa</span> 
     </span>
     <span class='ocr_line' id='line_1_21' title="bbox 164 1411 1175 1446; baseline 0 -7"><span class='ocrx_word' id='word_1_134' title='bbox 164 1412 259 1439; x_wconf 83' lang='lat' dir='ltr'>eidem</span> <span class='ocrx_word' id='word_1_135' title='bbox 282 1412 407 1439; x_wconf 84' lang='lat' dir='ltr'>duxerat</span> <span class='ocrx_word' id='word_1_136' title='bbox 427 1411 458 1438; x_wconf 91' lang='lat' dir='ltr'>in</span> <span class='ocrx_word' id='word_1_137' title='bbox 480 1411 631 1445; x_wconf 85' lang='lat' dir='ltr'>praedicta</span> <span class='ocrx_word' id='word_1_138' title='bbox 648 1412 772 1438; x_wconf 75' lang='lat' dir='ltr'>ecclesia</span> <span class='ocrx_word' id='word_1_139' title='bbox 789 1412 964 1446; x_wconf 72' lang='lat' dir='ltr'>Legionensi</span> <span class='ocrx_word' id='word_1_140' title='bbox 987 1412 1175 1444; x_wconf 78' lang='lat' dir='ltr'>conferenda,</span> 
     </span>
     <span class='ocr_line' id='line_1_22' title="bbox 165 1460 1174 1495; baseline -0.001 -7"><span class='ocrx_word' id='word_1_141' title='bbox 165 1476 198 1480; x_wconf 90' lang='lat'><strong>—</strong></span> <span class='ocrx_word' id='word_1_142' title='bbox 212 1463 317 1495; x_wconf 78' lang='lat' dir='ltr'>cogant</span> <span class='ocrx_word' id='word_1_143' title='bbox 329 1462 360 1487; x_wconf 89' lang='lat' dir='ltr'>ut</span> <span class='ocrx_word' id='word_1_144' title='bbox 371 1469 388 1487; x_wconf 88' lang='lat' dir='ltr'>a</span> <span class='ocrx_word' id='word_1_145' title='bbox 399 1460 543 1495; x_wconf 80' lang='lat' dir='ltr'>praedicti</span> <span class='ocrx_word' id='word_1_146' title='bbox 557 1460 691 1494; x_wconf 81' lang='lat' dir='ltr'>magistri</span> <span class='ocrx_word' id='word_1_147' title='bbox 705 1461 786 1487; x_wconf 90' lang='lat' dir='ltr'>Petri</span> <span class='ocrx_word' id='word_1_148' title='bbox 801 1462 1007 1487; x_wconf 66' lang='lat' dir='ltr'>molestatione</span> <span class='ocrx_word' id='word_1_149' title='bbox 1019 1461 1174 1488; x_wconf 72' lang='lat' dir='ltr'>desistant.</span> 
     </span>
     <span class='ocr_line' id='line_1_23' title="bbox 166 1507 923 1543; baseline 0 -7"><span class='ocrx_word' id='word_1_150' title='bbox 166 1524 198 1528; x_wconf 83' lang='lat'>—</span> <span class='ocrx_word' id='word_1_151' title='bbox 214 1509 301 1541; x_wconf 66' lang='lat' dir='ltr'>(Rea.</span> <span class='ocrx_word' id='word_1_152' title='bbox 319 1509 362 1541; x_wconf 81' lang='lat'>19,</span> <span class='ocrx_word' id='word_1_153' title='bbox 380 1509 400 1536; x_wconf 84' lang='lat' dir='ltr'>f.</span> <span class='ocrx_word' id='word_1_154' title='bbox 418 1509 469 1535; x_wconf 84' lang='lat'>107</span> <span class='ocrx_word' id='word_1_155' title='bbox 483 1507 557 1543; x_wconf 87' lang='lat'>[101]</span> <span class='ocrx_word' id='word_1_156' title='bbox 574 1512 620 1540; x_wconf 78' lang='lat' dir='ltr'>v⁰;</span> <span class='ocrx_word' id='word_1_157' title='bbox 638 1517 707 1536; x_wconf 88' lang='lat' dir='ltr'>ann.</span> <span class='ocrx_word' id='word_1_158' title='bbox 723 1510 805 1541; x_wconf 80' lang='lat' dir='ltr'>xiil.</span> <span class='ocrx_word' id='word_1_159' title='bbox 823 1518 846 1536; x_wconf 89' lang='lat' dir='ltr'>c.</span> <span class='ocrx_word' id='word_1_160' title='bbox 867 1510 923 1540; x_wconf 85' lang='grc'>15.)</span> 
     </span>
    </p>
   </div>
   <div class='ocr_carea' id='block_1_10' title="bbox 743 1059 1103 1089">
    <p class='ocr_par' dir='ltr' id='par_1_10' title="bbox 743 1059 1103 1089">
     <span class='ocr_line' id='line_1_24' title="bbox 743 1059 1103 1089; baseline 0 -4"><span class='ocrx_word' id='word_1_161' title='bbox 743 1059 864 1089; x_wconf 81' lang='lat' dir='ltr'>Latran.</span> <span class='ocrx_word' id='word_1_162' title='bbox 881 1059 914 1085; x_wconf 76' lang='lat'>22</span> <span class='ocrx_word' id='word_1_163' title='bbox 932 1068 1008 1085; x_wconf 80' lang='lat' dir='ltr'>mars</span> <span class='ocrx_word' id='word_1_164' title='bbox 1026 1059 1103 1085; x_wconf 76' lang='lat'>1239.</span> 
     </span>
    </p>
   </div>
   <div class='ocr_carea' id='block_1_11' title="bbox 163 1611 1179 2868">
    <p class='ocr_par' dir='ltr' id='par_1_11' title="bbox 163 1611 1179 2868">
     <span class='ocr_line' id='line_1_25' title="bbox 208 1611 1176 1649; baseline 0 -9"><span class='ocrx_word' id='word_1_165' title='bbox 208 1623 221 1637; x_wconf 73' lang='grc' dir='ltr'>α</span> <span class='ocrx_word' id='word_1_166' title='bbox 239 1633 260 1640; x_wconf 88' lang='grc'>..</span> <span class='ocrx_word' id='word_1_167' title='bbox 277 1611 311 1640; x_wconf 80' lang='lat' dir='ltr'>de</span> <span class='ocrx_word' id='word_1_168' title='bbox 328 1611 489 1640; x_wconf 76' lang='lat' dir='ltr'>Trivinaio</span> <span class='ocrx_word' id='word_1_169' title='bbox 505 1615 530 1638; x_wconf 79' lang='lat' dir='ltr'>el</span> <span class='ocrx_word' id='word_1_170' title='bbox 548 1633 568 1638; x_wconf 95' lang='lat'>..</span> <span class='ocrx_word' id='word_1_171' title='bbox 589 1611 623 1639; x_wconf 87' lang='lat' dir='ltr'>de</span> <span class='ocrx_word' id='word_1_172' title='bbox 639 1611 715 1639; x_wconf 75' lang='lat' dir='ltr'>Lara</span> <span class='ocrx_word' id='word_1_173' title='bbox 733 1611 971 1646; x_wconf 71' lang='lat' dir='ltr'>archidiaconis,</span> <span class='ocrx_word' id='word_1_174' title='bbox 987 1616 1012 1640; x_wconf 80' lang='lat' dir='ltr'>et</span> <span class='ocrx_word' id='word_1_175' title='bbox 1031 1613 1176 1649; x_wconf 63' lang='lat' dir='ltr'>niuyislro</span> 
     </span>
     <span class='ocr_line' id='line_1_26' title="bbox 164 1664 1176 1701; baseline 0.001 -8"><span class='ocrx_word' id='word_1_176' title='bbox 164 1665 302 1694; x_wconf 77' lang='lat' dir='ltr'>Johanni</span> <span class='ocrx_word' id='word_1_177' title='bbox 322 1665 442 1700; x_wconf 65' lang='lat' dir='ltr'>Marsici,</span> <span class='ocrx_word' id='word_1_178' title='bbox 467 1665 614 1693; x_wconf 77' lang='lat' dir='ltr'>canonico</span> <span class='ocrx_word' id='word_1_179' title='bbox 634 1665 794 1701; x_wconf 70' lang='lat' dir='ltr'>Buryensz&#39;.</span> <span class='ocrx_word' id='word_1_180' title='bbox 821 1664 887 1694; x_wconf 76' lang='lat' dir='ltr'>Sua</span> <span class='ocrx_word' id='word_1_181' title='bbox 913 1664 1008 1693; x_wconf 86' lang='lat' dir='ltr'>nobis</span> <span class='ocrx_word' id='word_1_182' title='bbox 1036 1664 1176 1694; x_wconf 86' lang='lat' dir='ltr'>dilectus</span> 
     </span>
     <span class='ocr_line' id='line_1_27' title="bbox 164 1717 1176 1755; baseline 0 -9"><span class='ocrx_word' id='word_1_183' title='bbox 164 1717 255 1747; x_wconf 89' lang='lat' dir='ltr'>filius</span> <span class='ocrx_word' id='word_1_184' title='bbox 282 1717 442 1755; x_wconf 81' lang='lat' dir='ltr'>magister</span> <span class='ocrx_word' id='word_1_185' title='bbox 464 1718 593 1749; x_wconf 83' lang='lat' dir='ltr'>Petrus.</span> <span class='ocrx_word' id='word_1_186' title='bbox 618 1717 836 1754; x_wconf 73' lang='lat' dir='ltr'>Legionensis</span> <span class='ocrx_word' id='word_1_187' title='bbox 860 1718 1052 1751; x_wconf 82' lang='lat' dir='ltr'>canonicus.</span> <span class='ocrx_word' id='word_1_188' title='bbox 1079 1718 1176 1747; x_wconf 86' lang='lat' dir='ltr'>fami-</span> 
     </span>
     <span class='ocr_line' id='line_1_28' title="bbox 163 1769 1176 1808; baseline 0 -9"><span class='ocrx_word' id='word_1_189' title='bbox 163 1769 259 1799; x_wconf 88' lang='lat' dir='ltr'>liaris</span> <span class='ocrx_word' id='word_1_190' title='bbox 283 1769 394 1799; x_wconf 84' lang='lat' dir='ltr'>dilecti</span> <span class='ocrx_word' id='word_1_191' title='bbox 415 1769 476 1798; x_wconf 86' lang='lat' dir='ltr'>filii</span> <span class='ocrx_word' id='word_1_192' title='bbox 501 1770 652 1807; x_wconf 70' lang='lat' dir='ltr'>magistri</span> <span class='ocrx_word' id='word_1_193' title='bbox 675 1769 841 1799; x_wconf 78' lang='lat' dir='ltr'>Johaunis</span> <span class='ocrx_word' id='word_1_194' title='bbox 867 1770 991 1808; x_wconf 82' lang='lat' dir='ltr'>Ispani.</span> <span class='ocrx_word' id='word_1_195' title='bbox 1013 1770 1176 1808; x_wconf 84' lang='lat' dir='ltr'>capellani</span> 
     </span>
     <span class='ocr_line' id='line_1_29' title="bbox 165 1822 1175 1860; baseline 0 -8"><span class='ocrx_word' id='word_1_196' title='bbox 165 1822 284 1858; x_wconf 82' lang='lat' dir='ltr'>nostri,</span> <span class='ocrx_word' id='word_1_197' title='bbox 301 1822 461 1860; x_wconf 87' lang='lat' dir='ltr'>petitione</span> <span class='ocrx_word' id='word_1_198' title='bbox 478 1823 673 1851; x_wconf 83' lang='lat' dir='ltr'>monstravit</span> <span class='ocrx_word' id='word_1_199' title='bbox 699 1822 796 1860; x_wconf 83' lang='lat' dir='ltr'>quod.</span> <span class='ocrx_word' id='word_1_200' title='bbox 820 1832 893 1851; x_wconf 85' lang='lat' dir='ltr'>cum</span> <span class='ocrx_word' id='word_1_201' title='bbox 919 1823 983 1852; x_wconf 89' lang='lat' dir='ltr'>sibi</span> <span class='ocrx_word' id='word_1_202' title='bbox 1000 1823 1175 1852; x_wconf 81' lang='lat' dir='ltr'>canoniam</span> 
     </span>
     <span class='ocr_line' id='line_1_30' title="bbox 165 1875 1175 1914; baseline -0.002 -8"><span class='ocrx_word' id='word_1_203' title='bbox 165 1880 197 1906; x_wconf 86' lang='lat' dir='ltr'>et</span> <span class='ocrx_word' id='word_1_204' title='bbox 223 1876 442 1914; x_wconf 84' lang='lat' dir='ltr'>prestimonia</span> <span class='ocrx_word' id='word_1_205' title='bbox 473 1885 536 1914; x_wconf 91' lang='lat' dir='ltr'>que</span> <span class='ocrx_word' id='word_1_206' title='bbox 565 1875 732 1914; x_wconf 88' lang='lat' dir='ltr'>quondam</span> <span class='ocrx_word' id='word_1_207' title='bbox 760 1876 801 1905; x_wconf 87' lang='lat' dir='ltr'>M.</span> <span class='ocrx_word' id='word_1_208' title='bbox 834 1876 927 1913; x_wconf 85' lang='lat' dir='ltr'>Lupi.</span> <span class='ocrx_word' id='word_1_209' title='bbox 958 1876 1175 1913; x_wconf 49' lang='lat' dir='ltr'>[legionensis</span> 
     </span>
     <span class='ocr_line' id='line_1_31' title="bbox 164 1928 1175 1965; baseline -0.001 -7"><span class='ocrx_word' id='word_1_210' title='bbox 164 1928 357 1962; x_wconf 74' lang='lat' dir='ltr'>canonicus,</span> <span class='ocrx_word' id='word_1_211' title='bbox 378 1928 413 1957; x_wconf 88' lang='lat' dir='ltr'>in</span> <span class='ocrx_word' id='word_1_212' title='bbox 432 1928 573 1958; x_wconf 78' lang='lat' dir='ltr'>ecclesia</span> <span class='ocrx_word' id='word_1_213' title='bbox 589 1928 790 1965; x_wconf 75' lang='lat' dir='ltr'>Legionensi</span> <span class='ocrx_word' id='word_1_214' title='bbox 809 1928 964 1963; x_wconf 76' lang='lat' dir='ltr'>obtinuit,</span> <span class='ocrx_word' id='word_1_215' title='bbox 983 1929 1175 1958; x_wconf 76' lang='lat' dir='ltr'>duxerimus</span> 
     </span>
     <span class='ocr_line' id='line_1_32' title="bbox 165 1981 1176 2020; baseline 0.001 -9"><span class='ocrx_word' id='word_1_216' title='bbox 165 1981 377 2015; x_wconf 80' lang='lat' dir='ltr'>conferenda,</span> <span class='ocrx_word' id='word_1_217' title='bbox 402 1981 546 2019; x_wconf 88' lang='lat' dir='ltr'>capitulo</span> <span class='ocrx_word' id='word_1_218' title='bbox 576 1981 725 2020; x_wconf 86' lang='lat' dir='ltr'>ejusdem</span> <span class='ocrx_word' id='word_1_219' title='bbox 753 1981 903 2012; x_wconf 78' lang='lat' dir='ltr'>ecclesie.</span> <span class='ocrx_word' id='word_1_220' title='bbox 933 1986 1010 2011; x_wconf 71' lang='lat' dir='ltr'>tunc</span> <span class='ocrx_word' id='word_1_221' title='bbox 1045 1987 1176 2020; x_wconf 84' lang='lat' dir='ltr'>pastore</span> 
     </span>
     <span class='ocr_line' id='line_1_33' title="bbox 165 2034 1175 2069; baseline 0 -6"><span class='ocrx_word' id='word_1_222' title='bbox 165 2034 326 2069; x_wconf 75' lang='lat' dir='ltr'>vacantis,</span> <span class='ocrx_word' id='word_1_223' title='bbox 352 2034 475 2064; x_wconf 86' lang='lat' dir='ltr'>nostris</span> <span class='ocrx_word' id='word_1_224' title='bbox 503 2034 619 2064; x_wconf 87' lang='lat' dir='ltr'>dautes</span> <span class='ocrx_word' id='word_1_225' title='bbox 645 2034 767 2064; x_wconf 83' lang='lat' dir='ltr'>litteris</span> <span class='ocrx_word' id='word_1_226' title='bbox 794 2034 826 2063; x_wconf 91' lang='lat' dir='ltr'>in</span> <span class='ocrx_word' id='word_1_227' title='bbox 851 2035 1016 2064; x_wconf 78' lang='lat' dir='ltr'>mandatis</span> <span class='ocrx_word' id='word_1_228' title='bbox 1043 2040 1076 2064; x_wconf 89' lang='lat' dir='ltr'>ut</span> <span class='ocrx_word' id='word_1_229' title='bbox 1102 2044 1175 2064; x_wconf 80' lang='lat' dir='ltr'>eum</span> 
     </span>
     <span class='ocr_line' id='line_1_34' title="bbox 165 2087 1176 2125; baseline 0 -8"><span class='ocrx_word' id='word_1_230' title='bbox 165 2087 351 2125; x_wconf 88' lang='lat' dir='ltr'>reciperent</span> <span class='ocrx_word' id='word_1_231' title='bbox 376 2087 411 2116; x_wconf 90' lang='lat' dir='ltr'>in</span> <span class='ocrx_word' id='word_1_232' title='bbox 439 2087 637 2117; x_wconf 87' lang='lat' dir='ltr'>canonicum</span> <span class='ocrx_word' id='word_1_233' title='bbox 671 2092 699 2116; x_wconf 91' lang='lat' dir='ltr'>et</span> <span class='ocrx_word' id='word_1_234' title='bbox 737 2087 771 2116; x_wconf 91' lang='lat' dir='ltr'>in</span> <span class='ocrx_word' id='word_1_235' title='bbox 802 2088 950 2123; x_wconf 81' lang='lat' dir='ltr'>fratrem,</span> <span class='ocrx_word' id='word_1_236' title='bbox 994 2088 1176 2118; x_wconf 70' lang='lat' dir='ltr'>venerabili</span> 
     </span>
     <span class='ocr_line' id='line_1_35' title="bbox 166 2139 1177 2178; baseline 0.001 -9"><span class='ocrx_word' id='word_1_237' title='bbox 166 2140 268 2171; x_wconf 85' lang='lat' dir='ltr'>fratre</span> <span class='ocrx_word' id='word_1_238' title='bbox 289 2145 440 2170; x_wconf 86' lang='lat' dir='ltr'>nostro..</span> <span class='ocrx_word' id='word_1_239' title='bbox 460 2140 612 2178; x_wconf 85' lang='lat' dir='ltr'>episcopo</span> <span class='ocrx_word' id='word_1_240' title='bbox 639 2144 669 2169; x_wconf 83' lang='lat' dir='ltr'>et</span> <span class='ocrx_word' id='word_1_241' title='bbox 693 2139 823 2170; x_wconf 86' lang='lat' dir='ltr'>dilectis</span> <span class='ocrx_word' id='word_1_242' title='bbox 844 2140 923 2169; x_wconf 82' lang='lat' dir='ltr'>tiliis</span> <span class='ocrx_word' id='word_1_243' title='bbox 950 2164 968 2169; x_wconf 92' lang='lat'>..</span> <span class='ocrx_word' id='word_1_244' title='bbox 996 2141 1120 2170; x_wconf 79' lang='lat' dir='ltr'>decano</span> <span class='ocrx_word' id='word_1_245' title='bbox 1147 2145 1177 2171; x_wconf 87' lang='lat' dir='ltr'>et</span> 
     </span>
     <span class='ocr_line' id='line_1_36' title="bbox 169 2193 1176 2232; baseline 0.001 -10"><span class='ocrx_word' id='word_1_246' title='bbox 169 2217 188 2222; x_wconf 94' lang='lat'>..</span> <span class='ocrx_word' id='word_1_247' title='bbox 206 2193 416 2224; x_wconf 83' lang='lat' dir='ltr'>thesaurario</span> <span class='ocrx_word' id='word_1_248' title='bbox 441 2193 713 2222; x_wconf 83' lang='lat' dir='ltr'>Astoricensibus</span> <span class='ocrx_word' id='word_1_249' title='bbox 735 2193 799 2222; x_wconf 89' lang='lat' dir='ltr'>sibi</span> <span class='ocrx_word' id='word_1_250' title='bbox 819 2194 1050 2223; x_wconf 74' lang='lat' dir='ltr'>executoribus</span> <span class='ocrx_word' id='word_1_251' title='bbox 1080 2194 1176 2232; x_wconf 86' lang='lat' dir='ltr'>depu-</span> 
     </span>
     <span class='ocr_line' id='line_1_37' title="bbox 167 2245 1176 2285; baseline 0 -9"><span class='ocrx_word' id='word_1_252' title='bbox 167 2247 245 2277; x_wconf 88' lang='lat' dir='ltr'>tatis</span> <span class='ocrx_word' id='word_1_253' title='bbox 266 2257 272 2276; x_wconf 78' lang='lat' dir='ltr'><em>z</em></span> <span class='ocrx_word' id='word_1_254' title='bbox 292 2247 424 2277; x_wconf 88' lang='lat' dir='ltr'>tandem</span> <span class='ocrx_word' id='word_1_255' title='bbox 444 2246 530 2276; x_wconf 89' lang='lat' dir='ltr'>idem</span> <span class='ocrx_word' id='word_1_256' title='bbox 557 2245 709 2285; x_wconf 83' lang='lat' dir='ltr'>P[etrus].</span> <span class='ocrx_word' id='word_1_257' title='bbox 735 2246 767 2275; x_wconf 91' lang='lat' dir='ltr'>in</span> <span class='ocrx_word' id='word_1_258' title='bbox 788 2247 914 2276; x_wconf 82' lang='lat' dir='ltr'>socium</span> <span class='ocrx_word' id='word_1_259' title='bbox 937 2252 965 2276; x_wconf 87' lang='grc'>61</span> <span class='ocrx_word' id='word_1_260' title='bbox 984 2247 1017 2276; x_wconf 93' lang='lat' dir='ltr'>in</span> <span class='ocrx_word' id='word_1_261' title='bbox 1040 2248 1176 2277; x_wconf 86' lang='lat' dir='ltr'>fratrem</span> 
     </span>
     <span class='ocr_line' id='line_1_38' title="bbox 167 2299 1177 2339; baseline 0 -9"><span class='ocrx_word' id='word_1_262' title='bbox 167 2309 185 2330; x_wconf 88' lang='lat' dir='ltr'>a</span> <span class='ocrx_word' id='word_1_263' title='bbox 201 2299 345 2338; x_wconf 87' lang='lat' dir='ltr'>capitulo</span> <span class='ocrx_word' id='word_1_264' title='bbox 363 2300 490 2338; x_wconf 84' lang='lat' dir='ltr'>prefato</span> <span class='ocrx_word' id='word_1_265' title='bbox 511 2304 674 2337; x_wconf 54' lang='lat' dir='ltr'>receptus</span> <span class='ocrx_word' id='word_1_266' title='bbox 700 2300 782 2337; x_wconf 89' lang='lat' dir='ltr'>ipsis</span> <span class='ocrx_word' id='word_1_267' title='bbox 808 2300 959 2329; x_wconf 83' lang='lat' dir='ltr'>exhibuit.</span> <span class='ocrx_word' id='word_1_268' title='bbox 986 2300 1177 2339; x_wconf 80' lang='lat' dir='ltr'>hujusmodi</span> 
     </span>
     <span class='ocr_line' id='line_1_39' title="bbox 164 2352 1176 2393; baseline 0 -10"><span class='ocrx_word' id='word_1_269' title='bbox 164 2354 401 2393; x_wconf 78' lang='lat' dir='ltr'>juramentum.</span> <span class='ocrx_word' id='word_1_270' title='bbox 433 2353 520 2391; x_wconf 89' lang='lat' dir='ltr'>quod</span> <span class='ocrx_word' id='word_1_271' title='bbox 546 2352 700 2382; x_wconf 81' lang='lat' dir='ltr'>videlicet</span> <span class='ocrx_word' id='word_1_272' title='bbox 734 2354 958 2390; x_wconf 77' lang='lat' dir='ltr'>prosecutioni</span> <span class='ocrx_word' id='word_1_273' title='bbox 985 2353 1176 2393; x_wconf 84' lang='lat' dir='ltr'>hujusmodi</span> 
     </span>
     <span class='ocr_line' id='line_1_40' title="bbox 167 2406 1177 2445; baseline 0.001 -9"><span class='ocrx_word' id='word_1_274' title='bbox 167 2407 272 2445; x_wconf 84' lang='lat' dir='ltr'>gratie</span> <span class='ocrx_word' id='word_1_275' title='bbox 288 2406 505 2445; x_wconf 87' lang='lat' dir='ltr'>supersedere</span> <span class='ocrx_word' id='word_1_276' title='bbox 522 2410 663 2441; x_wconf 81' lang='lat' dir='ltr'>curaret,</span> <span class='ocrx_word' id='word_1_277' title='bbox 685 2406 786 2436; x_wconf 86' lang='lat' dir='ltr'>donec</span> <span class='ocrx_word' id='word_1_278' title='bbox 804 2407 867 2444; x_wconf 84' lang='lat' dir='ltr'>ipsi</span> <span class='ocrx_word' id='word_1_279' title='bbox 881 2407 1019 2437; x_wconf 73' lang='lat' dir='ltr'>ecclesie</span> <span class='ocrx_word' id='word_1_280' title='bbox 1036 2412 1123 2437; x_wconf 82' lang='lat' dir='ltr'>esset</span> <span class='ocrx_word' id='word_1_281' title='bbox 1139 2408 1177 2437; x_wconf 89' lang='lat' dir='ltr'>de</span> 
     </span>
     <span class='ocr_line' id='line_1_41' title="bbox 167 2459 1178 2498; baseline 0 -8"><span class='ocrx_word' id='word_1_282' title='bbox 167 2464 298 2498; x_wconf 79' lang='lat' dir='ltr'>pastore</span> <span class='ocrx_word' id='word_1_283' title='bbox 316 2459 496 2498; x_wconf 87' lang='lat' dir='ltr'>provisum.</span> <span class='ocrx_word' id='word_1_284' title='bbox 519 2459 669 2497; x_wconf 83' lang='lat' dir='ltr'>Cumque</span> <span class='ocrx_word' id='word_1_285' title='bbox 695 2459 903 2497; x_wconf 87' lang='lat' dir='ltr'>postmodum</span> <span class='ocrx_word' id='word_1_286' title='bbox 927 2460 1013 2490; x_wconf 87' lang='lat' dir='ltr'>dicto</span> <span class='ocrx_word' id='word_1_287' title='bbox 1034 2461 1178 2498; x_wconf 85' lang='lat' dir='ltr'>capitulo</span> 
     </span>
     <span class='ocr_line' id='line_1_42' title="bbox 169 2511 1178 2552; baseline 0.002 -10"><span class='ocrx_word' id='word_1_288' title='bbox 169 2512 422 2542; x_wconf 86' lang='lat' dir='ltr'>mandassemus</span> <span class='ocrx_word' id='word_1_289' title='bbox 445 2516 481 2542; x_wconf 86' lang='lat' dir='ltr'>ut</span> <span class='ocrx_word' id='word_1_290' title='bbox 509 2511 694 2542; x_wconf 84' lang='lat' dir='ltr'>venerabili</span> <span class='ocrx_word' id='word_1_291' title='bbox 727 2512 822 2542; x_wconf 84' lang='lat' dir='ltr'>fratri</span> <span class='ocrx_word' id='word_1_292' title='bbox 850 2517 962 2542; x_wconf 84' lang='lat' dir='ltr'>nostro</span> <span class='ocrx_word' id='word_1_293' title='bbox 985 2537 1004 2542; x_wconf 91' lang='lat'>..</span> <span class='ocrx_word' id='word_1_294' title='bbox 1025 2514 1178 2552; x_wconf 83' lang='lat' dir='ltr'>episcopo</span> 
     </span>
     <span class='ocr_line' id='line_1_43' title="bbox 167 2565 1178 2605; baseline 0 -9"><span class='ocrx_word' id='word_1_295' title='bbox 167 2565 358 2600; x_wconf 82' lang='lat' dir='ltr'>Oxomensi‚</span> <span class='ocrx_word' id='word_1_296' title='bbox 386 2565 443 2604; x_wconf 89' lang='lat' dir='ltr'>qui</span> <span class='ocrx_word' id='word_1_297' title='bbox 466 2565 506 2594; x_wconf 90' lang='lat' dir='ltr'>ab</span> <span class='ocrx_word' id='word_1_298' title='bbox 534 2565 606 2603; x_wconf 87' lang='lat' dir='ltr'>ipso</span> <span class='ocrx_word' id='word_1_299' title='bbox 636 2565 780 2603; x_wconf 85' lang='lat' dir='ltr'>capitulo</span> <span class='ocrx_word' id='word_1_300' title='bbox 806 2565 839 2594; x_wconf 90' lang='lat' dir='ltr'>in</span> <span class='ocrx_word' id='word_1_301' title='bbox 863 2575 959 2595; x_wconf 91' lang='lat' dir='ltr'>suum</span> <span class='ocrx_word' id='word_1_302' title='bbox 987 2567 1178 2605; x_wconf 84' lang='lat' dir='ltr'>episcopum</span> 
     </span>
     <span class='ocr_line' id='line_1_44' title="bbox 167 2617 1179 2657; baseline 0 -9"><span class='ocrx_word' id='word_1_303' title='bbox 167 2618 375 2648; x_wconf 85' lang='lat' dir='ltr'>concorditer</span> <span class='ocrx_word' id='word_1_304' title='bbox 405 2617 591 2656; x_wconf 85' lang='lat' dir='ltr'>postulatus</span> <span class='ocrx_word' id='word_1_305' title='bbox 627 2622 658 2647; x_wconf 84' lang='lat' dir='ltr'>et.</span> <span class='ocrx_word' id='word_1_306' title='bbox 693 2627 711 2647; x_wconf 86' lang='lat' dir='ltr'>a</span> <span class='ocrx_word' id='word_1_307' title='bbox 742 2618 874 2647; x_wconf 88' lang='lat' dir='ltr'>vinculo</span> <span class='ocrx_word' id='word_1_308' title='bbox 907 2627 971 2657; x_wconf 91' lang='lat' dir='ltr'>quo</span> <span class='ocrx_word' id='word_1_309' title='bbox 1004 2619 1179 2649; x_wconf 86' lang='lat' dir='ltr'>tenebatur</span> 
     </span>
     <span class='ocr_line' id='line_1_45' title="bbox 168 2671 1178 2711; baseline 0 -10"><span class='ocrx_word' id='word_1_310' title='bbox 168 2671 348 2701; x_wconf 85' lang='lat' dir='ltr'>Oxomensi</span> <span class='ocrx_word' id='word_1_311' title='bbox 364 2671 515 2706; x_wconf 77' lang='lat' dir='ltr'>ecclesie.</span> <span class='ocrx_word' id='word_1_312' title='bbox 534 2672 642 2701; x_wconf 86' lang='lat' dir='ltr'>suerat</span> <span class='ocrx_word' id='word_1_313' title='bbox 660 2671 831 2700; x_wconf 85' lang='lat' dir='ltr'>absolutus</span> <span class='ocrx_word' id='word_1_314' title='bbox 851 2680 869 2701; x_wconf 88' lang='lat' dir='ltr'>a.</span> <span class='ocrx_word' id='word_1_315' title='bbox 886 2671 992 2706; x_wconf 80' lang='lat' dir='ltr'>nobis.</span> <span class='ocrx_word' id='word_1_316' title='bbox 1020 2676 1178 2711; x_wconf 85' lang='lat' dir='ltr'>tanquam</span> 
     </span>
     <span class='ocr_line' id='line_1_46' title="bbox 168 2723 1179 2762; baseline 0.001 -8"><span class='ocrx_word' id='word_1_317' title='bbox 168 2724 333 2762; x_wconf 83' lang='lat' dir='ltr'>episcopo,</span> <span class='ocrx_word' id='word_1_318' title='bbox 352 2724 438 2762; x_wconf 83' lang='lat' dir='ltr'>patri</span> <span class='ocrx_word' id='word_1_319' title='bbox 458 2728 489 2754; x_wconf 87' lang='lat' dir='ltr'>et</span> <span class='ocrx_word' id='word_1_320' title='bbox 512 2723 636 2762; x_wconf 84' lang='lat' dir='ltr'>pastori</span> <span class='ocrx_word' id='word_1_321' title='bbox 663 2723 848 2753; x_wconf 81' lang='lat' dir='ltr'>animarum</span> <span class='ocrx_word' id='word_1_322' title='bbox 871 2733 1006 2754; x_wconf 88' lang='lat' dir='ltr'>suarum</span> <span class='ocrx_word' id='word_1_323' title='bbox 1026 2725 1179 2755; x_wconf 87' lang='lat' dir='ltr'>intende-</span> 
     </span>
     <span class='ocr_line' id='line_1_47' title="bbox 169 2776 1179 2812; baseline 0 -6"><span class='ocrx_word' id='word_1_324' title='bbox 169 2781 253 2812; x_wconf 85' lang='lat' dir='ltr'>rent,</span> <span class='ocrx_word' id='word_1_325' title='bbox 270 2785 306 2807; x_wconf 86' lang='lat' dir='ltr'>ac</span> <span class='ocrx_word' id='word_1_326' title='bbox 323 2776 389 2806; x_wconf 87' lang='lat' dir='ltr'>sibi</span> <span class='ocrx_word' id='word_1_327' title='bbox 405 2776 629 2806; x_wconf 83' lang='lat' dir='ltr'>obedientiam</span> <span class='ocrx_word' id='word_1_328' title='bbox 647 2780 677 2805; x_wconf 87' lang='lat' dir='ltr'>et</span> <span class='ocrx_word' id='word_1_329' title='bbox 691 2777 913 2806; x_wconf 87' lang='lat' dir='ltr'>reverentiam</span> <span class='ocrx_word' id='word_1_330' title='bbox 929 2776 1072 2807; x_wconf 81' lang='lat' dir='ltr'>debitam</span> <span class='ocrx_word' id='word_1_331' title='bbox 1090 2778 1179 2808; x_wconf 84' lang='lat' dir='ltr'>exbi-</span> 
     </span>
     <span class='ocr_line' id='line_1_48' title="bbox 169 2828 1179 2868; baseline 0.001 -9"><span class='ocrx_word' id='word_1_332' title='bbox 169 2829 305 2859; x_wconf 87' lang='lat' dir='ltr'>berent¹</span> <span class='ocrx_word' id='word_1_333' title='bbox 327 2839 333 2858; x_wconf 90' lang='lat'>:</span> <span class='ocrx_word' id='word_1_334' title='bbox 352 2829 439 2859; x_wconf 90' lang='lat' dir='ltr'>idem</span> <span class='ocrx_word' id='word_1_335' title='bbox 454 2828 610 2868; x_wconf 80' lang='lat' dir='ltr'>P[etrus],</span> <span class='ocrx_word' id='word_1_336' title='bbox 623 2829 738 2858; x_wconf 87' lang='lat' dir='ltr'>videns</span> <span class='ocrx_word' id='word_1_337' title='bbox 755 2829 819 2867; x_wconf 89' lang='lat' dir='ltr'>ipsi</span> <span class='ocrx_word' id='word_1_338' title='bbox 829 2829 968 2859; x_wconf 88' lang='lat' dir='ltr'>ecclesie</span> <span class='ocrx_word' id='word_1_339' title='bbox 980 2829 1091 2860; x_wconf 87' lang='lat' dir='ltr'>taliter</span> <span class='ocrx_word' id='word_1_340' title='bbox 1107 2839 1179 2860; x_wconf 87' lang='lat' dir='ltr'>esse</span> 
     </span>
    </p>
   </div>
   <div class='ocr_carea' id='block_1_12' title="bbox 203 2947 646 2977">
    <p class='ocr_par' dir='ltr' id='par_1_12' title="bbox 203 2947 646 2977">
     <span class='ocr_line' id='line_1_49' title="bbox 203 2947 646 2977; baseline -0.002 -5"><span class='ocrx_word' id='word_1_341' title='bbox 203 2949 223 2972; x_wconf 89' lang='grc'>1.</span> <span class='ocrx_word' id='word_1_342' title='bbox 243 2948 283 2974; x_wconf 80' lang='lat' dir='ltr'>Cf.</span> <span class='ocrx_word' id='word_1_343' title='bbox 300 2955 396 2977; x_wconf 76' lang='lat' dir='ltr'>supra,</span> <span class='ocrx_word' id='word_1_344' title='bbox 415 2955 443 2971; x_wconf 91' lang='lat' dir='ltr'>n.</span> <span class='ocrx_word' id='word_1_345' title='bbox 460 2948 517 2972; x_wconf 85' lang='grc'>3591</span> <span class='ocrx_word' id='word_1_346' title='bbox 536 2951 562 2971; x_wconf 86' lang='lat' dir='ltr'>et</span> <span class='ocrx_word' id='word_1_347' title='bbox 578 2947 646 2974; x_wconf 67' lang='lat'>3592.</span> 
     </span>
    </p>
   </div>
   <div class='ocr_carea' id='block_1_13' title="bbox 1260 340 2269 1440">
    <p class='ocr_par' dir='ltr' id='par_1_13' title="bbox 1260 340 2269 1440">
     <span class='ocr_line' id='line_1_50' title="bbox 1264 340 2267 379; baseline 0.011 -12"><span class='ocrx_word' id='word_1_348' title='bbox 1264 340 1444 376; x_wconf 83' lang='lat' dir='ltr'>provisum.</span> <span class='ocrx_word' id='word_1_349' title='bbox 1472 342 1509 370; x_wconf 89' lang='lat' dir='ltr'>ad</span> <span class='ocrx_word' id='word_1_350' title='bbox 1533 348 1723 373; x_wconf 69' lang='lat' dir='ltr'>executores</span> <span class='ocrx_word' id='word_1_351' title='bbox 1746 354 1914 373; x_wconf 66' lang='lat' dir='ltr'>ret-ursum</span> <span class='ocrx_word' id='word_1_352' title='bbox 1936 346 2051 375; x_wconf 83' lang='lat' dir='ltr'>babuit</span> <span class='ocrx_word' id='word_1_353' title='bbox 2074 348 2267 379; x_wconf 72' lang='lat' dir='ltr'>antedictos.</span> 
     </span>
     <span class='ocr_line' id='line_1_51' title="bbox 1266 394 2269 439; baseline 0.01 -18"><span class='ocrx_word' id='word_1_354' title='bbox 1266 397 1298 421; x_wconf 88' lang='lat' dir='ltr'>ut</span> <span class='ocrx_word' id='word_1_355' title='bbox 1314 394 1503 423; x_wconf 85' lang='lat' dir='ltr'>mandatum</span> <span class='ocrx_word' id='word_1_356' title='bbox 1520 397 1738 433; x_wconf 77' lang='lat' dir='ltr'>apostolicum</span> <span class='ocrx_word' id='word_1_357' title='bbox 1751 399 1867 436; x_wconf 80' lang='lat' dir='ltr'>exequi</span> <span class='ocrx_word' id='word_1_358' title='bbox 1881 406 2093 436; x_wconf 69' lang='lat' dir='ltr'>procurarent</span> <span class='ocrx_word' id='word_1_359' title='bbox 2106 401 2198 439; x_wconf 83' lang='lat' dir='ltr'>juxta</span> <span class='ocrx_word' id='word_1_360' title='bbox 2209 407 2269 431; x_wconf 85' lang='lat' dir='ltr'>tra-</span> 
     </span>
     <span class='ocr_line' id='line_1_52' title="bbox 1264 445 2269 487; baseline 0.01 -14"><span class='ocrx_word' id='word_1_361' title='bbox 1264 445 1364 474; x_wconf 86' lang='lat' dir='ltr'>ditam</span> <span class='ocrx_word' id='word_1_362' title='bbox 1383 447 1430 476; x_wconf 81' lang='grc'>615</span> <span class='ocrx_word' id='word_1_363' title='bbox 1448 448 1605 478; x_wconf 79' lang='lat' dir='ltr'>formam:</span> <span class='ocrx_word' id='word_1_364' title='bbox 1625 459 1764 487; x_wconf 85' lang='lat' dir='ltr'>quorum</span> <span class='ocrx_word' id='word_1_365' title='bbox 1788 460 1885 485; x_wconf 79' lang='lat' dir='ltr'>unus,</span> <span class='ocrx_word' id='word_1_366' title='bbox 1905 453 2189 483; x_wconf 75' lang='lat' dir='ltr'>committentibus</span> <span class='ocrx_word' id='word_1_367' title='bbox 2206 455 2269 483; x_wconf 83' lang='lat' dir='ltr'>sibi</span> 
     </span>
     <span class='ocr_line' id='line_1_53' title="bbox 1264 498 2269 542; baseline 0.01 -16"><span class='ocrx_word' id='word_1_368' title='bbox 1264 498 1404 537; x_wconf 86' lang='lat' dir='ltr'>reliquis</span> <span class='ocrx_word' id='word_1_369' title='bbox 1416 500 1503 529; x_wconf 69' lang='lat' dir='ltr'>vices</span> <span class='ocrx_word' id='word_1_370' title='bbox 1515 510 1603 535; x_wconf 75' lang='lat' dir='ltr'>suas,</span> <span class='ocrx_word' id='word_1_371' title='bbox 1617 502 1724 540; x_wconf 89' lang='lat' dir='ltr'>ipsum</span> <span class='ocrx_word' id='word_1_372' title='bbox 1743 503 1775 531; x_wconf 92' lang='lat' dir='ltr'>in</span> <span class='ocrx_word' id='word_1_373' title='bbox 1788 504 2031 541; x_wconf 75' lang='lat' dir='ltr'>possessionem</span> <span class='ocrx_word' id='word_1_374' title='bbox 2048 506 2269 542; x_wconf 75' lang='lat' dir='ltr'>predictorum</span> 
     </span>
     <span class='ocr_line' id='line_1_54' title="bbox 1262 552 2269 595; baseline 0.01 -16"><span class='ocrx_word' id='word_1_375' title='bbox 1262 552 1401 581; x_wconf 81' lang='lat' dir='ltr'>canonic</span> <span class='ocrx_word' id='word_1_376' title='bbox 1431 558 1459 582; x_wconf 85' lang='grc'>61</span> <span class='ocrx_word' id='word_1_377' title='bbox 1485 555 1789 591; x_wconf 81' lang='lat' dir='ltr'>prestimoniorum.</span> <span class='ocrx_word' id='word_1_378' title='bbox 1814 557 1905 595; x_wconf 80' lang='lat' dir='ltr'>juxta</span> <span class='ocrx_word' id='word_1_379' title='bbox 1930 557 2128 587; x_wconf 87' lang='lat' dir='ltr'>directarum</span> <span class='ocrx_word' id='word_1_380' title='bbox 2151 560 2190 588; x_wconf 85' lang='lat' dir='ltr'>ad</span> <span class='ocrx_word' id='word_1_381' title='bbox 2215 569 2269 589; x_wconf 83' lang='lat' dir='ltr'>eos</span> 
     </span>
     <span class='ocr_line' id='line_1_55' title="bbox 1263 604 2268 650; baseline 0.01 -18"><span class='ocrx_word' id='word_1_382' title='bbox 1263 604 1501 635; x_wconf 79' lang='lat' dir='ltr'>continentiam</span> <span class='ocrx_word' id='word_1_383' title='bbox 1530 607 1727 643; x_wconf 77' lang='lat' dir='ltr'>litterarum.</span> <span class='ocrx_word' id='word_1_384' title='bbox 1756 609 1896 639; x_wconf 85' lang='lat' dir='ltr'>induxit.</span> <span class='ocrx_word' id='word_1_385' title='bbox 1929 611 2063 643; x_wconf 84' lang='lat' dir='ltr'>Verum.</span> <span class='ocrx_word' id='word_1_386' title='bbox 2102 612 2178 650; x_wconf 82' lang='lat' dir='ltr'>quia</span> <span class='ocrx_word' id='word_1_387' title='bbox 2211 622 2268 642; x_wconf 84' lang='lat' dir='ltr'>nos</span> 
     </span>
     <span class='ocr_line' id='line_1_56' title="bbox 1265 658 2267 700; baseline 0.01 -16"><span class='ocrx_word' id='word_1_388' title='bbox 1265 658 1471 693; x_wconf 82' lang='lat' dir='ltr'>postmodum</span> <span class='ocrx_word' id='word_1_389' title='bbox 1491 660 1632 690; x_wconf 83' lang='lat' dir='ltr'>eundem</span> <span class='ocrx_word' id='word_1_390' title='bbox 1651 662 1853 700; x_wconf 80' lang='lat' dir='ltr'>episcopum.</span> <span class='ocrx_word' id='word_1_391' title='bbox 1877 663 1929 692; x_wconf 78' lang='lat' dir='ltr'>cui</span> <span class='ocrx_word' id='word_1_392' title='bbox 1948 665 2179 694; x_wconf 76' lang='lat' dir='ltr'>necessitatem</span> <span class='ocrx_word' id='word_1_393' title='bbox 2204 675 2267 694; x_wconf 90' lang='lat' dir='ltr'>non</span> 
     </span>
     <span class='ocr_line' id='line_1_57' title="bbox 1262 709 2267 756; baseline 0.01 -19"><span class='ocrx_word' id='word_1_394' title='bbox 1262 709 1483 747; x_wconf 84' lang='lat' dir='ltr'>imposuimus</span> <span class='ocrx_word' id='word_1_395' title='bbox 1508 721 1541 742; x_wconf 85' lang='grc'>56</span> <span class='ocrx_word' id='word_1_396' title='bbox 1566 714 1605 742; x_wconf 85' lang='lat' dir='ltr'>ad</span> <span class='ocrx_word' id='word_1_397' title='bbox 1630 715 1870 750; x_wconf 61' lang='lat' dir='ltr'>Legionensem</span> <span class='ocrx_word' id='word_1_398' title='bbox 1898 716 2071 746; x_wconf 80' lang='lat' dir='ltr'>ecclesiam</span> <span class='ocrx_word' id='word_1_399' title='bbox 2101 718 2267 756; x_wconf 81' lang='lat' dir='ltr'>tra[n]sfe-</span> 
     </span>
     <span class='ocr_line' id='line_1_58' title="bbox 1263 763 2268 800; baseline 0.01 -10"><span class='ocrx_word' id='word_1_400' title='bbox 1263 763 1368 797; x_wconf 72' lang='lat' dir='ltr'>rendi.</span> <span class='ocrx_word' id='word_1_401' title='bbox 1395 764 1435 793; x_wconf 87' lang='lat' dir='ltr'>ad</span> <span class='ocrx_word' id='word_1_402' title='bbox 1458 765 1652 795; x_wconf 75' lang='lat' dir='ltr'>instantiam</span> <span class='ocrx_word' id='word_1_403' title='bbox 1680 767 1850 797; x_wconf 77' lang='lat' dir='ltr'>karissimi</span> <span class='ocrx_word' id='word_1_404' title='bbox 1872 769 1905 797; x_wconf 92' lang='lat' dir='ltr'>in</span> <span class='ocrx_word' id='word_1_405' title='bbox 1925 769 2059 799; x_wconf 78' lang='lat' dir='ltr'>Clu-isto</span> <span class='ocrx_word' id='word_1_406' title='bbox 2078 770 2138 799; x_wconf 86' lang='lat' dir='ltr'>tilii</span> <span class='ocrx_word' id='word_1_407' title='bbox 2164 772 2268 800; x_wconf 75' lang='lat' dir='ltr'>nostri</span> 
     </span>
     <span class='ocr_line' id='line_1_59' title="bbox 1263 816 2265 860; baseline 0.009 -16"><span class='ocrx_word' id='word_1_408' title='bbox 1263 839 1282 844; x_wconf 89' lang='lat'>..</span> <span class='ocrx_word' id='word_1_409' title='bbox 1301 816 1443 847; x_wconf 76' lang='lat' dir='ltr'>Castelle</span> <span class='ocrx_word' id='word_1_410' title='bbox 1466 823 1494 847; x_wconf 85' lang='lat' dir='ltr'>et</span> <span class='ocrx_word' id='word_1_411' title='bbox 1520 819 1675 856; x_wconf 77' lang='lat' dir='ltr'>Legionis</span> <span class='ocrx_word' id='word_1_412' title='bbox 1699 821 1785 855; x_wconf 56' lang='lat' dir='ltr'>regis</span> <span class='ocrx_word' id='word_1_413' title='bbox 1811 821 1964 852; x_wconf 80' lang='lat' dir='ltr'>illustris.</span> <span class='ocrx_word' id='word_1_414' title='bbox 1990 823 2201 860; x_wconf 80' lang='lat' dir='ltr'>permisimus</span> <span class='ocrx_word' id='word_1_415' title='bbox 2232 824 2265 853; x_wconf 92' lang='lat' dir='ltr'>in</span> 
     </span>
     <span class='ocr_line' id='line_1_60' title="bbox 1261 869 2265 914; baseline 0.008 -17"><span class='ocrx_word' id='word_1_416' title='bbox 1261 869 1348 898; x_wconf 83' lang='lat' dir='ltr'>dicta</span> <span class='ocrx_word' id='word_1_417' title='bbox 1364 871 1542 900; x_wconf 81' lang='lat' dir='ltr'>Oxomensi</span> <span class='ocrx_word' id='word_1_418' title='bbox 1563 872 1702 902; x_wconf 68' lang='lat' dir='ltr'>ecclesia</span> <span class='ocrx_word' id='word_1_419' title='bbox 1719 878 1921 903; x_wconf 71' lang='grc'>1601006161.</span> <span class='ocrx_word' id='word_1_420' title='bbox 1943 898 1962 903; x_wconf 89' lang='grc'>..</span> <span class='ocrx_word' id='word_1_421' title='bbox 1981 875 2125 905; x_wconf 83' lang='lat' dir='ltr'>decanus</span> <span class='ocrx_word' id='word_1_422' title='bbox 2145 880 2174 905; x_wconf 88' lang='lat' dir='ltr'>et</span> <span class='ocrx_word' id='word_1_423' title='bbox 2191 876 2265 914; x_wconf 84' lang='lat' dir='ltr'>qui-</span> 
     </span>
     <span class='ocr_line' id='line_1_61' title="bbox 1260 922 2264 967; baseline 0.007 -16"><span class='ocrx_word' id='word_1_424' title='bbox 1260 922 1334 952; x_wconf 87' lang='lat' dir='ltr'>dam</span> <span class='ocrx_word' id='word_1_425' title='bbox 1359 923 1415 952; x_wconf 89' lang='lat' dir='ltr'>alii</span> <span class='ocrx_word' id='word_1_426' title='bbox 1439 925 1586 962; x_wconf 76' lang='lat' dir='ltr'>ejusdem</span> <span class='ocrx_word' id='word_1_427' title='bbox 1608 926 1759 960; x_wconf 77' lang='grc'>66016516,</span> <span class='ocrx_word' id='word_1_428' title='bbox 1784 936 1820 957; x_wconf 81' lang='lat' dir='ltr'>ex</span> <span class='ocrx_word' id='word_1_429' title='bbox 1843 937 1879 957; x_wconf 88' lang='lat' dir='ltr'>eo</span> <span class='ocrx_word' id='word_1_430' title='bbox 1905 928 1991 966; x_wconf 87' lang='lat' dir='ltr'>quod</span> <span class='ocrx_word' id='word_1_431' title='bbox 2020 929 2170 958; x_wconf 81' lang='lat' dir='ltr'>dicebant</span> <span class='ocrx_word' id='word_1_432' title='bbox 2201 930 2264 967; x_wconf 90' lang='lat' dir='ltr'>ipsi</span> 
     </span>
     <span class='ocr_line' id='line_1_62' title="bbox 1261 976 2265 1021; baseline 0.007 -16"><span class='ocrx_word' id='word_1_433' title='bbox 1261 976 1399 1006; x_wconf 79' lang='lat' dir='ltr'>ecclesie</span> <span class='ocrx_word' id='word_1_434' title='bbox 1426 986 1490 1006; x_wconf 90' lang='lat' dir='ltr'>non</span> <span class='ocrx_word' id='word_1_435' title='bbox 1516 987 1587 1008; x_wconf 84' lang='lat' dir='ltr'>esse</span> <span class='ocrx_word' id='word_1_436' title='bbox 1608 988 1681 1008; x_wconf 80' lang='lat' dir='ltr'>cum</span> <span class='ocrx_word' id='word_1_437' title='bbox 1704 980 1822 1009; x_wconf 71' lang='lat' dir='ltr'>etl&#39;ectu</span> <span class='ocrx_word' id='word_1_438' title='bbox 1844 981 2024 1018; x_wconf 83' lang='lat' dir='ltr'>provisum.</span> <span class='ocrx_word' id='word_1_439' title='bbox 2047 982 2168 1011; x_wconf 86' lang='lat' dir='ltr'>famam</span> <span class='ocrx_word' id='word_1_440' title='bbox 2195 983 2265 1021; x_wconf 82' lang='lat' dir='ltr'>ejus</span> 
     </span>
     <span class='ocr_line' id='line_1_63' title="bbox 1261 1029 2265 1072; baseline 0.008 -15"><span class='ocrx_word' id='word_1_441' title='bbox 1261 1029 1435 1066; x_wconf 74' lang='lat' dir='ltr'>denigrare</span> <span class='ocrx_word' id='word_1_442' title='bbox 1459 1031 1619 1062; x_wconf 83' lang='lat' dir='ltr'>volentes.</span> <span class='ocrx_word' id='word_1_443' title='bbox 1647 1037 1674 1061; x_wconf 88' lang='lat' dir='ltr'>et</span> <span class='ocrx_word' id='word_1_444' title='bbox 1700 1032 1784 1062; x_wconf 83' lang='lat' dir='ltr'>falso</span> <span class='ocrx_word' id='word_1_445' title='bbox 1807 1038 1993 1063; x_wconf 78' lang='lat' dir='ltr'>asserentes</span> <span class='ocrx_word' id='word_1_446' title='bbox 2015 1035 2122 1072; x_wconf 89' lang='lat' dir='ltr'>ipsum</span> <span class='ocrx_word' id='word_1_447' title='bbox 2152 1044 2187 1065; x_wconf 85' lang='lat' dir='ltr'>ex</span> <span class='ocrx_word' id='word_1_448' title='bbox 2206 1035 2265 1065; x_wconf 84' lang='lat' dir='ltr'>hoc</span> 
     </span>
     <span class='ocr_line' id='line_1_64' title="bbox 1262 1083 2266 1125; baseline 0.008 -15"><span class='ocrx_word' id='word_1_449' title='bbox 1262 1086 1387 1111; x_wconf 84' lang='lat' dir='ltr'>reatum</span> <span class='ocrx_word' id='word_1_450' title='bbox 1422 1083 1559 1121; x_wconf 86' lang='lat' dir='ltr'>perjurii</span> <span class='ocrx_word' id='word_1_451' title='bbox 1591 1085 1784 1117; x_wconf 75' lang='lat' dir='ltr'>incurrisse.</span> <span class='ocrx_word' id='word_1_452' title='bbox 1815 1086 1954 1115; x_wconf 82' lang='lat' dir='ltr'>eundem</span> <span class='ocrx_word' id='word_1_453' title='bbox 1985 1096 2083 1125; x_wconf 85' lang='lat' dir='ltr'>super</span> <span class='ocrx_word' id='word_1_454' title='bbox 2110 1089 2266 1125; x_wconf 81' lang='lat' dir='ltr'>predictis</span> 
     </span>
     <span class='ocr_line' id='line_1_65' title="bbox 1261 1135 2267 1177; baseline 0.008 -15"><span class='ocrx_word' id='word_1_455' title='bbox 1261 1135 1401 1163; x_wconf 82' lang='lat' dir='ltr'>canonia</span> <span class='ocrx_word' id='word_1_456' title='bbox 1418 1140 1446 1164; x_wconf 81' lang='lat' dir='ltr'>et</span> <span class='ocrx_word' id='word_1_457' title='bbox 1466 1136 1693 1173; x_wconf 81' lang='lat' dir='ltr'>prestimoniis</span> <span class='ocrx_word' id='word_1_458' title='bbox 1715 1143 1895 1175; x_wconf 67' lang='lat' dir='ltr'>aggravant,</span> <span class='ocrx_word' id='word_1_459' title='bbox 1918 1144 1948 1168; x_wconf 76' lang='lat' dir='ltr'>et</span> <span class='ocrx_word' id='word_1_460' title='bbox 1968 1140 2153 1169; x_wconf 86' lang='lat' dir='ltr'>molestant.</span> <span class='ocrx_word' id='word_1_461' title='bbox 2180 1142 2267 1177; x_wconf 86' lang='lat' dir='ltr'>Quo-</span> 
     </span>
     <span class='ocr_line' id='line_1_66' title="bbox 1261 1187 2267 1227; baseline 0.008 -12"><span class='ocrx_word' id='word_1_462' title='bbox 1261 1187 1346 1216; x_wconf 82' lang='lat' dir='ltr'>circa</span> <span class='ocrx_word' id='word_1_463' title='bbox 1368 1189 1563 1217; x_wconf 84' lang='lat' dir='ltr'>mandamus</span> <span class='ocrx_word' id='word_1_464' title='bbox 1581 1195 1754 1227; x_wconf 81' lang='lat' dir='ltr'>quatenus.</span> <span class='ocrx_word' id='word_1_465' title='bbox 1776 1192 1804 1220; x_wconf 87' lang='grc'>51</span> <span class='ocrx_word' id='word_1_466' title='bbox 1820 1196 1866 1221; x_wconf 83' lang='lat' dir='ltr'>est</span> <span class='ocrx_word' id='word_1_467' title='bbox 1884 1192 1938 1227; x_wconf 75' lang='lat' dir='ltr'>ita.</span> <span class='ocrx_word' id='word_1_468' title='bbox 1960 1193 2119 1222; x_wconf 86' lang='lat' dir='ltr'>decanum</span> <span class='ocrx_word' id='word_1_469' title='bbox 2140 1198 2170 1223; x_wconf 83' lang='lat' dir='ltr'>et</span> <span class='ocrx_word' id='word_1_470' title='bbox 2186 1194 2267 1223; x_wconf 83' lang='lat' dir='ltr'>alios</span> 
     </span>
     <span class='ocr_line' id='line_1_67' title="bbox 1261 1240 2268 1281; baseline 0.008 -13"><span class='ocrx_word' id='word_1_471' title='bbox 1261 1240 1425 1277; x_wconf 86' lang='lat' dir='ltr'>predictos</span> <span class='ocrx_word' id='word_1_472' title='bbox 1442 1242 1529 1280; x_wconf 84' lang='lat' dir='ltr'>quod</span> <span class='ocrx_word' id='word_1_473' title='bbox 1548 1242 1588 1271; x_wconf 84' lang='lat' dir='ltr'>ab</span> <span class='ocrx_word' id='word_1_474' title='bbox 1606 1243 1711 1280; x_wconf 86' lang='lat' dir='ltr'>ipsius</span> <span class='ocrx_word' id='word_1_475' title='bbox 1729 1245 1844 1281; x_wconf 78' lang='lat' dir='ltr'>P[etri]</span> <span class='ocrx_word' id='word_1_476' title='bbox 1862 1262 1899 1266; x_wconf 77' lang='lat'>—</span> <span class='ocrx_word' id='word_1_477' title='bbox 1916 1245 2144 1275; x_wconf 86' lang='lat' dir='ltr'>molestatione</span> <span class='ocrx_word' id='word_1_478' title='bbox 2163 1247 2268 1276; x_wconf 88' lang='lat' dir='ltr'>desis-</span> 
     </span>
     <span class='ocr_line' id='line_1_68' title="bbox 1262 1295 2268 1335; baseline 0.008 -14"><span class='ocrx_word' id='word_1_479' title='bbox 1262 1297 1331 1322; x_wconf 85' lang='lat' dir='ltr'>tant</span> <span class='ocrx_word' id='word_1_480' title='bbox 1347 1311 1394 1327; x_wconf 83' lang='lat'>—.</span> <span class='ocrx_word' id='word_1_481' title='bbox 1414 1295 1550 1331; x_wconf 68' lang='lat' dir='ltr'>cogatis.</span> <span class='ocrx_word' id='word_1_482' title='bbox 1578 1296 1738 1325; x_wconf 78' lang='lat' dir='ltr'>facientes</span> <span class='ocrx_word' id='word_1_483' title='bbox 1757 1297 1866 1334; x_wconf 83' lang='lat' dir='ltr'>ipsum</span> <span class='ocrx_word' id='word_1_484' title='bbox 1883 1298 2104 1335; x_wconf 85' lang='lat' dir='ltr'>predictorum</span> <span class='ocrx_word' id='word_1_485' title='bbox 2129 1300 2268 1329; x_wconf 84' lang='lat' dir='ltr'>canonic</span> 
     </span>
     <span class='ocr_line' id='line_1_69' title="bbox 1261 1347 2266 1389; baseline 0.007 -15"><span class='ocrx_word' id='word_1_486' title='bbox 1261 1350 1291 1374; x_wconf 89' lang='lat' dir='ltr'>et</span> <span class='ocrx_word' id='word_1_487' title='bbox 1316 1347 1608 1383; x_wconf 75' lang='lat' dir='ltr'>prestimoniorum</span> <span class='ocrx_word' id='word_1_488' title='bbox 1644 1349 1779 1386; x_wconf 81' lang='lat' dir='ltr'>pacifica</span> <span class='ocrx_word' id='word_1_489' title='bbox 1812 1351 2022 1388; x_wconf 72' lang='lat' dir='ltr'>possessione</span> <span class='ocrx_word' id='word_1_490' title='bbox 2051 1352 2192 1389; x_wconf 72' lang='lat' dir='ltr'>gaudere</span> <span class='ocrx_word' id='word_1_491' title='bbox 2217 1370 2266 1381; x_wconf 92' lang='lat'>——.</span> 
     </span>
     <span class='ocr_line' id='line_1_70' title="bbox 1261 1399 2266 1440; baseline 0.006 -13"><span class='ocrx_word' id='word_1_492' title='bbox 1261 1399 1333 1427; x_wconf 88' lang='lat' dir='ltr'>Dat.</span> <span class='ocrx_word' id='word_1_493' title='bbox 1348 1400 1512 1431; x_wconf 74' lang='lat' dir='ltr'>Laterani.</span> <span class='ocrx_word' id='word_1_494' title='bbox 1529 1401 1575 1430; x_wconf 84' lang='lat' dir='ltr'>XI</span> <span class='ocrx_word' id='word_1_495' title='bbox 1588 1401 1747 1431; x_wconf 76' lang='lat' dir='ltr'>kalendas</span> <span class='ocrx_word' id='word_1_496' title='bbox 1761 1403 1887 1440; x_wconf 84' lang='lat' dir='ltr'>aprilis.</span> <span class='ocrx_word' id='word_1_497' title='bbox 1902 1413 1988 1433; x_wconf 89' lang='lat' dir='ltr'>anuo</span> <span class='ocrx_word' id='word_1_498' title='bbox 2002 1405 2238 1434; x_wconf 76' lang='lat' dir='ltr'>tertiodecimo.</span> <span class='ocrx_word' id='word_1_499' title='bbox 2255 1418 2266 1430; x_wconf 87' lang='lat'>»</span> 
     </span>
    </p>
   </div>
   <div class='ocr_carea' id='block_1_14' title="bbox 1329 1584 2192 1621">
    <p class='ocr_par' dir='ltr' id='par_1_14' title="bbox 1329 1584 2192 1621">
     <span class='ocr_line' id='line_1_71' title="bbox 1329 1584 2192 1621; baseline 0.007 -10"><span class='ocrx_word' id='word_1_500' title='bbox 1329 1584 1452 1613; x_wconf 74' lang='lat'><strong>4808</strong></span> <span class='ocrx_word' id='word_1_501' title='bbox 1845 1590 1965 1621; x_wconf 80' lang='lat' dir='ltr'>Latran,</span> <span class='ocrx_word' id='word_1_502' title='bbox 1978 1591 2010 1616; x_wconf 88' lang='lat'>15</span> <span class='ocrx_word' id='word_1_503' title='bbox 2023 1591 2099 1617; x_wconf 78' lang='lat' dir='ltr'>avril</span> <span class='ocrx_word' id='word_1_504' title='bbox 2114 1591 2192 1617; x_wconf 78' lang='lat'>1239.</span> 
     </span>
    </p>
   </div>
   <div class='ocr_carea' id='block_1_15' title="bbox 1260 1647 2270 2219">
    <p class='ocr_par' dir='ltr' id='par_1_15' title="bbox 1260 1647 2270 2219">
     <span class='ocr_line' id='line_1_72' title="bbox 1296 1647 2266 1687; baseline 0.006 -13"><span class='ocrx_word' id='word_1_505' title='bbox 1296 1647 1439 1682; x_wconf 75' lang='lat' dir='ltr'>Episcopo</span> <span class='ocrx_word' id='word_1_506' title='bbox 1464 1648 1585 1681; x_wconf 76' lang='lat' dir='ltr'>Sorano,</span> <span class='ocrx_word' id='word_1_507' title='bbox 1602 1650 1790 1684; x_wconf 78' lang='lat' dir='ltr'>Apostolicae</span> <span class='ocrx_word' id='word_1_508' title='bbox 1812 1651 1897 1678; x_wconf 79' lang='lat' dir='ltr'>Sedis</span> <span class='ocrx_word' id='word_1_509' title='bbox 1921 1653 2025 1685; x_wconf 81' lang='lat' dir='ltr'>legato.</span> <span class='ocrx_word' id='word_1_510' title='bbox 2053 1653 2173 1679; x_wconf 87' lang='lat' dir='ltr'>mandat</span> <span class='ocrx_word' id='word_1_511' title='bbox 2194 1662 2266 1687; x_wconf 86' lang='lat' dir='ltr'>qua-</span> 
     </span>
     <span class='ocr_line' id='line_1_73' title="bbox 1260 1697 2267 1733; baseline 0.006 -11"><span class='ocrx_word' id='word_1_512' title='bbox 1260 1698 1344 1722; x_wconf 75' lang='lat' dir='ltr'>tenus</span> <span class='ocrx_word' id='word_1_513' title='bbox 1356 1697 1559 1723; x_wconf 71' lang='lat' dir='ltr'>Adlicmarum</span> <span class='ocrx_word' id='word_1_514' title='bbox 1575 1698 1610 1724; x_wconf 81' lang='lat' dir='ltr'>de</span> <span class='ocrx_word' id='word_1_515' title='bbox 1623 1699 1769 1731; x_wconf 73' lang='lat' dir='ltr'>Pictavia,</span> <span class='ocrx_word' id='word_1_516' title='bbox 1783 1700 1961 1727; x_wconf 78' lang='lat' dir='ltr'>Valcntinae</span> <span class='ocrx_word' id='word_1_517' title='bbox 1973 1701 2124 1733; x_wconf 74' lang='lat' dir='ltr'>dioecesis.</span> <span class='ocrx_word' id='word_1_518' title='bbox 2135 1710 2267 1728; x_wconf 84' lang='lat' dir='ltr'>uxorem-</span> 
     </span>
     <span class='ocr_line' id='line_1_74' title="bbox 1261 1745 2269 1782; baseline 0.007 -12"><span class='ocrx_word' id='word_1_519' title='bbox 1261 1753 1315 1778; x_wconf 91' lang='lat' dir='ltr'>que</span> <span class='ocrx_word' id='word_1_520' title='bbox 1328 1745 1389 1778; x_wconf 86' lang='lat' dir='ltr'>ejus</span> <span class='ocrx_word' id='word_1_521' title='bbox 1403 1754 1455 1771; x_wconf 83' lang='lat' dir='ltr'>nec</span> <span class='ocrx_word' id='word_1_522' title='bbox 1467 1747 1827 1781; x_wconf 62' lang='grc'>1101111616061111311161115,</span> <span class='ocrx_word' id='word_1_523' title='bbox 1844 1763 1875 1766; x_wconf 80' lang='lat'>—</span> <span class='ocrx_word' id='word_1_524' title='bbox 1890 1749 1939 1782; x_wconf 87' lang='lat' dir='ltr'>qui</span> <span class='ocrx_word' id='word_1_525' title='bbox 1954 1752 2048 1776; x_wconf 88' lang='lat' dir='ltr'>castra</span> <span class='ocrx_word' id='word_1_526' title='bbox 2063 1750 2097 1776; x_wconf 89' lang='lat' dir='ltr'>de</span> <span class='ocrx_word' id='word_1_527' title='bbox 2113 1750 2217 1782; x_wconf 81' lang='lat' dir='ltr'>Stella,</span> <span class='ocrx_word' id='word_1_528' title='bbox 2234 1750 2269 1776; x_wconf 87' lang='lat' dir='ltr'>de</span> 
     </span>
     <span class='ocr_line' id='line_1_75' title="bbox 1261 1794 2269 1832; baseline 0.006 -13"><span class='ocrx_word' id='word_1_529' title='bbox 1261 1794 1392 1827; x_wconf 77' lang='lat' dir='ltr'>Pontays</span> <span class='ocrx_word' id='word_1_530' title='bbox 1409 1797 1436 1820; x_wconf 89' lang='lat' dir='ltr'>et</span> <span class='ocrx_word' id='word_1_531' title='bbox 1452 1795 1487 1821; x_wconf 82' lang='grc'>(16</span> <span class='ocrx_word' id='word_1_532' title='bbox 1503 1795 1611 1827; x_wconf 71' lang='lat' dir='ltr'>Vouta,</span> <span class='ocrx_word' id='word_1_533' title='bbox 1629 1796 1698 1822; x_wconf 89' lang='lat' dir='ltr'>olim</span> <span class='ocrx_word' id='word_1_534' title='bbox 1718 1797 1754 1823; x_wconf 83' lang='lat' dir='ltr'>ab</span> <span class='ocrx_word' id='word_1_535' title='bbox 1771 1797 1842 1830; x_wconf 84' lang='lat' dir='ltr'>ipsis</span> <span class='ocrx_word' id='word_1_536' title='bbox 1858 1798 2027 1824; x_wconf 86' lang='lat' dir='ltr'>Adhemaro</span> <span class='ocrx_word' id='word_1_537' title='bbox 2044 1799 2163 1832; x_wconf 82' lang='lat' dir='ltr'>ejusque</span> <span class='ocrx_word' id='word_1_538' title='bbox 2181 1807 2269 1825; x_wconf 75' lang='lat' dir='ltr'>uxore</span> 
     </span>
     <span class='ocr_line' id='line_1_76' title="bbox 1261 1844 2270 1880; baseline 0.005 -11"><span class='ocrx_word' id='word_1_539' title='bbox 1261 1851 1314 1869; x_wconf 90' lang='lat' dir='ltr'>nec</span> <span class='ocrx_word' id='word_1_540' title='bbox 1335 1851 1390 1869; x_wconf 86' lang='lat' dir='ltr'>non</span> <span class='ocrx_word' id='word_1_541' title='bbox 1412 1852 1426 1869; x_wconf 89' lang='lat' dir='ltr'>a</span> <span class='ocrx_word' id='word_1_542' title='bbox 1449 1844 1595 1877; x_wconf 79' lang='lat' dir='ltr'>quondam</span> <span class='ocrx_word' id='word_1_543' title='bbox 1619 1845 1679 1871; x_wconf 85' lang='lat' dir='ltr'>filio</span> <span class='ocrx_word' id='word_1_544' title='bbox 1700 1846 1842 1878; x_wconf 78' lang='lat' dir='ltr'>ejusdcm,</span> <span class='ocrx_word' id='word_1_545' title='bbox 1865 1854 1915 1880; x_wconf 81' lang='lat' dir='ltr'>pro</span> <span class='ocrx_word' id='word_1_546' title='bbox 1931 1846 2133 1873; x_wconf 83' lang='lat' dir='ltr'>satisfactione</span> <span class='ocrx_word' id='word_1_547' title='bbox 2149 1847 2270 1874; x_wconf 85' lang='lat' dir='ltr'>damno-</span> 
     </span>
     <span class='ocr_line' id='line_1_77' title="bbox 1261 1893 2269 1929; baseline 0.006 -12"><span class='ocrx_word' id='word_1_548' title='bbox 1261 1900 1324 1917; x_wconf 90' lang='lat' dir='ltr'>rum</span> <span class='ocrx_word' id='word_1_549' title='bbox 1343 1900 1416 1925; x_wconf 86' lang='lat' dir='ltr'>quae</span> <span class='ocrx_word' id='word_1_550' title='bbox 1438 1893 1579 1919; x_wconf 82' lang='lat' dir='ltr'>ecclesiae</span> <span class='ocrx_word' id='word_1_551' title='bbox 1595 1893 1775 1920; x_wconf 86' lang='lat' dir='ltr'>Valentinae</span> <span class='ocrx_word' id='word_1_552' title='bbox 1795 1894 1969 1927; x_wconf 81' lang='lat' dir='ltr'>intulerant,</span> <span class='ocrx_word' id='word_1_553' title='bbox 1987 1895 2041 1921; x_wconf 86' lang='lat' dir='ltr'>sub</span> <span class='ocrx_word' id='word_1_554' title='bbox 2057 1896 2182 1929; x_wconf 85' lang='lat' dir='ltr'>quadam</span> <span class='ocrx_word' id='word_1_555' title='bbox 2200 1905 2269 1923; x_wconf 89' lang='lat' dir='ltr'>con-</span> 
     </span>
     <span class='ocr_line' id='line_1_78' title="bbox 1260 1940 2269 1978; baseline 0.004 -12"><span class='ocrx_word' id='word_1_556' title='bbox 1260 1940 1377 1967; x_wconf 83' lang='lat' dir='ltr'>dicione</span> <span class='ocrx_word' id='word_1_557' title='bbox 1392 1941 1556 1967; x_wconf 81' lang='lat' dir='ltr'>Bertrando</span> <span class='ocrx_word' id='word_1_558' title='bbox 1567 1944 1589 1973; x_wconf 61' lang='grc' dir='ltr'>Ἰ,</span> <span class='ocrx_word' id='word_1_559' title='bbox 1604 1942 1685 1968; x_wconf 90' lang='lat' dir='ltr'>tituli</span> <span class='ocrx_word' id='word_1_560' title='bbox 1702 1942 1876 1969; x_wconf 83' lang='lat' dir='ltr'>Sanctorum</span> <span class='ocrx_word' id='word_1_561' title='bbox 1890 1943 2034 1970; x_wconf 83' lang='lat' dir='ltr'>Jobannis</span> <span class='ocrx_word' id='word_1_562' title='bbox 2050 1947 2077 1970; x_wconf 84' lang='lat' dir='ltr'>et</span> <span class='ocrx_word' id='word_1_563' title='bbox 2093 1944 2178 1970; x_wconf 84' lang='lat' dir='ltr'>Pauli</span> <span class='ocrx_word' id='word_1_564' title='bbox 2194 1952 2269 1978; x_wconf 86' lang='lat' dir='ltr'>pres-</span> 
     </span>
     <span class='ocr_line' id='line_1_79' title="bbox 1261 1989 2270 2025; baseline 0.005 -11"><span class='ocrx_word' id='word_1_565' title='bbox 1261 1989 1363 2022; x_wconf 78' lang='lat' dir='ltr'>bytero</span> <span class='ocrx_word' id='word_1_566' title='bbox 1384 1989 1542 2019; x_wconf 79' lang='lat' dir='ltr'>cardinali.</span> <span class='ocrx_word' id='word_1_567' title='bbox 1564 1991 1752 2023; x_wconf 85' lang='lat' dir='ltr'>Apostolicae</span> <span class='ocrx_word' id='word_1_568' title='bbox 1767 1991 1852 2018; x_wconf 78' lang='lat' dir='ltr'>Sedis</span> <span class='ocrx_word' id='word_1_569' title='bbox 1869 1992 1974 2025; x_wconf 64' lang='lat' dir='ltr'>legato,</span> <span class='ocrx_word' id='word_1_570' title='bbox 1993 1992 2151 2025; x_wconf 71' lang='lat' dir='ltr'>assignata,</span> <span class='ocrx_word' id='word_1_571' title='bbox 2169 1996 2270 2019; x_wconf 85' lang='lat' dir='ltr'>contra</span> 
     </span>
     <span class='ocr_line' id='line_1_80' title="bbox 1260 2037 2267 2073; baseline 0.005 -11"><span class='ocrx_word' id='word_1_572' title='bbox 1260 2037 1460 2070; x_wconf 83' lang='lat' dir='ltr'>juramentum</span> <span class='ocrx_word' id='word_1_573' title='bbox 1481 2039 1657 2071; x_wconf 86' lang='lat' dir='ltr'>praestitum</span> <span class='ocrx_word' id='word_1_574' title='bbox 1675 2039 1868 2072; x_wconf 78' lang='lat' dir='ltr'>occupabant.</span> <span class='ocrx_word' id='word_1_575' title='bbox 1890 2055 1924 2057; x_wconf 97' lang='lat'><strong>—</strong></span> <span class='ocrx_word' id='word_1_576' title='bbox 1945 2041 2102 2073; x_wconf 83' lang='lat' dir='ltr'>compellat</span> <span class='ocrx_word' id='word_1_577' title='bbox 2120 2043 2151 2067; x_wconf 92' lang='lat' dir='ltr'>ut</span> <span class='ocrx_word' id='word_1_578' title='bbox 2168 2041 2267 2067; x_wconf 86' lang='lat' dir='ltr'>eadem</span> 
     </span>
     <span class='ocr_line' id='line_1_81' title="bbox 1261 2087 2270 2122; baseline 0.005 -10"><span class='ocrx_word' id='word_1_579' title='bbox 1261 2089 1357 2113; x_wconf 76' lang='lat' dir='ltr'>castra</span> <span class='ocrx_word' id='word_1_580' title='bbox 1375 2087 1524 2113; x_wconf 82' lang='lat' dir='ltr'>Ecclesiae</span> <span class='ocrx_word' id='word_1_581' title='bbox 1548 2088 1699 2115; x_wconf 85' lang='lat' dir='ltr'>Romanae</span> <span class='ocrx_word' id='word_1_582' title='bbox 1722 2088 1879 2115; x_wconf 84' lang='lat' dir='ltr'>restituant</span> <span class='ocrx_word' id='word_1_583' title='bbox 1902 2092 1930 2115; x_wconf 87' lang='lat' dir='ltr'>et</span> <span class='ocrx_word' id='word_1_584' title='bbox 1950 2089 2110 2122; x_wconf 78' lang='lat' dir='ltr'>jamdictae</span> <span class='ocrx_word' id='word_1_585' title='bbox 2130 2091 2270 2117; x_wconf 87' lang='lat' dir='ltr'>ecclesiae</span> 
     </span>
     <span class='ocr_line' id='line_1_82' title="bbox 1261 2135 2268 2170; baseline 0.003 -9"><span class='ocrx_word' id='word_1_586' title='bbox 1261 2135 1440 2162; x_wconf 88' lang='lat' dir='ltr'>Valentinae</span> <span class='ocrx_word' id='word_1_587' title='bbox 1466 2136 1501 2162; x_wconf 85' lang='lat' dir='ltr'>de</span> <span class='ocrx_word' id='word_1_588' title='bbox 1521 2136 1640 2162; x_wconf 88' lang='lat' dir='ltr'>damnis</span> <span class='ocrx_word' id='word_1_589' title='bbox 1665 2137 1804 2170; x_wconf 81' lang='lat' dir='ltr'>praefatis</span> <span class='ocrx_word' id='word_1_590' title='bbox 1826 2137 2022 2164; x_wconf 78' lang='lat' dir='ltr'>satisfaciant.</span> <span class='ocrx_word' id='word_1_591' title='bbox 2053 2152 2083 2155; x_wconf 97' lang='lat'><strong>—</strong></span> <span class='ocrx_word' id='word_1_592' title='bbox 2115 2139 2200 2169; x_wconf 65' lang='lat' dir='ltr'>(um.</span> <span class='ocrx_word' id='word_1_593' title='bbox 2225 2138 2268 2168; x_wconf 78' lang='lat'>19,</span> 
     </span>
     <span class='ocr_line' id='line_1_83' title="bbox 1262 2183 2165 2219; baseline 0.003 -9"><span class='ocrx_word' id='word_1_594' title='bbox 1262 2185 1280 2210; x_wconf 83' lang='lat' dir='ltr'>t.</span> <span class='ocrx_word' id='word_1_595' title='bbox 1298 2184 1348 2210; x_wconf 72' lang='lat'>107</span> <span class='ocrx_word' id='word_1_596' title='bbox 1363 2183 1434 2218; x_wconf 82' lang='lat'>[101]</span> <span class='ocrx_word' id='word_1_597' title='bbox 1453 2188 1480 2210; x_wconf 82' lang='lat' dir='ltr'>v⁰</span> <span class='ocrx_word' id='word_1_598' title='bbox 1494 2193 1499 2215; x_wconf 86' lang='lat'>;</span> <span class='ocrx_word' id='word_1_599' title='bbox 1515 2193 1584 2211; x_wconf 86' lang='lat' dir='ltr'>ann.</span> <span class='ocrx_word' id='word_1_600' title='bbox 1604 2185 1685 2217; x_wconf 79' lang='lat' dir='ltr'>X111.</span> <span class='ocrx_word' id='word_1_601' title='bbox 1701 2194 1724 2211; x_wconf 82' lang='lat' dir='ltr'>c.</span> <span class='ocrx_word' id='word_1_602' title='bbox 1743 2185 1794 2217; x_wconf 74' lang='lat'>163</span> <span class='ocrx_word' id='word_1_603' title='bbox 1816 2200 1846 2203; x_wconf 96' lang='lat'><strong>—</strong></span> <span class='ocrx_word' id='word_1_604' title='bbox 1863 2186 1900 2212; x_wconf 78' lang='lat' dir='ltr'>cf.</span> <span class='ocrx_word' id='word_1_605' title='bbox 1918 2193 2012 2219; x_wconf 75' lang='lat' dir='ltr'>supra,</span> <span class='ocrx_word' id='word_1_606' title='bbox 2030 2190 2058 2212; x_wconf 76' lang='lat' dir='ltr'>nu</span> <span class='ocrx_word' id='word_1_607' title='bbox 2074 2186 2165 2217; x_wconf 78' lang='lat'>2518.)</span> 
     </span>
    </p>
   </div>
   <div class='ocr_carea' id='block_1_16' title="bbox 1262 2286 2268 2694">
    <p class='ocr_par' dir='ltr' id='par_1_16' title="bbox 1262 2286 2268 2694">
     <span class='ocr_line' id='line_1_84' title="bbox 1303 2286 2267 2324; baseline 0.006 -13"><span class='ocrx_word' id='word_1_608' title='bbox 1303 2298 1315 2311; x_wconf 70' lang='lat' dir='ltr'>u</span> <span class='ocrx_word' id='word_1_609' title='bbox 1336 2308 1355 2313; x_wconf 90' lang='lat'>..</span> <span class='ocrx_word' id='word_1_610' title='bbox 1374 2287 1506 2323; x_wconf 75' lang='lat' dir='ltr'>episcopo</span> <span class='ocrx_word' id='word_1_611' title='bbox 1528 2286 1654 2317; x_wconf 67' lang='lat' dir='ltr'>Sorano.</span> <span class='ocrx_word' id='word_1_612' title='bbox 1678 2287 1843 2323; x_wconf 72' lang='lat' dir='ltr'>Apostolice</span> <span class='ocrx_word' id='word_1_613' title='bbox 1863 2287 1947 2316; x_wconf 81' lang='lat' dir='ltr'>Sedis</span> <span class='ocrx_word' id='word_1_614' title='bbox 1967 2288 2092 2324; x_wconf 53' lang='lat' dir='ltr'>[efflato-³.</span> <span class='ocrx_word' id='word_1_615' title='bbox 2120 2287 2267 2317; x_wconf 84' lang='lat' dir='ltr'>Dilectus</span> 
     </span>
     <span class='ocr_line' id='line_1_85' title="bbox 1262 2337 2267 2378; baseline 0.003 -12"><span class='ocrx_word' id='word_1_616' title='bbox 1262 2337 1351 2367; x_wconf 82' lang='lat' dir='ltr'>tilius</span> <span class='ocrx_word' id='word_1_617' title='bbox 1378 2361 1396 2366; x_wconf 92' lang='lat'>..</span> <span class='ocrx_word' id='word_1_618' title='bbox 1425 2343 1616 2375; x_wconf 82' lang='lat' dir='ltr'>procurator</span> <span class='ocrx_word' id='word_1_619' title='bbox 1641 2339 1779 2368; x_wconf 87' lang='lat' dir='ltr'>ecclesie</span> <span class='ocrx_word' id='word_1_620' title='bbox 1799 2339 2000 2378; x_wconf 79' lang='lat' dir='ltr'>Valentin[e]</span> <span class='ocrx_word' id='word_1_621' title='bbox 2025 2349 2084 2369; x_wconf 86' lang='lat' dir='ltr'>sua</span> <span class='ocrx_word' id='word_1_622' title='bbox 2107 2340 2267 2369; x_wconf 70' lang='grc'>110111510-</span> 
     </span>
     <span class='ocr_line' id='line_1_86' title="bbox 1262 2391 2267 2430; baseline 0.002 -10"><span class='ocrx_word' id='word_1_623' title='bbox 1262 2391 1452 2421; x_wconf 88' lang='lat' dir='ltr'>sinuatione</span> <span class='ocrx_word' id='word_1_624' title='bbox 1488 2392 1686 2421; x_wconf 84' lang='lat' dir='ltr'>monstravit</span> <span class='ocrx_word' id='word_1_625' title='bbox 1714 2392 1810 2430; x_wconf 82' lang='lat' dir='ltr'>quod,</span> <span class='ocrx_word' id='word_1_626' title='bbox 1846 2401 1919 2421; x_wconf 89' lang='grc'>01110</span> <span class='ocrx_word' id='word_1_627' title='bbox 1950 2392 2026 2421; x_wconf 92' lang='lat' dir='ltr'>olim</span> <span class='ocrx_word' id='word_1_628' title='bbox 2067 2393 2187 2422; x_wconf 86' lang='lat' dir='ltr'>nobilis</span> <span class='ocrx_word' id='word_1_629' title='bbox 2217 2393 2267 2422; x_wconf 84' lang='lat' dir='ltr'>vii·</span> 
     </span>
     <span class='ocr_line' id='line_1_87' title="bbox 1263 2443 2266 2484; baseline 0.003 -12"><span class='ocrx_word' id='word_1_630' title='bbox 1263 2443 1496 2482; x_wconf 82' lang='lat' dir='ltr'>A[dhemarus]</span> <span class='ocrx_word' id='word_1_631' title='bbox 1534 2444 1571 2473; x_wconf 91' lang='lat' dir='ltr'>de</span> <span class='ocrx_word' id='word_1_632' title='bbox 1601 2444 1756 2473; x_wconf 77' lang='lat' dir='ltr'>Pictavia.</span> <span class='ocrx_word' id='word_1_633' title='bbox 1781 2444 1984 2484; x_wconf 64' lang='lat' dir='ltr'>Valentinje]</span> <span class='ocrx_word' id='word_1_634' title='bbox 2020 2445 2171 2476; x_wconf 84' lang='lat' dir='ltr'>diocesis.</span> <span class='ocrx_word' id='word_1_635' title='bbox 2209 2454 2266 2484; x_wconf 87' lang='lat' dir='ltr'>pro</span> 
     </span>
     <span class='ocr_line' id='line_1_88' title="bbox 1262 2497 2266 2535; baseline 0.003 -10"><span class='ocrx_word' id='word_1_636' title='bbox 1262 2497 1440 2527; x_wconf 85' lang='lat' dir='ltr'>violatione</span> <span class='ocrx_word' id='word_1_637' title='bbox 1471 2498 1572 2535; x_wconf 86' lang='lat' dir='ltr'>pacis.</span> <span class='ocrx_word' id='word_1_638' title='bbox 1603 2497 1751 2527; x_wconf 82' lang='lat' dir='ltr'>indebita</span> <span class='ocrx_word' id='word_1_639' title='bbox 1787 2498 1998 2535; x_wconf 73' lang='lat' dir='ltr'>pedagiorum</span> <span class='ocrx_word' id='word_1_640' title='bbox 2030 2499 2198 2528; x_wconf 84' lang='lat' dir='ltr'>exactione</span> <span class='ocrx_word' id='word_1_641' title='bbox 2230 2508 2266 2528; x_wconf 83' lang='lat' dir='ltr'>ac</span> 
     </span>
     <span class='ocr_line' id='line_1_89' title="bbox 1262 2550 2267 2588; baseline 0.002 -10"><span class='ocrx_word' id='word_1_642' title='bbox 1262 2550 1413 2588; x_wconf 89' lang='lat' dir='ltr'>pluribus</span> <span class='ocrx_word' id='word_1_643' title='bbox 1435 2550 1586 2588; x_wconf 89' lang='lat' dir='ltr'>dampnis</span> <span class='ocrx_word' id='word_1_644' title='bbox 1605 2550 1744 2580; x_wconf 77' lang='lat' dir='ltr'>ecclesie</span> <span class='ocrx_word' id='word_1_645' title='bbox 1768 2551 1911 2588; x_wconf 82' lang='lat' dir='ltr'>predicte</span> <span class='ocrx_word' id='word_1_646' title='bbox 1928 2551 2042 2583; x_wconf 84' lang='lat' dir='ltr'>illatis.</span> <span class='ocrx_word' id='word_1_647' title='bbox 2061 2551 2267 2581; x_wconf 73' lang='grc'>1015561010-</span> 
     </span>
     <span class='ocr_line' id='line_1_90' title="bbox 1263 2603 2268 2639; baseline 0.003 -8"><span class='ocrx_word' id='word_1_648' title='bbox 1263 2603 1329 2632; x_wconf 81' lang='lat' dir='ltr'>tius</span> <span class='ocrx_word' id='word_1_649' title='bbox 1357 2603 1709 2632; x_wconf 78' lang='lat' dir='ltr'>excommunicationis</span> <span class='ocrx_word' id='word_1_650' title='bbox 1734 2603 1867 2633; x_wconf 85' lang='lat' dir='ltr'>vinculo</span> <span class='ocrx_word' id='word_1_651' title='bbox 1898 2603 2084 2639; x_wconf 75' lang='lat' dir='ltr'>innodatus.</span> <span class='ocrx_word' id='word_1_652' title='bbox 2124 2609 2154 2634; x_wconf 92' lang='lat' dir='ltr'>et</span> <span class='ocrx_word' id='word_1_653' title='bbox 2182 2609 2268 2634; x_wconf 86' lang='lat' dir='ltr'>terra</span> 
     </span>
     <span class='ocr_line' id='line_1_91' title="bbox 1263 2656 2267 2694; baseline 0.002 -9"><span class='ocrx_word' id='word_1_654' title='bbox 1263 2656 1334 2694; x_wconf 86' lang='lat' dir='ltr'>ejus</span> <span class='ocrx_word' id='word_1_655' title='bbox 1352 2656 1577 2686; x_wconf 82' lang='lat' dir='ltr'>ecclesiastico</span> <span class='ocrx_word' id='word_1_656' title='bbox 1593 2656 1763 2694; x_wconf 85' lang='lat' dir='ltr'>supposita</span> <span class='ocrx_word' id='word_1_657' title='bbox 1779 2657 1954 2686; x_wconf 84' lang='lat' dir='ltr'>interdicto</span> <span class='ocrx_word' id='word_1_658' title='bbox 1975 2667 1980 2685; x_wconf 75' lang='grc' dir='ltr'>ε</span> <span class='ocrx_word' id='word_1_659' title='bbox 2000 2657 2141 2688; x_wconf 82' lang='lat' dir='ltr'>tandem.</span> <span class='ocrx_word' id='word_1_660' title='bbox 2163 2662 2196 2687; x_wconf 86' lang='lat' dir='ltr'>ut</span> <span class='ocrx_word' id='word_1_661' title='bbox 2215 2658 2267 2687; x_wconf 89' lang='lat' dir='ltr'>ab·</span> 
     </span>
    </p>
   </div>
   <div class='ocr_carea' id='block_1_17' title="bbox 1263 2774 2268 2981">
    <p class='ocr_par' dir='ltr' id='par_1_17' title="bbox 1296 2774 1618 2803">
     <span class='ocr_line' id='line_1_92' title="bbox 1296 2774 1618 2803; baseline 0 -5"><span class='ocrx_word' id='word_1_662' title='bbox 1296 2775 1315 2798; x_wconf 89' lang='lat'>1.</span> <span class='ocrx_word' id='word_1_663' title='bbox 1334 2774 1373 2799; x_wconf 85' lang='lat' dir='ltr'>Cf.</span> <span class='ocrx_word' id='word_1_664' title='bbox 1392 2782 1488 2803; x_wconf 80' lang='lat' dir='ltr'>supra,</span> <span class='ocrx_word' id='word_1_665' title='bbox 1504 2779 1532 2797; x_wconf 86' lang='lat' dir='ltr'>n⁰</span> <span class='ocrx_word' id='word_1_666' title='bbox 1549 2774 1618 2798; x_wconf 77' lang='lat'>3967.</span> 
     </span>
    </p>

    <p class='ocr_par' dir='ltr' id='par_1_18' title="bbox 1293 2818 2165 2849">
     <span class='ocr_line' id='line_1_93' title="bbox 1293 2818 2165 2849; baseline 0.001 -7"><span class='ocrx_word' id='word_1_667' title='bbox 1293 2819 1317 2842; x_wconf 70' lang='lat'>2.</span> <span class='ocrx_word' id='word_1_668' title='bbox 1336 2819 1506 2842; x_wconf 73' lang='lat' dir='ltr'>Rern-andus</span> <span class='ocrx_word' id='word_1_669' title='bbox 1524 2818 1639 2847; x_wconf 79' lang='lat' dir='ltr'>Savclli;</span> <span class='ocrx_word' id='word_1_670' title='bbox 1657 2820 1690 2843; x_wconf 81' lang='lat' dir='ltr'>cf.</span> <span class='ocrx_word' id='word_1_671' title='bbox 1707 2827 1803 2849; x_wconf 80' lang='lat' dir='ltr'>supra,</span> <span class='ocrx_word' id='word_1_672' title='bbox 1822 2823 1838 2843; x_wconf 87' lang='lat' dir='ltr'>t.</span> <span class='ocrx_word' id='word_1_673' title='bbox 1858 2819 1891 2847; x_wconf 88' lang='lat'>11,</span> <span class='ocrx_word' id='word_1_674' title='bbox 1909 2820 1958 2843; x_wconf 90' lang='lat' dir='ltr'>col.</span> <span class='ocrx_word' id='word_1_675' title='bbox 1980 2820 2045 2849; x_wconf 74' lang='lat'>1068,</span> <span class='ocrx_word' id='word_1_676' title='bbox 2064 2823 2127 2843; x_wconf 86' lang='lat' dir='ltr'>note</span> <span class='ocrx_word' id='word_1_677' title='bbox 2146 2820 2165 2843; x_wconf 89' lang='grc'>1.</span> 
     </span>
    </p>

    <p class='ocr_par' dir='ltr' id='par_1_19' title="bbox 1263 2862 2268 2981">
     <span class='ocr_line' id='line_1_94' title="bbox 1294 2862 2267 2892; baseline 0.001 -7"><span class='ocrx_word' id='word_1_678' title='bbox 1294 2863 1317 2886; x_wconf 88' lang='grc'>3.</span> <span class='ocrx_word' id='word_1_679' title='bbox 1338 2863 1388 2886; x_wconf 88' lang='lat' dir='ltr'>Pas</span> <span class='ocrx_word' id='word_1_680' title='bbox 1407 2863 1440 2885; x_wconf 89' lang='lat' dir='ltr'>de</span> <span class='ocrx_word' id='word_1_681' title='bbox 1458 2866 1545 2886; x_wconf 82' lang='lat' dir='ltr'>traces</span> <span class='ocrx_word' id='word_1_682' title='bbox 1561 2862 1595 2886; x_wconf 85' lang='lat' dir='ltr'>de</span> <span class='ocrx_word' id='word_1_683' title='bbox 1611 2864 1822 2886; x_wconf 78' lang='lat' dir='ltr'>romaniements</span> <span class='ocrx_word' id='word_1_684' title='bbox 1839 2864 1907 2886; x_wconf 83' lang='lat' dir='ltr'>dans</span> <span class='ocrx_word' id='word_1_685' title='bbox 1922 2867 1993 2886; x_wconf 88' lang='lat' dir='ltr'>cette</span> <span class='ocrx_word' id='word_1_686' title='bbox 2012 2864 2098 2892; x_wconf 87' lang='lat' dir='ltr'>bulle,</span> <span class='ocrx_word' id='word_1_687' title='bbox 2117 2864 2267 2886; x_wconf 84' lang='lat' dir='ltr'>contraire-</span> 
     </span>
     <span class='ocr_line' id='line_1_95' title="bbox 1263 2906 2268 2937; baseline 0.001 -8"><span class='ocrx_word' id='word_1_688' title='bbox 1263 2910 1337 2930; x_wconf 86' lang='lat' dir='ltr'>ment</span> <span class='ocrx_word' id='word_1_689' title='bbox 1353 2906 1367 2929; x_wconf 77' lang='lat' dir='ltr'>a</span> <span class='ocrx_word' id='word_1_690' title='bbox 1383 2913 1413 2930; x_wconf 85' lang='lat' dir='ltr'>ce</span> <span class='ocrx_word' id='word_1_691' title='bbox 1429 2913 1482 2937; x_wconf 87' lang='lat' dir='ltr'>que</span> <span class='ocrx_word' id='word_1_692' title='bbox 1499 2913 1569 2930; x_wconf 79' lang='lat' dir='ltr'>nous</span> <span class='ocrx_word' id='word_1_693' title='bbox 1586 2913 1672 2930; x_wconf 79' lang='lat' dir='ltr'>avons</span> <span class='ocrx_word' id='word_1_694' title='bbox 1687 2907 1829 2937; x_wconf 80' lang='lat' dir='ltr'>remarque</span> <span class='ocrx_word' id='word_1_695' title='bbox 1849 2908 1908 2937; x_wconf 91' lang='lat' dir='ltr'>plus</span> <span class='ocrx_word' id='word_1_696' title='bbox 1930 2907 2007 2936; x_wconf 80' lang='lat' dir='ltr'>haut,</span> <span class='ocrx_word' id='word_1_697' title='bbox 2029 2907 2096 2930; x_wconf 74' lang='lat' dir='ltr'>dans</span> <span class='ocrx_word' id='word_1_698' title='bbox 2116 2908 2141 2930; x_wconf 80' lang='lat' dir='ltr'>la</span> <span class='ocrx_word' id='word_1_699' title='bbox 2162 2908 2268 2937; x_wconf 88' lang='lat' dir='ltr'>plupart</span> 
     </span>
     <span class='ocr_line' id='line_1_96' title="bbox 1264 2950 1895 2981; baseline 0.002 -8"><span class='ocrx_word' id='word_1_700' title='bbox 1264 2951 1312 2974; x_wconf 82' lang='lat' dir='ltr'>des</span> <span class='ocrx_word' id='word_1_701' title='bbox 1328 2951 1422 2974; x_wconf 84' lang='lat' dir='ltr'>lettres</span> <span class='ocrx_word' id='word_1_702' title='bbox 1438 2950 1580 2974; x_wconf 75' lang='lat' dir='ltr'>adressees</span> <span class='ocrx_word' id='word_1_703' title='bbox 1597 2951 1611 2973; x_wconf 74' lang='grc' dir='ltr'>ἐι</span> <span class='ocrx_word' id='word_1_704' title='bbox 1626 2950 1748 2981; x_wconf 75' lang='lat' dir='ltr'>l&#39;eveque</span> <span class='ocrx_word' id='word_1_705' title='bbox 1766 2951 1798 2974; x_wconf 86' lang='lat' dir='ltr'>de</span> <span class='ocrx_word' id='word_1_706' title='bbox 1816 2951 1895 2975; x_wconf 83' lang='lat' dir='ltr'>Sora.</span> 
     </span>
    </p>
   </div>
  </div>
 </body>
</html>
