2553 3526
143 294 200 324 3¹3

143 360 178 389 in
197 360 338 390 Domino
359 377 409 387 —.
429 360 503 389 Dat.
526 359 612 397 apud
631 359 779 398 Criptam
798 361 979 394 Ferratam,
998 359 1151 390 kalendis

142 412 352 451 septembris,
373 420 459 441 anno
475 412 734 450 quartodecimo.
757 424 769 437 ι)

176 660 294 687 Decano
309 662 337 686 et
351 659 482 694 capituto
494 660 757 687 Lemovicensibus
773 661 921 694 signifieat
933 669 962 687 se
975 661 1150 688 electionem

137 708 176 735 de
195 708 337 742 magistro
356 708 507 740 Durando,
528 708 695 742 praeposito
722 709 826 736 Sancti
853 709 986 740 Juniani,
1013 710 1152 736 Lemovi-

139 756 236 783 censis
255 756 408 789 dioecesis,
426 756 457 783 in
471 757 642 791 episcopum
658 757 901 783 Lemovicensem
915 757 1105 789 celebratam,
1118 772 1149 775 —

138 812 176 831 ex
195 813 254 839 qua
271 804 415 831 electione
430 804 567 831 diutinae
582 805 650 831 lites
665 807 746 832 ortae
761 808 857 838 erant,
873 820 905 823 —
921 806 1104 832 confirmare.
1119 821 1150 824 —

137 854 228 886 (Res.
243 853 288 886 20,
304 854 325 880 f.
342 853 376 880 27
388 856 433 885 v';
447 862 517 880 ann.
530 853 614 885 XIV,
630 862 655 880 c.
673 853 739 885 156;
754 868 786 872 —
802 853 936 881 Monssau
953 854 1032 886 1193,
1048 855 1068 881 f.
1084 854 1149 887 108;

137 917 171 921 —
186 903 225 929 cf.
241 909 340 936 supra,
357 910 386 928 n.
399 902 470 929 4030
484 905 513 930 et
527 902 622 934 5286.)

501 597 605 624 Grotta
620 598 751 629 Ferrata,
768 598 802 625 26
817 598 985 632 septembre
1000 598 1079 625 1240.

179 1015 193 1030 α
213 1026 234 1032 ..
253 1004 364 1033 decano
381 1009 408 1033 et
427 1005 562 1042 capitulo
582 1005 855 1034 Lemovicensibus.
873 1003 1022 1034 Ecclesia
1041 1010 1150 1034 vestra

136 1056 280 1095 pastoris
295 1056 419 1086 solacio
432 1057 602 1090 destituta,
621 1057 741 1094 viginti
757 1066 813 1087 sex
830 1057 983 1087 canonici
1000 1058 1148 1096 ejusdem

135 1109 288 1145 ecclesie,
313 1110 439 1140 vocatis
461 1110 519 1149 qui
543 1110 655 1140 vocari
677 1115 831 1149 poterant
854 1115 883 1140 et
903 1110 942 1140 de
960 1111 1034 1148 jure
1051 1111 1149 1140 debe-

136 1163 228 1196 bant.
247 1163 286 1193 ad
302 1163 499 1194 electionem
515 1163 748 1193 celebrandam
767 1164 802 1193 in
822 1163 966 1202 capitulo
983 1173 1148 1194 convene-

136 1221 230 1252 runt,
248 1221 291 1251 et,
309 1216 455 1255 Spiritus
471 1217 584 1247 Sancti
607 1217 725 1254 gratia,
749 1217 834 1246 sicut
850 1217 953 1247 moris
972 1222 1030 1247 est.
1052 1218 1148 1247 invo-

134 1273 221 1305 cata,
238 1269 277 1300 de
299 1278 466 1300 consensu
482 1269 622 1299 duorum
639 1269 792 1304 aliorum,
806 1270 900 1309 juxta
921 1270 1096 1300 ecclesiam
1112 1270 1147 1299 in

133 1323 336 1362 egritudinis
353 1323 438 1359 lecto
450 1323 646 1362 jacentium,
662 1328 694 1353 et
709 1323 881 1362 cujusdam
895 1332 931 1354 ex
950 1324 1033 1362 ipsis
1046 1324 1114 1362 qui,
1131 1333 1147 1353 a

133 1376 280 1415 capitulo
296 1385 331 1406 se
347 1376 539 1411 absentans,
557 1376 727 1406 consensit
745 1386 899 1415 expresse
921 1381 953 1406 ut
971 1376 1029 1406 alii
1045 1377 1148 1415 elige-

135 1434 209 1461 rent
225 1430 299 1460 sine
320 1430 405 1469 ipso.
423 1430 597 1469 elegerunt
619 1435 684 1461 tres
707 1430 747 1460 de
769 1430 908 1468 collegio
927 1431 990 1461 fide
1016 1431 1146 1469 dignos,

132 1483 204 1523 qui,
228 1487 356 1514 secreto
372 1488 403 1513 et
419 1483 619 1522 singillatim
635 1488 709 1514 vota
724 1488 919 1514 cunctorum
931 1485 1147 1514 existentium

133 1537 170 1566 in
190 1537 334 1576 capitulo
350 1542 382 1567 et
401 1546 515 1567 eorum
536 1537 594 1576 qui
619 1542 711 1567 extra
733 1537 908 1567 ecclesiam
923 1538 1078 1576 jacebant
1094 1538 1147 1567 in-

132 1590 233 1626 firmi,
257 1589 454 1628 diligentius
477 1590 699 1629 inquirentes,
721 1590 853 1620 redacta
874 1591 909 1620 in
925 1591 1069 1629 scriptis.
1087 1601 1145 1629 pu-

133 1643 342 1674 blicaverunt
358 1652 397 1673 ea
416 1643 568 1682 protinus
591 1643 627 1672 in
647 1644 826 1673 communi.
851 1644 1020 1674 Scrutinio
1042 1645 1147 1682 igitur

133 1696 312 1735 publicato,
339 1697 493 1735 apparuit
510 1696 598 1736 quod
620 1697 870 1735 quatuordecim
892 1698 926 1726 in
948 1698 1145 1735 magistrum

133 1750 340 1785 Durandum,
357 1749 562 1788 prepositum
581 1750 694 1780 Sancti
715 1750 866 1785 Juniani,
889 1760 1003 1780 eorum
1025 1760 1143 1781 conca-

133 1803 302 1838 nonicum,
319 1807 558 1838 convenerunt,
579 1808 690 1841 preter
708 1804 757 1837 P„
773 1803 919 1842 priorem
935 1804 1144 1834 Beneventa-

133 1865 225 1892 num,
247 1856 495 1886 Lemovicensis
512 1856 672 1892 diocesis,
697 1857 754 1895 qui
776 1857 811 1885 in
828 1857 991 1887 scrutinio
1009 1857 1091 1886 dixit
1109 1866 1144 1887 se

130 1910 322 1940 consentire
337 1909 374 1939 in
389 1909 485 1940 illum
500 1910 535 1939 in
553 1919 651 1949 quem
667 1910 773 1949 major
789 1915 819 1940 et
837 1911 951 1940 sanior
967 1920 1042 1948 pars
1059 1911 1144 1949 capi-

132 1962 196 1993 tuli
216 1952 420 1997 conveniret,
447 1962 589 2002 reliquis
612 1968 687 1992 vota
711 1972 771 1993 sua
794 1963 1018 2001 dirigentibus
1039 1964 1074 1993 in
1094 1964 1144 1993 di-

132 2025 258 2046 versos.
274 2016 410 2052 Verum,
429 2025 504 2046 cum
526 2015 578 2045 illi
600 2016 657 2055 qui
676 2017 875 2054 magistrum
891 2017 1145 2047 nominaverant

131 2069 349 2105 antedictum,
366 2069 513 2109 reliquos
525 2070 735 2100 monuissent
746 2075 779 2100 ut
793 2070 1004 2101 collationem
1021 2076 1050 2101 et
1063 2071 1145 2102 elec-

132 2123 257 2153 tionem
281 2123 430 2153 facerent
450 2132 524 2153 cum
548 2123 685 2159 eisdem,
708 2123 928 2154 renuentibus
944 2124 1004 2154 hoc
1023 2129 1064 2155 te.
1088 2125 1145 2155 de-

132 2175 252 2216 can[e],
275 2180 307 2206 et
330 2175 407 2205 aliis
423 2176 481 2215 qui
505 2176 654 2206 diversos
675 2176 804 2206 inventi
823 2182 900 2206 sunt
922 2177 957 2206 in
982 2178 1144 2208 scrutinio

133 2229 338 2263 nominasse,
362 2237 399 2258 ac
422 2228 667 2267 appellantibus
690 2238 731 2259 ne
755 2230 959 2268 prepositum
983 2230 1145 2268 eligerent

135 2282 355 2318 nominatum,
382 2286 541 2321 tanquam
563 2282 794 2320 irregularem,
824 2292 861 2313 ex
889 2292 926 2313 eo
957 2284 1044 2323 quod
1071 2284 1144 2314 sine

132 2335 384 2374 dispensatione
400 2335 579 2374 apostolic-a
591 2335 673 2366 duas
685 2345 782 2366 curas
794 2337 982 2366 animarum
994 2336 1142 2371 haberet,

133 2393 167 2419 et
182 2389 266 2419 alias
281 2389 520 2427 ineligibilem,
541 2389 752 2427 exigentibus
774 2389 881 2428 culpis
903 2390 996 2420 suis:
1016 2390 1066 2419 hii
1087 2391 1146 2429 qui

135 2442 301 2481 preposito
328 2441 548 2477 adherebant,
575 2442 752 2472 collatione
778 2442 954 2481 prehabita
978 2443 1143 2481 diligenti,

132 2494 389 2534 videntesquod
404 2495 470 2533 ipsi
491 2495 651 2534 majorem
667 2500 698 2525 et
719 2496 885 2526 saniorem
909 2501 1035 2534 partem
1055 2497 1144 2535 capi-

134 2547 197 2578 tuti
211 2548 391 2583 faciehant,
417 2548 549 2578 cuidam
572 2557 609 2578 ex
628 2548 722 2587 ipsis,
740 2548 912 2579 willelmo
929 2549 1083 2579 videlicet
1105 2550 1144 2580 de

135 2600 222 2631 Malo
239 2602 362 2637 Monte,
385 2601 619 2631 archidiacono
640 2601 787 2640 predicte
809 2601 978 2637 ecclesie¹‚
997 2611 1144 2633 commu-

135 2655 223 2685 niter
236 2654 455 2693 injunxerunt
471 2659 505 2684 ut
523 2654 666 2684 eundem
686 2655 890 2693 prepositum
908 2655 978 2685 vice
995 2656 1145 2685 omniurn

134 2707 171 2737 in
191 2707 382 2746 episcopum
407 2707 544 2746 eligeret
567 2712 597 2737 et
616 2712 799 2746 pastorem;
818 2708 876 2746 qui
896 2717 971 2738 cum
989 2708 1145 2746 elegisset

132 2760 277 2791 eundem
301 2765 333 2790 et
354 2761 426 2800 ejus
453 2765 541 2791 esset
568 2760 685 2790 electio
711 2760 941 2799 sollempniter
963 2761 1142 2800 publicata,

133 2814 224 2844 idem
238 2813 436 2852 prepositus.
454 2814 494 2843 ad
510 2813 649 2843 multam
665 2822 801 2843 suorum
819 2813 998 2844 electorum
1014 2815 1145 2845 instan-

170 2933 191 2958 l.
208 2933 282 2957 Dans
297 2933 323 2957 la
339 2933 417 2964 piece
433 2934 503 2962 5174,
519 2940 549 2956 ce
568 2934 727 2957 Willetmus
743 2935 777 2956 de
792 2935 863 2956 Malo
877 2935 969 2956 Monte
983 2937 1024 2956 est
1036 2933 1146 2963 qualifie

135 2977 163 3001 d·
178 2987 192 3000 ι
206 2977 418 3002 archidiaconus
439 2977 472 3001 de
493 2977 658 3005 Combrafia,
676 2977 883 3001 Lemovicensis
899 2977 1018 3001 diocesis
1033 2986 1056 3001 ι.

948 286 1258 331 mammis-ui:
1282 290 1440 326 ANNEE.

2182 309 2239 338 314

1234 360 1321 396 tiam,
1348 362 1385 392 de
1410 364 1514 401 gratia
1532 365 1644 395 dix-ina
1667 368 1845 398 confidens.
1869 369 2022 400 electioni
2041 372 2079 402 de
2101 382 2134 402 se
2153 375 2238 404 facte

1233 415 1412 450 consensit,
1432 422 1524 454 parte
1541 418 1644 448 altera
1662 420 1900 451 nichilominus
1919 424 2171 461 appellationem
2187 427 2239 456 in-

1235 468 1425 505 terpositam
1442 470 1634 502 innovante.
1652 474 1808 508 Tandem,
1827 484 1901 504 cum
1918 478 2086 514 negotium
2105 479 2239 510 electio-

1234 519 1285 549 nis
1309 520 1501 560 hujusmodi
1518 534 1574 562 per
1590 526 1844 564 appellationem
1863 529 1902 558 ad
1919 538 1978 559 nos
1994 531 2138 561 delatum
2155 534 2239 563 suis-

1233 577 1300 603 set.
1336 574 1446 612 ipsum
1482 579 1664 608 venerabili
1700 580 1796 610 fratri
1835 587 1946 612 nostro
1985 607 2004 612 ..
2043 585 2239 617 Penestrino

1233 627 1397 666 episcopo.
1416 631 1501 668 apud
1518 632 1635 662 Sedem
1652 634 1873 671 Apostolicam
1892 637 2080 672 constituto,
2103 640 2240 669 commi-

1233 679 1338 710 simus
1355 682 1568 715 audiendum.
1589 685 1707 716 Coram
1724 696 1788 726 quo
1809 689 1902 726 petiit
1921 713 1943 718 ..
1965 690 2109 721 decanus
2127 692 2239 722 Sancti

1232 732 1458 773 Clodoa[l]di¹.
1477 737 1679 768 Parisiensis
1703 740 1856 770 diocesis.
1878 743 1935 780 qui
1957 752 2014 781 pro
2033 743 2128 774 electi
2147 751 2237 783 parte

1232 785 1272 814 ad
1295 787 1421 817 curiam
1444 795 1577 820 venerat
1601 797 1803 829 procurator,
1831 795 2019 825 confirmari
2042 797 2236 828 electionem

1231 838 1270 868 de
1288 839 1359 877 ipso
1375 842 1533 872 canonice
1551 843 1750 874 celebratam
1767 851 1796 876 et
1815 846 1917 877 electo
1932 857 2053 879 munus
2068 859 2236 881 consecra—

1232 891 1333 922 tionis
1356 893 1515 932 impendi,
1542 898 1719 934 presertim
1742 907 1815 928 cum
1833 909 1850 929 a
1867 900 2018 938 pluribus
2039 902 2101 932 fide
2125 904 2235 942 dignis

1231 944 1269 974 de
1291 944 1474 981 honestate,
1495 949 1642 979 moribus
1662 955 1692 979 et
1712 951 1850 981 scientia
1872 962 1929 991 per
1947 956 2160 986 transmissas
2176 966 2235 987 no—

1232 997 1281 1027 bis
1311 998 1440 1029 litteras
1468 1003 1741 1033 commendabilis
1766 1005 1968 1035 redderetur.
1991 1008 2130 1038 Econtra
2160 1019 2235 1040 vero

1231 1050 1434 1089 Stephanus.
1462 1060 1654 1091 procurator
1682 1056 1817 1087 adverse
1841 1059 1957 1096 partis,
1986 1059 2077 1090 litem
2107 1068 2236 1092 contes-

1231 1103 1329 1133 tando
1346 1106 1512 1143 respondit
1531 1108 1626 1146 quod,
1642 1118 1726 1144 cum,
1741 1110 1826 1140 facto
1839 1112 2000 1142 scrutinio
2017 1113 2054 1142 de
2071 1114 2236 1145 voluntate

1231 1158 1465 1187 canonicorum
1496 1161 1645 1190 omnium
1672 1162 1729 1200 qui
1757 1167 1832 1192 tunc
1859 1164 1892 1192 in
1920 1165 2063 1203 capitulo
2088 1167 2235 1198 aderant.

1231 1211 1481 1247 quatuordecim
1508 1217 1635 1243 tantum
1665 1223 1701 1244 ex
1722 1215 1820 1253 ipsis,
1849 1219 2046 1255 computatis
2068 1220 2236 1258 jamdictis

1231 1261 1359 1292 duobus
1382 1264 1537 1299 infirmis,
1557 1267 1721 1304 prefatum
1740 1269 1943 1307 prepositum
1963 1271 1996 1300 in
2013 1272 2175 1303 scrutinio
2191 1278 2239 1304 te-

1232 1324 1319 1345 mere
1346 1317 1596 1354 nominassent,
1621 1329 1695 1350 mox
1721 1330 1757 1350 ex
1786 1327 1877 1360 parte
1902 1324 1949 1361 [0]
1975 1324 2090 1354 decani
2118 1331 2147 1356 et
2174 1327 2238 1356 sibi

1231 1368 1474 1401 adherentium.
1504 1381 1543 1402 ne
1569 1372 1610 1402 ad
1637 1373 1833 1404 electionem
1859 1377 2091 1414 procederetur
2117 1379 2234 1417 ipsius.

1230 1431 1304 1451 cum
1324 1423 1396 1453 sine
1420 1424 1668 1463 dispensatione
1691 1428 1871 1465 apostolica
1892 1429 1974 1460 duas
1991 1440 2086 1462 curas
2110 1433 2238 1462 anima-

1230 1484 1302 1505 rum
1326 1476 1474 1511 haberet,
1504 1483 1534 1508 et
1559 1478 1642 1509 alias
1671 1485 1758 1510 esset
1789 1481 2000 1520 ineligibilis,
2025 1485 2066 1514 ad
2091 1490 2238 1516 nostram

1229 1529 1338 1558 extitit
1365 1530 1571 1561 audientiam
1601 1533 1821 1571 appellatum3
1849 1536 1906 1565 sed
1930 1536 1992 1571 illi,
2017 1538 2236 1577 appellatione

1229 1588 1415 1622 contempta
1434 1589 1463 1614 et
1489 1585 1599 1616 debita
1625 1587 1800 1619 collatione
1825 1598 1890 1619 non
1913 1590 2008 1620 facta.
2032 1593 2237 1630 prepositum

1228 1638 1336 1676 ipsun]
1358 1639 1396 1669 de
1418 1640 1520 1674 facto,
1544 1650 1618 1671 curn
1639 1642 1678 1672 de
1698 1643 1772 1681 jure
1791 1645 2016 1683 nequiverint.
2042 1647 2232 1686 elege1·unt;

1228 1696 1360 1730 propter
1378 1693 1464 1731 quod
1481 1693 1559 1723 dicti
1577 1695 1721 1726 decanus
1736 1701 1765 1726 et
1782 1698 1844 1733 sui,
1865 1699 2118 1737 appellationem
2134 1701 2234 1732 inter·

1228 1745 1369 1782 positam
1382 1746 1592 1783 innovantes,
1608 1748 1729 1779 iterum
1745 1750 1964 1789 appellarunt.
1982 1754 2117 1784 Petebat
2131 1755 2234 1793 igitur

1227 1804 1420 1836 procurator
1439 1800 1510 1838 ipse
1528 1801 1655 1831 irritari
1674 1802 1869 1834 electionem
1885 1805 2023 1836 eandem
2038 1807 2090 1837 vel
2104 1808 2233 1838 irritam

1227 1851 1391 1888 nuntiari,
1419 1862 1455 1882 ex
1479 1862 1516 1883 eo
1542 1855 1684 1885 maxime
1711 1856 1789 1894 quia
1818 1857 1881 1887 suit
1908 1868 1925 1888 a
1951 1859 2072 1889 minori
2097 1861 2233 1899 capituli

1227 1909 1318 1941 parte
1330 1911 1536 1944 presumpta3
1558 1916 1632 1936 cum
1644 1908 1744 1943 enim,
1759 1909 1890 1940 excluso
1906 1912 1940 1941 P.
1954 1912 1992 1942 de
2007 1913 2148 1949 Peirato,
2163 1915 2231 1953 qui.

1223 1957 1292 1995 juri
1309 1966 1368 1987 suo
1387 1958 1519 1988 cedens.
1535 1959 1575 1989 ab
1589 1960 1750 1992 electione
1774 1971 1807 1992 se
1825 1963 1933 2001 ipsum
1951 1965 2101 2001 exclusit,
2119 1967 2184 1996 sint
2198 1967 2232 1996 in

1227 2010 1367 2040 ecclesia
1386 2011 1616 2043 Lemovicensi
1629 2014 1765 2051 triginta
1780 2017 1931 2045 canonici
1945 2018 1985 2046 ad
1997 2027 2078 2057 quos
2089 2025 2234 2057 potestas

1226 2063 1370 2101 pertinet
1395 2064 1551 2102 eligendi,
1579 2068 1778 2105 computatis
1804 2070 1856 2104 A.,
1887 2070 1919 2100 S.
1953 2075 1983 2100 et
2009 2072 2147 2109 Amelio,
2177 2074 2234 2112 qui

1227 2121 1302 2146 ante
1321 2122 1449 2155 tempus
1466 2118 1639 2150 electionis
1658 2121 1766 2151 fuerat
1782 2122 1817 2151 in
1833 2124 2030 2154 canonicum
2046 2126 2232 2157 institutus.

1227 2174 1258 2199 et
1283 2174 1347 2199 tam
1370 2170 1409 2200 de
1427 2171 1502 2209 jure
1525 2181 1624 2211 quam
1645 2174 1683 2204 de
1707 2176 1947 2207 consuetudine
1966 2178 2072 2216 ipsius
2095 2180 2233 2211 ecclesie

1227 2224 1334 2253 suerat
1352 2225 1548 2260 evocandus,
1565 2227 1714 2264 prefatus
1730 2229 1928 2267 prepositus,
1943 2240 1960 2259 a
1971 2233 2232 2270 quatuordecim,

1228 2277 1426 2315 computatis
1444 2277 1603 2314 infirmis,
1622 2279 1762 2311 electus.
1782 2282 1820 2311 de
1833 2282 1908 2320 jure
1925 2292 1990 2313 non
2005 2290 2131 2322 poterat
2148 2287 2234 2316 obti-

1228 2332 1340 2365 nere²;
1355 2331 1449 2369 cujus
1464 2331 1581 2362 electio
1595 2342 1612 2362 a
1624 2333 1745 2363 minori
1758 2340 1850 2372 parte
1863 2336 1963 2366 totius
1975 2338 2110 2375 capituli
2124 2340 2232 2370 suerat

1227 2382 1410 2418 celebrata;
1433 2389 1463 2414 et
1479 2393 1517 2414 ex
1534 2384 1595 2415 hoc
1611 2386 1710 2415 etiam
1727 2386 1890 2417 inferebat
1908 2389 2071 2426 prefatum
2087 2392 2230 2429 priorem

1227 2435 1422 2474 eligentium
1452 2446 1627 2468 numerum
1656 2448 1721 2469 non
1750 2448 1879 2479 augere.
1913 2442 1970 2479 qui
2000 2445 2167 2474 consensit
2195 2446 2231 2475 in

1227 2489 1352 2518 eumin
1369 2498 1467 2528 quem
1484 2491 1588 2529 maj0r
1602 2496 1630 2520 et
1649 2492 1761 2522 sanior
1776 2502 1852 2531 pars
1869 2494 2006 2532 capituli
2023 2498 2229 2533 conveniret;

1226 2547 1438 2580 procuratore
1455 2543 1557 2581 partis
1574 2543 1711 2574 alterius
1735 2545 1770 2574 in
1791 2547 1993 2576 contrarium
2013 2550 2232 2587 respondente

1227 2595 1325 2633 quod,
1344 2604 1417 2625 cum
1435 2596 1542 2625 dictus
1557 2593 1736 2634 Amelius³,
1758 2598 1930 2629 electionis
1948 2605 2102 2639 tempore,
2120 2603 2155 2632 in
2172 2605 2234 2634 Le-

1226 2648 1408 2678 movicensi
1419 2649 1558 2679 ecclesia
1571 2650 1625 2688 jus
1637 2651 1789 2681 canonici
1804 2661 1870 2682 non
1883 2652 2031 2689 haberet,
2049 2660 2079 2685 et
2095 2657 2235 2694 predicti

1227 2703 1266 2730 A.
1286 2706 1317 2731 et
1334 2702 1378 2735 S„
1398 2702 1498 2731 etiam
1515 2703 1544 2732 si
1563 2708 1672 2733 essent
1690 2705 1853 2740 canonici,
1874 2706 1966 2736 nullo
1982 2708 2076 2738 modo
2093 2709 2132 2738 ad
2149 2710 2234 2741 elec-

1261 2800 1280 2823 1.
1299 2800 1336 2823 Ici
1354 2807 1359 2823 :
1377 2802 1527 2829 Clodoadi,·
1544 2802 1605 2831 plus
1621 2803 1677 2825 loin
1695 2810 1700 2826 τ
1719 2805 1882 2828 Clodoaudi.

1259 2844 1281 2867 ⁶2.
1297 2844 1316 2867 11
1333 2851 1450 2875 manque
1467 2846 1535 2868 dans
1552 2850 1623 2869 cette
1638 2847 1736 2877 phrase
1751 2855 1789 2871 un
1806 2855 1842 2872 ou
1859 2850 1997 2879 plusieurs
2015 2856 2094 2878 mots.
2111 2855 2235 2884 comple-

1229 2893 1302 2912 ment
1319 2889 1353 2913 de
1367 2898 1381 2912 α
1397 2890 1523 2914 obtinere
1537 2899 1562 2914 u.

1259 2933 1282 2957 3.
1298 2933 1319 2957 11
1332 2934 1400 2962 faut,
1412 2935 1581 2962 semble-t-il,
1597 2936 1752 2960 construire
1769 2944 1774 2960 :
1792 2946 1803 2959 (ι
1818 2938 1891 2967 quod
1907 2938 1997 2962 dictus
2013 2941 2144 2971 Amettus,
2162 2949 2236 2973 cum,

1228 2977 1371 3001 electionis
1388 2980 1542 3008 tempore...
1557 2987 1570 3001 ι
