<?xml version="1.0" encoding="UTF-8"?>
<!DOCTYPE html PUBLIC "-//W3C//DTD XHTML 1.0 Transitional//EN"
    "http://www.w3.org/TR/xhtml1/DTD/xhtml1-transitional.dtd">
<html xmlns="http://www.w3.org/1999/xhtml" xml:lang="en" lang="en">
 <head>
  <title>
</title>
<meta http-equiv="Content-Type" content="text/html;charset=utf-8" />
  <meta name='ocr-system' content='tesseract 3.04.00' />
  <meta name='ocr-capabilities' content='ocr_page ocr_carea ocr_par ocr_line ocrx_word'/>
</head>
<body>
  <div class='ocr_page' id='page_1' title='image "./lesregistresdegr03cathuoft_0088.png"; bbox 0 0 2553 3526; ppageno 0'>
   <div class='ocr_carea' id='block_1_1' title="bbox 307 285 2406 335">
    <p class='ocr_par' dir='ltr' id='par_1_1' title="bbox 307 285 2406 335">
     <span class='ocr_line' id='line_1_1' title="bbox 307 285 2406 335; baseline -0.011 0"><span class='ocrx_word' id='word_1_1' title='bbox 307 306 361 335; x_wconf 74' lang='lat'>1:35</span> <span class='ocrx_word' id='word_1_2' title='bbox 1034 295 1272 327; x_wconf 71' lang='lat' dir='ltr'>REGisrnes</span> <span class='ocrx_word' id='word_1_3' title='bbox 1296 293 1350 322; x_wconf 79' lang='lat' dir='ltr'>DE</span> <span class='ocrx_word' id='word_1_4' title='bbox 1373 285 1595 321; x_wconf 71' lang='lat' dir='ltr'>GanomE</span> <span class='ocrx_word' id='word_1_5' title='bbox 1620 292 1677 321; x_wconf 78' lang='lat' dir='ltr'>ix.</span> <span class='ocrx_word' id='word_1_6' title='bbox 2352 291 2406 319; x_wconf 72' lang='lat'>156</span> 
     </span>
    </p>
   </div>
   <div class='ocr_carea' id='block_1_2' title="bbox 305 361 1314 547">
    <p class='ocr_par' dir='ltr' id='par_1_2' title="bbox 305 361 1314 547">
     <span class='ocr_line' id='line_1_2' title="bbox 305 361 1314 404; baseline -0.013 -5"><span class='ocrx_word' id='word_1_7' title='bbox 305 372 553 402; x_wconf 66' lang='lat' dir='ltr'>contium-abatur,</span> <span class='ocrx_word' id='word_1_8' title='bbox 571 373 671 404; x_wconf 81' lang='lat' dir='ltr'>utpote</span> <span class='ocrx_word' id='word_1_9' title='bbox 688 369 876 403; x_wconf 75' lang='lat' dir='ltr'>potentiores,</span> <span class='ocrx_word' id='word_1_10' title='bbox 893 375 979 400; x_wconf 83' lang='lat' dir='ltr'>super</span> <span class='ocrx_word' id='word_1_11' title='bbox 992 365 1076 392; x_wconf 77' lang='lat' dir='ltr'>bonis</span> <span class='ocrx_word' id='word_1_12' title='bbox 1089 364 1150 390; x_wconf 85' lang='lat' dir='ltr'>suis</span> <span class='ocrx_word' id='word_1_13' title='bbox 1165 361 1314 395; x_wconf 84' lang='lat' dir='ltr'>multipli-</span> 
     </span>
     <span class='ocr_line' id='line_1_3' title="bbox 305 409 1314 454; baseline -0.013 -6"><span class='ocrx_word' id='word_1_14' title='bbox 305 422 379 448; x_wconf 73' lang='lat' dir='ltr'>citer</span> <span class='ocrx_word' id='word_1_15' title='bbox 392 420 591 454; x_wconf 64' lang='lat' dir='ltr'>aggravabant</span> <span class='ocrx_word' id='word_1_16' title='bbox 604 422 630 444; x_wconf 88' lang='lat' dir='ltr'>et</span> <span class='ocrx_word' id='word_1_17' title='bbox 645 417 851 444; x_wconf 75' lang='lat' dir='ltr'>molestabant.</span> <span class='ocrx_word' id='word_1_18' title='bbox 865 424 930 441; x_wconf 82' lang='lat' dir='ltr'>cum</span> <span class='ocrx_word' id='word_1_19' title='bbox 946 414 1055 440; x_wconf 79' lang='lat' dir='ltr'>eisdem</span> <span class='ocrx_word' id='word_1_20' title='bbox 1071 412 1155 439; x_wconf 78' lang='lat' dir='ltr'>bonis</span> <span class='ocrx_word' id='word_1_21' title='bbox 1169 410 1222 437; x_wconf 86' lang='lat' dir='ltr'>sub</span> <span class='ocrx_word' id='word_1_22' title='bbox 1236 409 1314 436; x_wconf 86' lang='lat' dir='ltr'>beati</span> 
     </span>
     <span class='ocr_line' id='line_1_4' title="bbox 308 456 1314 501; baseline -0.013 -4"><span class='ocrx_word' id='word_1_23' title='bbox 308 470 387 496; x_wconf 82' lang='lat' dir='ltr'>Petri</span> <span class='ocrx_word' id='word_1_24' title='bbox 405 474 431 495; x_wconf 86' lang='lat' dir='ltr'>et</span> <span class='ocrx_word' id='word_1_25' title='bbox 449 477 499 495; x_wconf 88' lang='lat' dir='ltr'>sua</span> <span class='ocrx_word' id='word_1_26' title='bbox 515 467 695 501; x_wconf 67' lang='lat' dir='ltr'>protectione</span> <span class='ocrx_word' id='word_1_27' title='bbox 712 465 846 498; x_wconf 76' lang='lat' dir='ltr'>suscipit.</span> <span class='ocrx_word' id='word_1_28' title='bbox 866 478 895 481; x_wconf 85' lang='lat'>—-</span> <span class='ocrx_word' id='word_1_29' title='bbox 912 463 999 493; x_wconf 68' lang='lat' dir='ltr'>(nm.</span> <span class='ocrx_word' id='word_1_30' title='bbox 1017 461 1060 488; x_wconf 82' lang='lat'>19.</span> <span class='ocrx_word' id='word_1_31' title='bbox 1079 463 1097 486; x_wconf 83' lang='grc'>1.</span> <span class='ocrx_word' id='word_1_32' title='bbox 1116 460 1163 486; x_wconf 73' lang='lat'>141</span> <span class='ocrx_word' id='word_1_33' title='bbox 1184 456 1257 493; x_wconf 78' lang='lat'><strong>[135]</strong></span> <span class='ocrx_word' id='word_1_34' title='bbox 1275 460 1314 486; x_wconf 63' lang='lat'>1‘02</span> 
     </span>
     <span class='ocr_line' id='line_1_5' title="bbox 306 516 611 547; baseline -0.013 -2"><span class='ocrx_word' id='word_1_35' title='bbox 306 527 376 546; x_wconf 83' lang='lat' dir='ltr'>ann.</span> <span class='ocrx_word' id='word_1_36' title='bbox 394 518 476 547; x_wconf 81' lang='lat' dir='ltr'>XIII.</span> <span class='ocrx_word' id='word_1_37' title='bbox 494 526 518 543; x_wconf 88' lang='lat' dir='ltr'>c.</span> <span class='ocrx_word' id='word_1_38' title='bbox 537 516 611 542; x_wconf 63' lang='lat'>189.)</span> 
     </span>
    </p>
   </div>
   <div class='ocr_carea' id='block_1_3' title="bbox 308 608 1318 754">
    <p class='ocr_par' dir='ltr' id='par_1_3' title="bbox 308 608 1318 754">
     <span class='ocr_line' id='line_1_6' title="bbox 349 608 1315 648; baseline -0.013 0"><span class='ocrx_word' id='word_1_39' title='bbox 349 633 361 645; x_wconf 71' lang='grc'>11</span> <span class='ocrx_word' id='word_1_40' title='bbox 387 620 485 648; x_wconf 65' lang='lat' dir='ltr'>Nobili</span> <span class='ocrx_word' id='word_1_41' title='bbox 506 618 629 646; x_wconf 67' lang='lat' dir='ltr'>uzalim-i</span> <span class='ocrx_word' id='word_1_42' title='bbox 654 615 787 644; x_wconf 73' lang='lat' dir='ltr'>Tarnsir.</span> <span class='ocrx_word' id='word_1_43' title='bbox 807 614 856 643; x_wconf 81' lang='lat' dir='ltr'>Ne</span> <span class='ocrx_word' id='word_1_44' title='bbox 877 612 1036 641; x_wconf 77' lang='lat' dir='ltr'>obruatur</span> <span class='ocrx_word' id='word_1_45' title='bbox 1056 608 1247 638; x_wconf 86' lang='lat' dir='ltr'>innocentia</span> <span class='ocrx_word' id='word_1_46' title='bbox 1266 625 1315 636; x_wconf 89' lang='lat'>-.</span> 
     </span>
     <span class='ocr_line' id='line_1_7' title="bbox 308 660 1318 703; baseline -0.014 -1"><span class='ocrx_word' id='word_1_47' title='bbox 308 674 380 702; x_wconf 90' lang='lat' dir='ltr'>Dat.</span> <span class='ocrx_word' id='word_1_48' title='bbox 410 671 575 701; x_wconf 87' lang='lat' dir='ltr'>Laterani.</span> <span class='ocrx_word' id='word_1_49' title='bbox 602 670 649 698; x_wconf 78' lang='lat' dir='ltr'>XI</span> <span class='ocrx_word' id='word_1_50' title='bbox 678 666 836 697; x_wconf 75' lang='lat' dir='ltr'>kalendas</span> <span class='ocrx_word' id='word_1_51' title='bbox 860 663 1018 703; x_wconf 77' lang='lat' dir='ltr'>januarii,</span> <span class='ocrx_word' id='word_1_52' title='bbox 1049 670 1134 691; x_wconf 89' lang='lat' dir='ltr'>auno</span> <span class='ocrx_word' id='word_1_53' title='bbox 1164 660 1318 690; x_wconf 86' lang='lat' dir='ltr'>tertiode-</span> 
     </span>
     <span class='ocr_line' id='line_1_8' title="bbox 309 726 445 754; baseline -0.022 0"><span class='ocrx_word' id='word_1_54' title='bbox 309 726 405 754; x_wconf 80' lang='lat' dir='ltr'>cimo.</span> <span class='ocrx_word' id='word_1_55' title='bbox 434 736 445 749; x_wconf 87' lang='lat'>»</span> 
     </span>
    </p>
   </div>
   <div class='ocr_carea' id='block_1_4' title="bbox 379 895 501 922">
    <p class='ocr_par' dir='ltr' id='par_1_4' title="bbox 379 895 501 922">
     <span class='ocr_line' id='line_1_9' title="bbox 379 895 501 922; baseline 0.008 -1"><span class='ocrx_word' id='word_1_56' title='bbox 379 895 501 922; x_wconf 74' lang='lat'>50¹4</span> 
     </span>
    </p>
   </div>
   <div class='ocr_carea' id='block_1_5' title="bbox 344 947 1319 991">
    <p class='ocr_par' dir='ltr' id='par_1_5' title="bbox 344 947 1319 991">
     <span class='ocr_line' id='line_1_10' title="bbox 344 947 1319 991; baseline -0.012 -8"><span class='ocrx_word' id='word_1_57' title='bbox 344 957 483 991; x_wconf 75' lang='lat' dir='ltr'>Capitulo</span> <span class='ocrx_word' id='word_1_58' title='bbox 494 954 683 982; x_wconf 82' lang='lat' dir='ltr'>Lascurrensi</span> <span class='ocrx_word' id='word_1_59' title='bbox 698 953 801 979; x_wconf 78' lang='lat' dir='ltr'>scribit</span> <span class='ocrx_word' id='word_1_60' title='bbox 816 952 851 978; x_wconf 82' lang='lat' dir='ltr'>de</span> <span class='ocrx_word' id='word_1_61' title='bbox 865 951 1008 977; x_wconf 76' lang='lat' dir='ltr'>electione</span> <span class='ocrx_word' id='word_1_62' title='bbox 1021 949 1169 975; x_wconf 80' lang='lat' dir='ltr'>celebrata</span> <span class='ocrx_word' id='word_1_63' title='bbox 1180 948 1215 973; x_wconf 86' lang='lat' dir='ltr'>de</span> <span class='ocrx_word' id='word_1_64' title='bbox 1227 947 1319 973; x_wconf 75' lang='lat' dir='ltr'>bonae</span> 
     </span>
    </p>
   </div>
   <div class='ocr_carea' id='block_1_6' title="bbox 807 886 1246 921">
    <p class='ocr_par' dir='ltr' id='par_1_6' title="bbox 807 886 1246 921">
     <span class='ocr_line' id='line_1_11' title="bbox 807 886 1246 921; baseline -0.014 -4"><span class='ocrx_word' id='word_1_65' title='bbox 807 891 927 921; x_wconf 65' lang='lat' dir='ltr'>Latran,</span> <span class='ocrx_word' id='word_1_66' title='bbox 944 890 977 915; x_wconf 71' lang='lat'>23</span> <span class='ocrx_word' id='word_1_67' title='bbox 993 887 1147 914; x_wconf 76' lang='lat' dir='ltr'>decembre</span> <span class='ocrx_word' id='word_1_68' title='bbox 1168 886 1246 912; x_wconf 71' lang='lat'>1239.</span> 
     </span>
    </p>
   </div>
   <div class='ocr_carea' id='block_1_7' title="bbox 308 998 1322 1571">
    <p class='ocr_par' dir='ltr' id='par_1_7' title="bbox 308 998 1322 1571">
     <span class='ocr_line' id='line_1_12' title="bbox 311 998 1319 1037; baseline -0.012 -4"><span class='ocrx_word' id='word_1_69' title='bbox 311 1006 471 1033; x_wconf 72' lang='lat' dir='ltr'>menmriae</span> <span class='ocrx_word' id='word_1_70' title='bbox 485 1004 626 1037; x_wconf 67' lang='lat' dir='ltr'>magistro</span> <span class='ocrx_word' id='word_1_71' title='bbox 639 1001 834 1029; x_wconf 53' lang='lat' dir='ltr'>uuillelmi</span> <span class='ocrx_word' id='word_1_72' title='bbox 851 1001 879 1026; x_wconf 91' lang='grc'>111</span> <span class='ocrx_word' id='word_1_73' title='bbox 895 999 1063 1033; x_wconf 82' lang='lat' dir='ltr'>episcopum</span> <span class='ocrx_word' id='word_1_74' title='bbox 1080 998 1319 1024; x_wconf 82' lang='lat' dir='ltr'>Lascurrensem,</span> 
     </span>
     <span class='ocr_line' id='line_1_13' title="bbox 308 1046 1318 1084; baseline -0.013 -2"><span class='ocrx_word' id='word_1_75' title='bbox 308 1064 325 1082; x_wconf 84' lang='lat' dir='ltr'>a</span> <span class='ocrx_word' id='word_1_76' title='bbox 339 1055 433 1082; x_wconf 80' lang='lat' dir='ltr'>tribus</span> <span class='ocrx_word' id='word_1_77' title='bbox 447 1054 483 1080; x_wconf 81' lang='lat' dir='ltr'>de</span> <span class='ocrx_word' id='word_1_78' title='bbox 497 1061 594 1079; x_wconf 78' lang='lat' dir='ltr'>eorum</span> <span class='ocrx_word' id='word_1_79' title='bbox 611 1051 744 1084; x_wconf 64' lang='lat' dir='ltr'>collegio.</span> <span class='ocrx_word' id='word_1_80' title='bbox 760 1050 789 1076; x_wconf 91' lang='lat' dir='ltr'>in</span> <span class='ocrx_word' id='word_1_81' title='bbox 805 1057 875 1082; x_wconf 83' lang='lat' dir='ltr'>quos</span> <span class='ocrx_word' id='word_1_82' title='bbox 889 1046 1165 1081; x_wconf 80' lang='lat' dir='ltr'>compromiserant.</span> <span class='ocrx_word' id='word_1_83' title='bbox 1182 1060 1215 1061; x_wconf 34' lang='lat' dir='ltr'><em>j</em></span> <span class='ocrx_word' id='word_1_84' title='bbox 1231 1052 1318 1077; x_wconf 85' lang='lat' dir='ltr'>quam</span> 
     </span>
     <span class='ocr_line' id='line_1_14' title="bbox 310 1093 1319 1135; baseline -0.014 -4"><span class='ocrx_word' id='word_1_85' title='bbox 310 1104 484 1131; x_wconf 73' lang='lat' dir='ltr'>electionem</span> <span class='ocrx_word' id='word_1_86' title='bbox 511 1101 751 1135; x_wconf 69' lang='lat' dir='ltr'>archiepiscopus</span> <span class='ocrx_word' id='word_1_87' title='bbox 775 1098 958 1127; x_wconf 75' lang='lat' dir='ltr'>Auxitanus,</span> <span class='ocrx_word' id='word_1_88' title='bbox 984 1096 1039 1122; x_wconf 90' lang='lat' dir='ltr'>loci</span> <span class='ocrx_word' id='word_1_89' title='bbox 1064 1093 1319 1128; x_wconf 76' lang='lat' dir='ltr'>metropolitanus,</span> 
     </span>
     <span class='ocr_line' id='line_1_15' title="bbox 309 1141 1320 1181; baseline -0.015 -1"><span class='ocrx_word' id='word_1_90' title='bbox 309 1156 488 1180; x_wconf 72' lang='lat' dir='ltr'>cassaverat.</span> <span class='ocrx_word' id='word_1_91' title='bbox 501 1167 533 1170; x_wconf 92' lang='lat'>—</span> <span class='ocrx_word' id='word_1_92' title='bbox 546 1160 598 1177; x_wconf 78' lang='lat' dir='ltr'>nec</span> <span class='ocrx_word' id='word_1_93' title='bbox 611 1159 666 1176; x_wconf 82' lang='grc'><strong>11011</strong></span> <span class='ocrx_word' id='word_1_94' title='bbox 680 1150 714 1175; x_wconf 74' lang='grc'><strong>111·</strong></span> <span class='ocrx_word' id='word_1_95' title='bbox 728 1149 858 1181; x_wconf 75' lang='lat' dir='ltr'>hisquae</span> <span class='ocrx_word' id='word_1_96' title='bbox 872 1146 941 1173; x_wconf 83' lang='lat' dir='ltr'>inde</span> <span class='ocrx_word' id='word_1_97' title='bbox 954 1145 1111 1172; x_wconf 78' lang='lat' dir='ltr'>subsecuta</span> <span class='ocrx_word' id='word_1_98' title='bbox 1127 1144 1260 1170; x_wconf 77' lang='lat' dir='ltr'>fuerant:</span> <span class='ocrx_word' id='word_1_99' title='bbox 1279 1141 1320 1167; x_wconf 82' lang='lat' dir='ltr'>eis</span> 
     </span>
     <span class='ocr_line' id='line_1_16' title="bbox 309 1191 1320 1236; baseline -0.014 -8"><span class='ocrx_word' id='word_1_100' title='bbox 309 1202 458 1236; x_wconf 73' lang='lat' dir='ltr'>significat</span> <span class='ocrx_word' id='word_1_101' title='bbox 481 1209 510 1227; x_wconf 87' lang='lat' dir='ltr'>se</span> <span class='ocrx_word' id='word_1_102' title='bbox 533 1199 707 1226; x_wconf 71' lang='lat' dir='ltr'>electionem</span> <span class='ocrx_word' id='word_1_103' title='bbox 729 1197 764 1223; x_wconf 83' lang='lat' dir='ltr'>de</span> <span class='ocrx_word' id='word_1_104' title='bbox 786 1195 949 1222; x_wconf 78' lang='lat' dir='ltr'>Ber-trando</span> <span class='ocrx_word' id='word_1_105' title='bbox 965 1194 1000 1220; x_wconf 78' lang='grc'>119</span> <span class='ocrx_word' id='word_1_106' title='bbox 1018 1194 1151 1220; x_wconf 86' lang='lat' dir='ltr'>Lamota.</span> <span class='ocrx_word' id='word_1_107' title='bbox 1173 1191 1320 1225; x_wconf 76' lang='lat' dir='ltr'>episcopo,</span> 
     </span>
     <span class='ocr_line' id='line_1_17' title="bbox 310 1239 1322 1278; baseline -0.014 0"><span class='ocrx_word' id='word_1_108' title='bbox 310 1255 381 1278; x_wconf 80' lang='lat' dir='ltr'>tunc</span> <span class='ocrx_word' id='word_1_109' title='bbox 405 1249 546 1276; x_wconf 75' lang='lat' dir='ltr'>canonico</span> <span class='ocrx_word' id='word_1_110' title='bbox 569 1247 742 1274; x_wconf 70' lang='lat' dir='ltr'>Vasatensi.</span> <span class='ocrx_word' id='word_1_111' title='bbox 768 1246 796 1271; x_wconf 91' lang='lat' dir='ltr'>in</span> <span class='ocrx_word' id='word_1_112' title='bbox 821 1245 990 1278; x_wconf 74' lang='grc'><strong>91115901111111</strong></span> <span class='ocrx_word' id='word_1_113' title='bbox 1016 1243 1258 1271; x_wconf 79' lang='lat' dir='ltr'>Lascurrensem,</span> <span class='ocrx_word' id='word_1_114' title='bbox 1285 1239 1322 1265; x_wconf 83' lang='lat' dir='ltr'>ab</span> 
     </span>
     <span class='ocr_line' id='line_1_18' title="bbox 310 1290 1322 1331; baseline -0.013 -5"><span class='ocrx_word' id='word_1_115' title='bbox 310 1300 410 1326; x_wconf 82' lang='lat' dir='ltr'>eodem</span> <span class='ocrx_word' id='word_1_116' title='bbox 433 1297 654 1331; x_wconf 72' lang='lat' dir='ltr'>archiepiscopo</span> <span class='ocrx_word' id='word_1_117' title='bbox 674 1296 841 1325; x_wconf 68' lang='lat' dir='ltr'>Auxitano.</span> <span class='ocrx_word' id='word_1_118' title='bbox 865 1294 895 1319; x_wconf 93' lang='lat' dir='ltr'>in</span> <span class='ocrx_word' id='word_1_119' title='bbox 919 1301 1005 1326; x_wconf 75' lang='lat' dir='ltr'>quem</span> <span class='ocrx_word' id='word_1_120' title='bbox 1030 1290 1088 1325; x_wconf 82' lang='lat' dir='ltr'>ipsi</span> <span class='ocrx_word' id='word_1_121' title='bbox 1112 1291 1322 1316; x_wconf 82' lang='lat' dir='ltr'>Lascurrenses</span> 
     </span>
     <span class='ocr_line' id='line_1_19' title="bbox 310 1339 1322 1376; baseline -0.012 -2"><span class='ocrx_word' id='word_1_122' title='bbox 310 1347 445 1374; x_wconf 82' lang='lat' dir='ltr'>canonici</span> <span class='ocrx_word' id='word_1_123' title='bbox 463 1350 530 1372; x_wconf 76' lang='lat' dir='ltr'>vota</span> <span class='ocrx_word' id='word_1_124' title='bbox 546 1354 597 1372; x_wconf 86' lang='lat' dir='ltr'>sua</span> <span class='ocrx_word' id='word_1_125' title='bbox 614 1345 811 1370; x_wconf 80' lang='lat' dir='ltr'>contulerant.</span> <span class='ocrx_word' id='word_1_126' title='bbox 829 1346 926 1376; x_wconf 78' lang='lat' dir='ltr'>postea</span> <span class='ocrx_word' id='word_1_127' title='bbox 944 1342 1063 1371; x_wconf 77' lang='lat' dir='ltr'>factam,</span> <span class='ocrx_word' id='word_1_128' title='bbox 1080 1339 1252 1369; x_wconf 74' lang='lat' dir='ltr'>cassavisse,</span> <span class='ocrx_word' id='word_1_129' title='bbox 1271 1345 1322 1371; x_wconf 83' lang='lat' dir='ltr'>pro</span> 
     </span>
     <span class='ocr_line' id='line_1_20' title="bbox 311 1386 1321 1430; baseline -0.012 -7"><span class='ocrx_word' id='word_1_130' title='bbox 311 1406 343 1423; x_wconf 83' lang='lat' dir='ltr'>co</span> <span class='ocrx_word' id='word_1_131' title='bbox 366 1396 453 1430; x_wconf 82' lang='lat' dir='ltr'>quod,</span> <span class='ocrx_word' id='word_1_132' title='bbox 477 1398 635 1428; x_wconf 85' lang='lat' dir='ltr'>antequam</span> <span class='ocrx_word' id='word_1_133' title='bbox 662 1392 749 1419; x_wconf 86' lang='lat' dir='ltr'>fuerit</span> <span class='ocrx_word' id='word_1_134' title='bbox 772 1391 932 1425; x_wconf 82' lang='lat' dir='ltr'>requisitus</span> <span class='ocrx_word' id='word_1_135' title='bbox 951 1388 1094 1424; x_wconf 83' lang='lat' dir='ltr'>praedicti</span> <span class='ocrx_word' id='word_1_136' title='bbox 1117 1388 1151 1414; x_wconf 85' lang='lat' dir='ltr'>D.</span> <span class='ocrx_word' id='word_1_137' title='bbox 1168 1386 1321 1413; x_wconf 71' lang='lat' dir='ltr'>Wittelmi</span> 
     </span>
     <span class='ocr_line' id='line_1_21' title="bbox 312 1437 1320 1475; baseline -0.011 -4"><span class='ocrx_word' id='word_1_138' title='bbox 312 1445 399 1472; x_wconf 72' lang='lat' dir='ltr'>electi</span> <span class='ocrx_word' id='word_1_139' title='bbox 417 1452 584 1471; x_wconf 75' lang='lat' dir='ltr'>consensus,</span> <span class='ocrx_word' id='word_1_140' title='bbox 603 1451 659 1468; x_wconf 83' lang='grc'><strong>0011</strong></span> <span class='ocrx_word' id='word_1_141' title='bbox 675 1444 831 1475; x_wconf 75' lang='lat' dir='ltr'>potuerant</span> <span class='ocrx_word' id='word_1_142' title='bbox 846 1440 874 1465; x_wconf 92' lang='lat' dir='ltr'>in</span> <span class='ocrx_word' id='word_1_143' title='bbox 890 1439 982 1465; x_wconf 86' lang='lat' dir='ltr'>alium</span> <span class='ocrx_word' id='word_1_144' title='bbox 1000 1441 1069 1464; x_wconf 70' lang='lat' dir='ltr'>vota</span> <span class='ocrx_word' id='word_1_145' title='bbox 1082 1445 1131 1463; x_wconf 85' lang='grc'><strong>51111</strong></span> <span class='ocrx_word' id='word_1_146' title='bbox 1150 1437 1320 1462; x_wconf 68' lang='lat' dir='ltr'>transferre.</span> 
     </span>
     <span class='ocr_line' id='line_1_22' title="bbox 312 1488 768 1525; baseline -0.013 -4"><span class='ocrx_word' id='word_1_147' title='bbox 312 1495 448 1525; x_wconf 65' lang='lat' dir='ltr'>—(l{13c‚.</span> <span class='ocrx_word' id='word_1_148' title='bbox 467 1492 514 1520; x_wconf 79' lang='lat'>19.</span> <span class='ocrx_word' id='word_1_149' title='bbox 537 1488 768 1525; x_wconf 64' lang='lat' dir='ltr'>s.141[135]1·0;</span> 
     </span>
     <span class='ocr_line' id='line_1_23' title="bbox 312 1541 581 1571; baseline -0.011 -2"><span class='ocrx_word' id='word_1_150' title='bbox 312 1552 342 1569; x_wconf 89' lang='lat' dir='ltr'>n.</span> <span class='ocrx_word' id='word_1_151' title='bbox 359 1543 426 1569; x_wconf 72' lang='lat'>2881</span> <span class='ocrx_word' id='word_1_152' title='bbox 444 1546 471 1568; x_wconf 78' lang='lat' dir='ltr'>et</span> <span class='ocrx_word' id='word_1_153' title='bbox 488 1541 581 1571; x_wconf 73' lang='lat'>3765.)</span> 
     </span>
    </p>
   </div>
   <div class='ocr_carea' id='block_1_8' title="bbox 312 1634 1328 2531">
    <p class='ocr_par' dir='ltr' id='par_1_8' title="bbox 312 1634 1328 2531">
     <span class='ocr_line' id='line_1_24' title="bbox 354 1634 1323 1681; baseline -0.012 -7"><span class='ocrx_word' id='word_1_154' title='bbox 354 1657 366 1671; x_wconf 67' lang='grc'>1(</span> <span class='ocrx_word' id='word_1_155' title='bbox 400 1644 539 1681; x_wconf 70' lang='lat' dir='ltr'>Capilulo</span> <span class='ocrx_word' id='word_1_156' title='bbox 567 1642 776 1671; x_wconf 56' lang='lat' dir='ltr'>tamon-ensi.</span> <span class='ocrx_word' id='word_1_157' title='bbox 807 1638 905 1667; x_wconf 76' lang='lat' dir='ltr'>Olim.</span> <span class='ocrx_word' id='word_1_158' title='bbox 936 1637 1074 1667; x_wconf 84' lang='lat' dir='ltr'>ecclesia</span> <span class='ocrx_word' id='word_1_159' title='bbox 1106 1634 1323 1665; x_wconf 80' lang='lat' dir='ltr'>Lascurrensi</span> 
     </span>
     <span class='ocr_line' id='line_1_25' title="bbox 314 1687 1323 1736; baseline -0.011 -9"><span class='ocrx_word' id='word_1_160' title='bbox 314 1703 443 1736; x_wconf 81' lang='lat' dir='ltr'>pastore</span> <span class='ocrx_word' id='word_1_161' title='bbox 468 1701 613 1725; x_wconf 78' lang='lat' dir='ltr'>vacante,</span> <span class='ocrx_word' id='word_1_162' title='bbox 637 1703 705 1723; x_wconf 79' lang='lat' dir='ltr'>vos.</span> <span class='ocrx_word' id='word_1_163' title='bbox 731 1693 843 1722; x_wconf 85' lang='lat' dir='ltr'>habito</span> <span class='ocrx_word' id='word_1_164' title='bbox 867 1700 966 1729; x_wconf 82' lang='lat' dir='ltr'>super</span> <span class='ocrx_word' id='word_1_165' title='bbox 987 1689 1148 1719; x_wconf 82' lang='lat' dir='ltr'>electione</span> <span class='ocrx_word' id='word_1_166' title='bbox 1173 1687 1323 1717; x_wconf 79' lang='lat' dir='ltr'>facienda</span> 
     </span>
     <span class='ocr_line' id='line_1_26' title="bbox 314 1741 1324 1786; baseline -0.012 -5"><span class='ocrx_word' id='word_1_167' title='bbox 314 1756 464 1785; x_wconf 75' lang='lat' dir='ltr'>tractatu,</span> <span class='ocrx_word' id='word_1_168' title='bbox 485 1750 518 1779; x_wconf 90' lang='lat' dir='ltr'>in</span> <span class='ocrx_word' id='word_1_169' title='bbox 542 1754 607 1778; x_wconf 78' lang='lat' dir='ltr'>tres</span> <span class='ocrx_word' id='word_1_170' title='bbox 629 1747 776 1786; x_wconf 85' lang='lat' dir='ltr'>ejusdem</span> <span class='ocrx_word' id='word_1_171' title='bbox 798 1745 936 1775; x_wconf 83' lang='lat' dir='ltr'>ecclesie</span> <span class='ocrx_word' id='word_1_172' title='bbox 955 1744 1132 1773; x_wconf 79' lang='lat' dir='ltr'>canonicos</span> <span class='ocrx_word' id='word_1_173' title='bbox 1153 1742 1209 1780; x_wconf 82' lang='lat' dir='ltr'>qui</span> <span class='ocrx_word' id='word_1_174' title='bbox 1231 1741 1324 1770; x_wconf 72' lang='lat' dir='ltr'>vobis</span> 
     </span>
     <span class='ocr_line' id='line_1_27' title="bbox 312 1794 1325 1842; baseline -0.011 -9"><span class='ocrx_word' id='word_1_175' title='bbox 312 1805 351 1834; x_wconf 88' lang='lat' dir='ltr'>de</span> <span class='ocrx_word' id='word_1_176' title='bbox 371 1808 501 1842; x_wconf 84' lang='lat' dir='ltr'>pastore</span> <span class='ocrx_word' id='word_1_177' title='bbox 524 1802 643 1831; x_wconf 86' lang='lat' dir='ltr'>idoneo</span> <span class='ocrx_word' id='word_1_178' title='bbox 669 1800 889 1838; x_wconf 68' lang='lat' dir='ltr'>providerent,</span> <span class='ocrx_word' id='word_1_179' title='bbox 916 1796 1181 1834; x_wconf 68' lang='lat' dir='ltr'>compromittere</span> <span class='ocrx_word' id='word_1_180' title='bbox 1204 1794 1325 1824; x_wconf 87' lang='lat' dir='ltr'>unani-</span> 
     </span>
     <span class='ocr_line' id='line_1_28' title="bbox 312 1848 1325 1894; baseline -0.011 -8"><span class='ocrx_word' id='word_1_181' title='bbox 312 1858 410 1887; x_wconf 80' lang='lat' dir='ltr'>miter</span> <span class='ocrx_word' id='word_1_182' title='bbox 433 1855 654 1894; x_wconf 84' lang='lat' dir='ltr'>procurastis:</span> <span class='ocrx_word' id='word_1_183' title='bbox 679 1853 748 1892; x_wconf 85' lang='lat' dir='ltr'>qui.</span> <span class='ocrx_word' id='word_1_184' title='bbox 772 1851 953 1881; x_wconf 71' lang='lat' dir='ltr'>deliberato</span> <span class='ocrx_word' id='word_1_185' title='bbox 974 1848 1125 1879; x_wconf 87' lang='lat' dir='ltr'>consilio.</span> <span class='ocrx_word' id='word_1_186' title='bbox 1150 1848 1232 1877; x_wconf 84' lang='grc'><strong>11001·</strong></span> <span class='ocrx_word' id='word_1_187' title='bbox 1256 1856 1325 1876; x_wconf 80' lang='lat' dir='ltr'>me-</span> 
     </span>
     <span class='ocr_line' id='line_1_29' title="bbox 314 1900 1325 1947; baseline -0.012 -7"><span class='ocrx_word' id='word_1_188' title='bbox 314 1911 417 1940; x_wconf 86' lang='lat' dir='ltr'>morie</span> <span class='ocrx_word' id='word_1_189' title='bbox 436 1909 631 1947; x_wconf 78' lang='lat' dir='ltr'>magistrum</span> <span class='ocrx_word' id='word_1_190' title='bbox 654 1908 691 1936; x_wconf 92' lang='lat' dir='ltr'>D.</span> <span class='ocrx_word' id='word_1_191' title='bbox 709 1905 884 1939; x_wconf 69' lang='lat' dir='ltr'>Witlelmi,</span> <span class='ocrx_word' id='word_1_192' title='bbox 905 1909 981 1933; x_wconf 87' lang='lat' dir='ltr'>tunc</span> <span class='ocrx_word' id='word_1_193' title='bbox 1005 1902 1154 1932; x_wconf 89' lang='lat' dir='ltr'>Bononie</span> <span class='ocrx_word' id='word_1_194' title='bbox 1177 1900 1325 1938; x_wconf 83' lang='lat' dir='ltr'>discipli-</span> 
     </span>
     <span class='ocr_line' id='line_1_30' title="bbox 314 1956 1324 1993; baseline -0.011 0"><span class='ocrx_word' id='word_1_195' title='bbox 314 1965 366 1993; x_wconf 88' lang='grc'>015</span> <span class='ocrx_word' id='word_1_196' title='bbox 383 1962 567 1993; x_wconf 78' lang='lat' dir='ltr'>scolasticis</span> <span class='ocrx_word' id='word_1_197' title='bbox 585 1961 809 1990; x_wconf 66' lang='lat' dir='ltr'>insistentem.</span> <span class='ocrx_word' id='word_1_198' title='bbox 828 1959 993 1987; x_wconf 84' lang='lat' dir='ltr'>duxerunt</span> <span class='ocrx_word' id='word_1_199' title='bbox 1010 1957 1043 1985; x_wconf 91' lang='lat' dir='ltr'>in</span> <span class='ocrx_word' id='word_1_200' title='bbox 1066 1956 1324 1985; x_wconf 84' lang='lat' dir='ltr'>Lascurrensem</span> 
     </span>
     <span class='ocr_line' id='line_1_31' title="bbox 314 2009 1322 2055; baseline -0.013 -8"><span class='ocrx_word' id='word_1_201' title='bbox 314 2017 504 2055; x_wconf 88' lang='lat' dir='ltr'>episcopum</span> <span class='ocrx_word' id='word_1_202' title='bbox 522 2014 723 2051; x_wconf 74' lang='lat' dir='ltr'>eligendum.</span> <span class='ocrx_word' id='word_1_203' title='bbox 744 2012 807 2042; x_wconf 58' lang='lat' dir='ltr'>Sed</span> <span class='ocrx_word' id='word_1_204' title='bbox 829 2009 1030 2041; x_wconf 83' lang='lat' dir='ltr'>venerabilis</span> <span class='ocrx_word' id='word_1_205' title='bbox 1051 2009 1153 2037; x_wconf 82' lang='lat' dir='ltr'>frater</span> <span class='ocrx_word' id='word_1_206' title='bbox 1172 2012 1283 2036; x_wconf 83' lang='lat' dir='ltr'>noster</span> <span class='ocrx_word' id='word_1_207' title='bbox 1305 2029 1322 2034; x_wconf 89' lang='lat'>..</span> 
     </span>
     <span class='ocr_line' id='line_1_32' title="bbox 315 2060 1325 2107; baseline -0.011 -8"><span class='ocrx_word' id='word_1_208' title='bbox 315 2069 585 2107; x_wconf 70' lang='lat' dir='ltr'>archiepiscopus</span> <span class='ocrx_word' id='word_1_209' title='bbox 611 2067 809 2097; x_wconf 74' lang='lat' dir='ltr'>Auxitanus‚</span> <span class='ocrx_word' id='word_1_210' title='bbox 840 2062 1114 2100; x_wconf 88' lang='lat' dir='ltr'>metropolitanus</span> <span class='ocrx_word' id='word_1_211' title='bbox 1143 2060 1217 2090; x_wconf 89' lang='lat' dir='ltr'>loci.</span> <span class='ocrx_word' id='word_1_212' title='bbox 1249 2065 1325 2089; x_wconf 84' lang='lat' dir='ltr'>ante</span> 
     </span>
     <span class='ocr_line' id='line_1_33' title="bbox 314 2114 1325 2162; baseline -0.011 -10"><span class='ocrx_word' id='word_1_213' title='bbox 314 2122 514 2162; x_wconf 80' lang='lat' dir='ltr'>requisitum</span> <span class='ocrx_word' id='word_1_214' title='bbox 534 2120 629 2150; x_wconf 85' lang='lat' dir='ltr'>electi</span> <span class='ocrx_word' id='word_1_215' title='bbox 646 2126 846 2148; x_wconf 87' lang='lat' dir='ltr'>consensum</span> <span class='ocrx_word' id='word_1_216' title='bbox 863 2117 903 2145; x_wconf 88' lang='lat' dir='ltr'>ad</span> <span class='ocrx_word' id='word_1_217' title='bbox 917 2115 1090 2145; x_wconf 84' lang='lat' dir='ltr'>ecclesiam</span> <span class='ocrx_word' id='word_1_218' title='bbox 1110 2114 1216 2152; x_wconf 88' lang='lat' dir='ltr'>ipsam</span> <span class='ocrx_word' id='word_1_219' title='bbox 1233 2122 1325 2142; x_wconf 86' lang='lat' dir='ltr'>acce.-</span> 
     </span>
     <span class='ocr_line' id='line_1_34' title="bbox 315 2165 1323 2206; baseline -0.013 0"><span class='ocrx_word' id='word_1_220' title='bbox 315 2177 407 2206; x_wconf 87' lang='lat' dir='ltr'>dens.</span> <span class='ocrx_word' id='word_1_221' title='bbox 427 2180 455 2204; x_wconf 84' lang='lat' dir='ltr'>et</span> <span class='ocrx_word' id='word_1_222' title='bbox 474 2173 611 2204; x_wconf 86' lang='lat' dir='ltr'>eandem</span> <span class='ocrx_word' id='word_1_223' title='bbox 629 2172 825 2202; x_wconf 71' lang='lat' dir='ltr'>electionem</span> <span class='ocrx_word' id='word_1_224' title='bbox 843 2179 878 2200; x_wconf 82' lang='lat' dir='ltr'>ex</span> <span class='ocrx_word' id='word_1_225' title='bbox 896 2178 933 2199; x_wconf 85' lang='lat' dir='ltr'>eo</span> <span class='ocrx_word' id='word_1_226' title='bbox 950 2176 1103 2198; x_wconf 84' lang='lat' dir='ltr'>asserens</span> <span class='ocrx_word' id='word_1_227' title='bbox 1121 2176 1184 2195; x_wconf 87' lang='grc'><strong>11011</strong></span> <span class='ocrx_word' id='word_1_228' title='bbox 1204 2165 1323 2195; x_wconf 79' lang='lat' dir='ltr'>valere.</span> 
     </span>
     <span class='ocr_line' id='line_1_35' title="bbox 314 2219 1324 2268; baseline -0.011 -11"><span class='ocrx_word' id='word_1_229' title='bbox 314 2229 401 2268; x_wconf 81' lang='lat' dir='ltr'>quod</span> <span class='ocrx_word' id='word_1_230' title='bbox 426 2227 603 2257; x_wconf 82' lang='lat' dir='ltr'>canonicos</span> <span class='ocrx_word' id='word_1_231' title='bbox 631 2226 872 2255; x_wconf 83' lang='lat' dir='ltr'>Lascurrenses</span> <span class='ocrx_word' id='word_1_232' title='bbox 898 2232 954 2260; x_wconf 86' lang='lat' dir='ltr'>per</span> <span class='ocrx_word' id='word_1_233' title='bbox 979 2221 1063 2250; x_wconf 86' lang='lat' dir='ltr'>bone</span> <span class='ocrx_word' id='word_1_234' title='bbox 1088 2219 1247 2249; x_wconf 75' lang='lat' dir='ltr'>memorie</span> <span class='ocrx_word' id='word_1_235' title='bbox 1272 2220 1324 2251; x_wconf 77' lang='grc' dir='ltr'>Α,,</span> 
     </span>
     <span class='ocr_line' id='line_1_36' title="bbox 317 2272 1326 2320; baseline -0.013 -8"><span class='ocrx_word' id='word_1_236' title='bbox 317 2283 506 2320; x_wconf 78' lang='lat' dir='ltr'>episcopum</span> <span class='ocrx_word' id='word_1_237' title='bbox 533 2281 802 2311; x_wconf 74' lang='lat' dir='ltr'>Lascurrensern.</span> <span class='ocrx_word' id='word_1_238' title='bbox 826 2276 866 2306; x_wconf 91' lang='lat' dir='ltr'>ob</span> <span class='ocrx_word' id='word_1_239' title='bbox 887 2275 947 2305; x_wconf 87' lang='lat' dir='ltr'>hoc</span> <span class='ocrx_word' id='word_1_240' title='bbox 968 2273 1066 2313; x_wconf 79' lang='lat' dir='ltr'>quod.</span> <span class='ocrx_word' id='word_1_241' title='bbox 1086 2277 1199 2302; x_wconf 88' lang='lat' dir='ltr'>contra</span> <span class='ocrx_word' id='word_1_242' title='bbox 1222 2272 1326 2301; x_wconf 87' lang='lat' dir='ltr'>inter-</span> 
     </span>
     <span class='ocr_line' id='line_1_37' title="bbox 314 2324 1327 2372; baseline -0.013 -6"><span class='ocrx_word' id='word_1_243' title='bbox 314 2337 438 2366; x_wconf 83' lang='lat' dir='ltr'>dictum</span> <span class='ocrx_word' id='word_1_244' title='bbox 462 2334 580 2372; x_wconf 86' lang='lat' dir='ltr'>ipsius.</span> <span class='ocrx_word' id='word_1_245' title='bbox 604 2341 701 2370; x_wconf 81' lang='lat' dir='ltr'>capas</span> <span class='ocrx_word' id='word_1_246' title='bbox 722 2331 760 2360; x_wconf 88' lang='lat' dir='ltr'>de</span> <span class='ocrx_word' id='word_1_247' title='bbox 781 2330 924 2359; x_wconf 88' lang='lat' dir='ltr'>bleueto.</span> <span class='ocrx_word' id='word_1_248' title='bbox 946 2336 1020 2357; x_wconf 88' lang='lat' dir='ltr'>cum</span> <span class='ocrx_word' id='word_1_249' title='bbox 1044 2331 1154 2356; x_wconf 82' lang='lat' dir='ltr'>essent</span> <span class='ocrx_word' id='word_1_250' title='bbox 1175 2324 1327 2355; x_wconf 85' lang='lat' dir='ltr'>canonici</span> 
     </span>
     <span class='ocr_line' id='line_1_38' title="bbox 315 2382 1327 2427; baseline -0.013 -8"><span class='ocrx_word' id='word_1_251' title='bbox 315 2389 497 2427; x_wconf 70' lang='lat' dir='ltr'>regulares,</span> <span class='ocrx_word' id='word_1_252' title='bbox 516 2387 550 2416; x_wconf 89' lang='lat' dir='ltr'>in</span> <span class='ocrx_word' id='word_1_253' title='bbox 573 2385 717 2424; x_wconf 85' lang='lat' dir='ltr'>capitulo</span> <span class='ocrx_word' id='word_1_254' title='bbox 740 2389 771 2413; x_wconf 81' lang='lat' dir='ltr'>et</span> <span class='ocrx_word' id='word_1_255' title='bbox 791 2383 891 2412; x_wconf 87' lang='lat' dir='ltr'>choro</span> <span class='ocrx_word' id='word_1_256' title='bbox 911 2384 1133 2419; x_wconf 80' lang='lat' dir='ltr'>portaverant.</span> <span class='ocrx_word' id='word_1_257' title='bbox 1153 2384 1193 2412; x_wconf 70' lang='lat' dir='ltr'>et.</span> <span class='ocrx_word' id='word_1_258' title='bbox 1213 2382 1327 2407; x_wconf 85' lang='lat' dir='ltr'>contra</span> 
     </span>
     <span class='ocr_line' id='line_1_39' title="bbox 316 2431 1326 2480; baseline -0.011 -10"><span class='ocrx_word' id='word_1_259' title='bbox 316 2440 577 2480; x_wconf 85' lang='lat' dir='ltr'>prohibitionem</span> <span class='ocrx_word' id='word_1_260' title='bbox 601 2437 748 2477; x_wconf 85' lang='lat' dir='ltr'>ejusdem</span> <span class='ocrx_word' id='word_1_261' title='bbox 773 2434 928 2474; x_wconf 82' lang='lat' dir='ltr'>episcopi.</span> <span class='ocrx_word' id='word_1_262' title='bbox 953 2433 1111 2472; x_wconf 86' lang='lat' dir='ltr'>quosdam</span> <span class='ocrx_word' id='word_1_263' title='bbox 1136 2431 1225 2461; x_wconf 81' lang='lat' dir='ltr'>cives</span> <span class='ocrx_word' id='word_1_264' title='bbox 1249 2431 1326 2460; x_wconf 84' lang='lat' dir='ltr'>Las-</span> 
     </span>
     <span class='ocr_line' id='line_1_40' title="bbox 317 2484 1328 2531; baseline -0.013 -7"><span class='ocrx_word' id='word_1_265' title='bbox 317 2502 505 2528; x_wconf 74' lang='lat' dir='ltr'>currenses,</span> <span class='ocrx_word' id='word_1_266' title='bbox 525 2492 581 2531; x_wconf 88' lang='lat' dir='ltr'>qui</span> <span class='ocrx_word' id='word_1_267' title='bbox 598 2490 763 2530; x_wconf 82' lang='lat' dir='ltr'>quendam</span> <span class='ocrx_word' id='word_1_268' title='bbox 784 2487 1043 2518; x_wconf 78' lang='lat' dir='ltr'>concanonicum</span> <span class='ocrx_word' id='word_1_269' title='bbox 1061 2489 1207 2514; x_wconf 80' lang='lat' dir='ltr'>vestrum</span> <span class='ocrx_word' id='word_1_270' title='bbox 1225 2484 1328 2513; x_wconf 88' lang='lat' dir='ltr'>inter-</span> 
     </span>
    </p>
   </div>
   <div class='ocr_carea' id='block_1_9' title="bbox 311 2618 1333 3012">
    <p class='ocr_par' dir='ltr' id='par_1_9' title="bbox 311 2618 1333 3012">
     <span class='ocr_line' id='line_1_41' title="bbox 317 2618 1330 2658; baseline -0.011 -7"><span class='ocrx_word' id='word_1_271' title='bbox 317 2628 432 2658; x_wconf 79' lang='lat' dir='ltr'>quitatis</span> <span class='ocrx_word' id='word_1_272' title='bbox 447 2627 505 2655; x_wconf 74' lang='lat' dir='ltr'>fitii,</span> <span class='ocrx_word' id='word_1_273' title='bbox 520 2626 567 2656; x_wconf 85' lang='lat' dir='ltr'>qui</span> <span class='ocrx_word' id='word_1_274' title='bbox 583 2624 688 2656; x_wconf 88' lang='lat' dir='ltr'>pupillo</span> <span class='ocrx_word' id='word_1_275' title='bbox 703 2630 758 2647; x_wconf 89' lang='lat' dir='ltr'>non</span> <span class='ocrx_word' id='word_1_276' title='bbox 771 2622 906 2652; x_wconf 73' lang='lat' dir='ltr'>iudicant.</span> <span class='ocrx_word' id='word_1_277' title='bbox 920 2628 970 2644; x_wconf 88' lang='lat' dir='ltr'>nec</span> <span class='ocrx_word' id='word_1_278' title='bbox 984 2627 1067 2643; x_wconf 80' lang='grc'><strong>93053</strong></span> <span class='ocrx_word' id='word_1_279' title='bbox 1081 2619 1162 2642; x_wconf 75' lang='lat' dir='ltr'>vidue</span> <span class='ocrx_word' id='word_1_280' title='bbox 1175 2618 1330 2648; x_wconf 83' lang='lat' dir='ltr'>ingreditur</span> 
     </span>
     <span class='ocr_line' id='line_1_42' title="bbox 322 2663 1330 2699; baseline -0.011 -4"><span class='ocrx_word' id='word_1_281' title='bbox 322 2672 354 2696; x_wconf 79' lang='lat' dir='ltr'>ad</span> <span class='ocrx_word' id='word_1_282' title='bbox 373 2672 484 2695; x_wconf 84' lang='lat' dir='ltr'>eosdem</span> <span class='ocrx_word' id='word_1_283' title='bbox 501 2679 512 2692; x_wconf 80' lang='grc'>11</span> <span class='ocrx_word' id='word_1_284' title='bbox 529 2671 573 2699; x_wconf 83' lang='lat' dir='ltr'>(cs.</span> <span class='ocrx_word' id='word_1_285' title='bbox 591 2669 645 2692; x_wconf 71' lang='lat' dir='ltr'>IsA.</span> <span class='ocrx_word' id='word_1_286' title='bbox 663 2669 689 2697; x_wconf 89' lang='lat'>1,</span> <span class='ocrx_word' id='word_1_287' title='bbox 703 2668 756 2697; x_wconf 62' lang='lat'>23).</span> <span class='ocrx_word' id='word_1_288' title='bbox 779 2670 804 2690; x_wconf 88' lang='lat' dir='ltr'>ct</span> <span class='ocrx_word' id='word_1_289' title='bbox 824 2675 835 2688; x_wconf 83' lang='grc'>11</span> <span class='ocrx_word' id='word_1_290' title='bbox 852 2672 915 2693; x_wconf 78' lang='lat' dir='ltr'>nos,</span> <span class='ocrx_word' id='word_1_291' title='bbox 932 2664 977 2695; x_wconf 88' lang='lat' dir='ltr'>qui</span> <span class='ocrx_word' id='word_1_292' title='bbox 994 2667 1085 2694; x_wconf 83' lang='lat' dir='ltr'>patres</span> <span class='ocrx_word' id='word_1_293' title='bbox 1102 2663 1288 2693; x_wconf 85' lang='lat' dir='ltr'>orphanorum</span> <span class='ocrx_word' id='word_1_294' title='bbox 1304 2665 1330 2684; x_wconf 87' lang='lat' dir='ltr'>et</span> 
     </span>
     <span class='ocr_line' id='line_1_43' title="bbox 319 2707 1330 2745; baseline -0.012 -5"><span class='ocrx_word' id='word_1_295' title='bbox 319 2717 466 2741; x_wconf 80' lang='lat' dir='ltr'>viduarum</span> <span class='ocrx_word' id='word_1_296' title='bbox 480 2715 588 2745; x_wconf 82' lang='lat' dir='ltr'>judices</span> <span class='ocrx_word' id='word_1_297' title='bbox 602 2720 697 2736; x_wconf 88' lang='lat' dir='ltr'>sumus</span> <span class='ocrx_word' id='word_1_298' title='bbox 712 2721 723 2734; x_wconf 78' lang='grc'>1)</span> <span class='ocrx_word' id='word_1_299' title='bbox 737 2712 783 2738; x_wconf 83' lang='lat' dir='ltr'>(cs.</span> <span class='ocrx_word' id='word_1_300' title='bbox 796 2711 844 2734; x_wconf 69' lang='grc' dir='ltr'>ΡΞ.</span> <span class='ocrx_word' id='word_1_301' title='bbox 856 2709 968 2738; x_wconf 79' lang='lat' dir='ltr'>valt,</span> <span class='ocrx_word' id='word_1_302' title='bbox 979 2709 1012 2736; x_wconf 83' lang='lat'>6).</span> <span class='ocrx_word' id='word_1_303' title='bbox 1027 2708 1066 2731; x_wconf 90' lang='lat' dir='ltr'>De</span> <span class='ocrx_word' id='word_1_304' title='bbox 1077 2714 1123 2731; x_wconf 85' lang='lat' dir='ltr'>ces</span> <span class='ocrx_word' id='word_1_305' title='bbox 1135 2707 1330 2737; x_wconf 80' lang='lat' dir='ltr'>expressions:</span> 
     </span>
     <span class='ocr_line' id='line_1_44' title="bbox 316 2753 1331 2792; baseline -0.013 -8"><span class='ocrx_word' id='word_1_306' title='bbox 316 2771 327 2784; x_wconf 87' lang='lat'>«</span> <span class='ocrx_word' id='word_1_307' title='bbox 345 2762 391 2792; x_wconf 90' lang='lat' dir='ltr'>qui</span> <span class='ocrx_word' id='word_1_308' title='bbox 412 2760 516 2791; x_wconf 88' lang='lat' dir='ltr'>pupillo</span> <span class='ocrx_word' id='word_1_309' title='bbox 533 2765 588 2782; x_wconf 89' lang='grc'>000</span> <span class='ocrx_word' id='word_1_310' title='bbox 609 2757 734 2788; x_wconf 85' lang='lat' dir='ltr'>judicant</span> <span class='ocrx_word' id='word_1_311' title='bbox 752 2764 762 2778; x_wconf 78' lang='grc'>11</span> <span class='ocrx_word' id='word_1_312' title='bbox 780 2759 804 2778; x_wconf 86' lang='lat' dir='ltr'>et</span> <span class='ocrx_word' id='word_1_313' title='bbox 822 2764 834 2777; x_wconf 81' lang='grc'>1(</span> <span class='ocrx_word' id='word_1_314' title='bbox 850 2758 942 2785; x_wconf 84' lang='lat' dir='ltr'>patres</span> <span class='ocrx_word' id='word_1_315' title='bbox 957 2753 1143 2783; x_wconf 80' lang='lat' dir='ltr'>orphanorum</span> <span class='ocrx_word' id='word_1_316' title='bbox 1161 2759 1188 2780; x_wconf 78' lang='grc'>11,</span> <span class='ocrx_word' id='word_1_317' title='bbox 1209 2757 1245 2774; x_wconf 89' lang='grc'>00</span> <span class='ocrx_word' id='word_1_318' title='bbox 1266 2753 1331 2780; x_wconf 72' lang='lat' dir='ltr'>peut</span> 
     </span>
     <span class='ocr_line' id='line_1_45' title="bbox 321 2794 1333 2836; baseline -0.013 -7"><span class='ocrx_word' id='word_1_319' title='bbox 321 2806 474 2836; x_wconf 80' lang='lat' dir='ltr'>egalement</span> <span class='ocrx_word' id='word_1_320' title='bbox 482 2804 593 2828; x_wconf 64' lang='lat' dir='ltr'>»inserer</span> <span class='ocrx_word' id='word_1_321' title='bbox 609 2809 662 2832; x_wconf 86' lang='lat' dir='ltr'>que</span> <span class='ocrx_word' id='word_1_322' title='bbox 677 2801 702 2824; x_wconf 76' lang='lat' dir='ltr'>la</span> <span class='ocrx_word' id='word_1_323' title='bbox 718 2807 805 2824; x_wconf 72' lang='lat' dir='ltr'>venre</span> <span class='ocrx_word' id='word_1_324' title='bbox 821 2799 837 2823; x_wconf 73' lang='grc' dir='ltr'>ὲ,</span> <span class='ocrx_word' id='word_1_325' title='bbox 851 2800 897 2829; x_wconf 90' lang='lat' dir='ltr'>qui</span> <span class='ocrx_word' id='word_1_326' title='bbox 914 2799 939 2821; x_wconf 83' lang='lat' dir='ltr'>la</span> <span class='ocrx_word' id='word_1_327' title='bbox 953 2798 1033 2821; x_wconf 87' lang='lat' dir='ltr'>lettre</span> <span class='ocrx_word' id='word_1_328' title='bbox 1048 2800 1089 2820; x_wconf 86' lang='lat' dir='ltr'>cst</span> <span class='ocrx_word' id='word_1_329' title='bbox 1103 2795 1243 2823; x_wconf 78' lang='lat' dir='ltr'>adressee,</span> <span class='ocrx_word' id='word_1_330' title='bbox 1259 2794 1333 2817; x_wconf 80' lang='lat' dir='ltr'>avait</span> 
     </span>
     <span class='ocr_line' id='line_1_46' title="bbox 316 2838 1333 2879; baseline -0.014 -5"><span class='ocrx_word' id='word_1_331' title='bbox 316 2857 354 2874; x_wconf 91' lang='lat' dir='ltr'>un</span> <span class='ocrx_word' id='word_1_332' title='bbox 372 2856 407 2873; x_wconf 91' lang='lat' dir='ltr'>ou</span> <span class='ocrx_word' id='word_1_333' title='bbox 424 2848 564 2879; x_wconf 79' lang='lat' dir='ltr'>plusieurs</span> <span class='ocrx_word' id='word_1_334' title='bbox 580 2847 688 2870; x_wconf 78' lang='lat' dir='ltr'>ensants</span> <span class='ocrx_word' id='word_1_335' title='bbox 705 2851 738 2868; x_wconf 88' lang='grc'>90</span> <span class='ocrx_word' id='word_1_336' title='bbox 755 2845 802 2867; x_wconf 82' lang='lat' dir='ltr'>bas</span> <span class='ocrx_word' id='word_1_337' title='bbox 816 2844 888 2873; x_wconf 66' lang='lat' dir='ltr'>lage3</span> <span class='ocrx_word' id='word_1_338' title='bbox 910 2842 978 2865; x_wconf 83' lang='lat' dir='ltr'>dans</span> <span class='ocrx_word' id='word_1_339' title='bbox 1000 2848 1030 2864; x_wconf 87' lang='lat' dir='ltr'>ce</span> <span class='ocrx_word' id='word_1_340' title='bbox 1051 2848 1111 2868; x_wconf 86' lang='lat' dir='ltr'>cas,</span> <span class='ocrx_word' id='word_1_341' title='bbox 1132 2840 1150 2863; x_wconf 90' lang='lat' dir='ltr'>il</span> <span class='ocrx_word' id='word_1_342' title='bbox 1171 2846 1205 2862; x_wconf 90' lang='lat' dir='ltr'>ne</span> <span class='ocrx_word' id='word_1_343' title='bbox 1225 2838 1333 2862; x_wconf 80' lang='lat' dir='ltr'>saurait</span> 
     </span>
     <span class='ocr_line' id='line_1_47' title="bbox 311 2883 1331 2926; baseline -0.014 -7"><span class='ocrx_word' id='word_1_344' title='bbox 311 2895 396 2926; x_wconf 80' lang='lat' dir='ltr'>s&#39;agir</span> <span class='ocrx_word' id='word_1_345' title='bbox 413 2894 447 2917; x_wconf 90' lang='lat' dir='ltr'>ici</span> <span class='ocrx_word' id='word_1_346' title='bbox 466 2893 500 2916; x_wconf 85' lang='lat' dir='ltr'>de</span> <span class='ocrx_word' id='word_1_347' title='bbox 516 2892 589 2915; x_wconf 76' lang='lat' dir='ltr'>dona</span> <span class='ocrx_word' id='word_1_348' title='bbox 604 2889 734 2918; x_wconf 48' lang='lat' dir='ltr'>Themiso,</span> <span class='ocrx_word' id='word_1_349' title='bbox 751 2889 805 2912; x_wconf 86' lang='lat' dir='ltr'>fille</span> <span class='ocrx_word' id='word_1_350' title='bbox 821 2888 854 2911; x_wconf 91' lang='lat' dir='ltr'>de</span> <span class='ocrx_word' id='word_1_351' title='bbox 872 2887 995 2915; x_wconf 70' lang='lat' dir='ltr'>sanctie,</span> <span class='ocrx_word' id='word_1_352' title='bbox 1010 2886 1051 2909; x_wconf 86' lang='lat' dir='ltr'>roi</span> <span class='ocrx_word' id='word_1_353' title='bbox 1068 2886 1101 2908; x_wconf 85' lang='lat' dir='ltr'>de</span> <span class='ocrx_word' id='word_1_354' title='bbox 1118 2884 1265 2914; x_wconf 81' lang='lat' dir='ltr'>Portugal,</span> <span class='ocrx_word' id='word_1_355' title='bbox 1283 2883 1331 2913; x_wconf 89' lang='lat' dir='ltr'>qui</span> 
     </span>
     <span class='ocr_line' id='line_1_48' title="bbox 317 2929 1333 2968; baseline -0.013 -5"><span class='ocrx_word' id='word_1_356' title='bbox 317 2940 392 2964; x_wconf 83' lang='lat' dir='ltr'>avait</span> <span class='ocrx_word' id='word_1_357' title='bbox 408 2936 511 2968; x_wconf 74' lang='lat' dir='ltr'>epouse</span> <span class='ocrx_word' id='word_1_358' title='bbox 529 2936 643 2960; x_wconf 80' lang='lat' dir='ltr'>Alsonse</span> <span class='ocrx_word' id='word_1_359' title='bbox 660 2934 707 2963; x_wconf 83' lang='lat' dir='ltr'>tx,</span> <span class='ocrx_word' id='word_1_360' title='bbox 724 2934 764 2957; x_wconf 90' lang='lat' dir='ltr'>roi</span> <span class='ocrx_word' id='word_1_361' title='bbox 781 2933 814 2956; x_wconf 83' lang='lat' dir='ltr'>de</span> <span class='ocrx_word' id='word_1_362' title='bbox 831 2931 916 2961; x_wconf 76' lang='lat' dir='ltr'>Leon,</span> <span class='ocrx_word' id='word_1_363' title='bbox 933 2937 983 2954; x_wconf 90' lang='lat' dir='ltr'>son</span> <span class='ocrx_word' id='word_1_364' title='bbox 999 2931 1096 2954; x_wconf 89' lang='lat' dir='ltr'>cousin</span> <span class='ocrx_word' id='word_1_365' title='bbox 1111 2929 1235 2959; x_wconf 78' lang='lat' dir='ltr'>germain</span> <span class='ocrx_word' id='word_1_366' title='bbox 1249 2930 1333 2955; x_wconf 87' lang='lat' dir='ltr'>(mort</span> 
     </span>
     <span class='ocr_line' id='line_1_49' title="bbox 317 2974 1127 3012; baseline -0.014 -4"><span class='ocrx_word' id='word_1_367' title='bbox 317 2991 351 3008; x_wconf 91' lang='lat' dir='ltr'>en</span> <span class='ocrx_word' id='word_1_368' title='bbox 371 2983 449 3012; x_wconf 67' lang='lat'>1230),</span> <span class='ocrx_word' id='word_1_369' title='bbox 466 2984 491 3004; x_wconf 86' lang='lat' dir='ltr'>et</span> <span class='ocrx_word' id='word_1_370' title='bbox 507 2980 574 3004; x_wconf 85' lang='lat' dir='ltr'>dont</span> <span class='ocrx_word' id='word_1_371' title='bbox 590 2980 614 3003; x_wconf 88' lang='grc'>19</span> <span class='ocrx_word' id='word_1_372' title='bbox 631 2979 750 3008; x_wconf 77' lang='lat' dir='ltr'>mariage</span> <span class='ocrx_word' id='word_1_373' title='bbox 766 2977 839 3000; x_wconf 80' lang='lat' dir='ltr'>avait</span> <span class='ocrx_word' id='word_1_374' title='bbox 855 2976 898 3000; x_wconf 74' lang='lat' dir='ltr'>ete</span> <span class='ocrx_word' id='word_1_375' title='bbox 914 2975 990 2999; x_wconf 76' lang='lat' dir='ltr'>casse</span> <span class='ocrx_word' id='word_1_376' title='bbox 1007 2981 1040 2998; x_wconf 88' lang='lat' dir='ltr'>en</span> <span class='ocrx_word' id='word_1_377' title='bbox 1059 2974 1127 2998; x_wconf 64' lang='lat'>1192.</span> 
     </span>
    </p>
   </div>
   <div class='ocr_carea' id='block_1_10' title="bbox 788 1467 1362 1519">
    <p class='ocr_par' dir='ltr' id='par_1_10' title="bbox 788 1467 1362 1519">
     <span class='ocr_line' id='line_1_50' title="bbox 788 1467 1362 1519; baseline -0.016 -4"><span class='ocrx_word' id='word_1_378' title='bbox 788 1497 857 1515; x_wconf 89' lang='lat' dir='ltr'>ann.</span> <span class='ocrx_word' id='word_1_379' title='bbox 878 1488 964 1519; x_wconf 78' lang='lat' dir='ltr'>XIII,</span> <span class='ocrx_word' id='word_1_380' title='bbox 984 1498 1008 1512; x_wconf 84' lang='lat' dir='ltr'>c.</span> <span class='ocrx_word' id='word_1_381' title='bbox 1029 1486 1098 1515; x_wconf 80' lang='lat'>190:</span> <span class='ocrx_word' id='word_1_382' title='bbox 1118 1500 1148 1503; x_wconf 89' lang='lat'>—</span> <span class='ocrx_word' id='word_1_383' title='bbox 1165 1486 1203 1511; x_wconf 81' lang='lat' dir='ltr'>ci.</span> <span class='ocrx_word' id='word_1_384' title='bbox 1221 1491 1321 1516; x_wconf 75' lang='lat' dir='ltr'>snpra,</span> <span class='ocrx_word' id='word_1_385' title='bbox 1360 1467 1362 1487; x_wconf 50' lang='grc' dir='ltr'>ἓ</span> 
     </span>
    </p>
   </div>
   <div class='ocr_carea' id='block_1_11' title="bbox 1356 644 1373 2749">
    <p class='ocr_par' dir='ltr' id='par_1_11' title="bbox 1356 644 1373 2749">
     <span class='ocr_line' id='line_1_51' title="bbox 1356 644 1373 2749; baseline 0 0"><span class='ocrx_word' id='word_1_386' title='bbox 1356 644 1373 2749; x_wconf 95' lang='lat' dir='ltr'> </span> 
     </span>
    </p>
   </div>
   <div class='ocr_carea' id='block_1_12' title="bbox 1397 357 2425 1351">
    <p class='ocr_par' dir='ltr' id='par_1_12' title="bbox 1397 357 2425 1351">
     <span class='ocr_line' id='line_1_52' title="bbox 1398 357 2406 396; baseline -0.001 -9"><span class='ocrx_word' id='word_1_387' title='bbox 1398 358 1494 387; x_wconf 78' lang='lat' dir='ltr'>ticet-e</span> <span class='ocrx_word' id='word_1_388' title='bbox 1507 363 1524 393; x_wconf 72' lang='lat'>¹,</span> <span class='ocrx_word' id='word_1_389' title='bbox 1541 363 1570 387; x_wconf 86' lang='lat' dir='ltr'>et</span> <span class='ocrx_word' id='word_1_390' title='bbox 1586 358 1769 388; x_wconf 70' lang='lat' dir='ltr'>servientes</span> <span class='ocrx_word' id='word_1_391' title='bbox 1784 358 1933 396; x_wconf 86' lang='lat' dir='ltr'>ipsorum</span> <span class='ocrx_word' id='word_1_392' title='bbox 1946 366 2056 388; x_wconf 81' lang='lat' dir='ltr'>secum</span> <span class='ocrx_word' id='word_1_393' title='bbox 2076 357 2218 387; x_wconf 87' lang='lat' dir='ltr'>retinere</span> <span class='ocrx_word' id='word_1_394' title='bbox 2234 365 2406 395; x_wconf 88' lang='lat' dir='ltr'>presump-</span> 
     </span>
     <span class='ocr_line' id='line_1_53' title="bbox 1397 410 2407 447; baseline 0 -8"><span class='ocrx_word' id='word_1_395' title='bbox 1397 416 1517 447; x_wconf 76' lang='lat' dir='ltr'>serant..</span> <span class='ocrx_word' id='word_1_396' title='bbox 1535 420 1606 441; x_wconf 87' lang='grc'><strong>9559</strong></span> <span class='ocrx_word' id='word_1_397' title='bbox 1620 411 1752 441; x_wconf 84' lang='lat' dir='ltr'>vinculo</span> <span class='ocrx_word' id='word_1_398' title='bbox 1767 410 2118 441; x_wconf 86' lang='lat' dir='ltr'>excommunicationis</span> <span class='ocrx_word' id='word_1_399' title='bbox 2134 410 2298 444; x_wconf 82' lang='lat' dir='ltr'>astrictos,</span> <span class='ocrx_word' id='word_1_400' title='bbox 2314 410 2407 439; x_wconf 85' lang='lat' dir='ltr'>etsie</span> 
     </span>
     <span class='ocr_line' id='line_1_54' title="bbox 1397 463 2405 501; baseline -0.001 -8"><span class='ocrx_word' id='word_1_401' title='bbox 1397 463 1516 501; x_wconf 75' lang='lat' dir='ltr'>ligatos</span> <span class='ocrx_word' id='word_1_402' title='bbox 1529 464 1723 494; x_wconf 82' lang='lat' dir='ltr'>electionem</span> <span class='ocrx_word' id='word_1_403' title='bbox 1739 464 1867 494; x_wconf 84' lang='lat' dir='ltr'>dicebat</span> <span class='ocrx_word' id='word_1_404' title='bbox 1880 464 2065 494; x_wconf 80' lang='lat' dir='ltr'>celebrasse</span> <span class='ocrx_word' id='word_1_405' title='bbox 2080 463 2271 501; x_wconf 85' lang='lat' dir='ltr'>predictam.</span> <span class='ocrx_word' id='word_1_406' title='bbox 2287 463 2405 501; x_wconf 81' lang='lat' dir='ltr'>ipsam,</span> 
     </span>
     <span class='ocr_line' id='line_1_55' title="bbox 1397 515 2408 554; baseline -0.001 -9"><span class='ocrx_word' id='word_1_407' title='bbox 1397 516 1483 546; x_wconf 84' lang='lat' dir='ltr'>dicto</span> <span class='ocrx_word' id='word_1_408' title='bbox 1499 517 1658 552; x_wconf 61' lang='lat' dir='ltr'>magistro</span> <span class='ocrx_word' id='word_1_409' title='bbox 1675 517 1810 546; x_wconf 86' lang='lat' dir='ltr'>absente</span> <span class='ocrx_word' id='word_1_410' title='bbox 1827 522 1858 547; x_wconf 85' lang='lat' dir='ltr'>et</span> <span class='ocrx_word' id='word_1_411' title='bbox 1872 525 1936 545; x_wconf 94' lang='grc'>000</span> <span class='ocrx_word' id='word_1_412' title='bbox 1954 521 2076 546; x_wconf 84' lang='lat' dir='ltr'>vocato.</span> <span class='ocrx_word' id='word_1_413' title='bbox 2091 525 2147 554; x_wconf 91' lang='lat' dir='ltr'>pro</span> <span class='ocrx_word' id='word_1_414' title='bbox 2164 525 2223 545; x_wconf 89' lang='lat' dir='ltr'>sua</span> <span class='ocrx_word' id='word_1_415' title='bbox 2239 515 2408 545; x_wconf 86' lang='lat' dir='ltr'>voluntate</span> 
     </span>
     <span class='ocr_line' id='line_1_56' title="bbox 1399 569 2408 609; baseline -0.001 -10"><span class='ocrx_word' id='word_1_416' title='bbox 1399 571 1553 599; x_wconf 80' lang='lat' dir='ltr'>cassavit.</span> <span class='ocrx_word' id='word_1_417' title='bbox 1575 571 1710 608; x_wconf 80' lang='lat' dir='ltr'>Propter</span> <span class='ocrx_word' id='word_1_418' title='bbox 1728 570 1825 609; x_wconf 81' lang='lat' dir='ltr'>quod.</span> <span class='ocrx_word' id='word_1_419' title='bbox 1847 574 1877 600; x_wconf 86' lang='lat' dir='ltr'>et</span> <span class='ocrx_word' id='word_1_420' title='bbox 1895 579 1934 600; x_wconf 88' lang='grc'>09</span> <span class='ocrx_word' id='word_1_421' title='bbox 1950 579 2006 599; x_wconf 87' lang='lat' dir='ltr'>vos</span> <span class='ocrx_word' id='word_1_422' title='bbox 2023 569 2063 599; x_wconf 87' lang='lat' dir='ltr'>ad</span> <span class='ocrx_word' id='word_1_423' title='bbox 2080 569 2276 599; x_wconf 78' lang='lat' dir='ltr'>electionem</span> <span class='ocrx_word' id='word_1_424' title='bbox 2294 577 2408 607; x_wconf 88' lang='lat' dir='ltr'>proce-</span> 
     </span>
     <span class='ocr_line' id='line_1_57' title="bbox 1399 622 2409 660; baseline -0.001 -9"><span class='ocrx_word' id='word_1_425' title='bbox 1399 622 1521 652; x_wconf 84' lang='lat' dir='ltr'>deretis</span> <span class='ocrx_word' id='word_1_426' title='bbox 1547 623 1696 653; x_wconf 76' lang='lat' dir='ltr'>atterius.</span> <span class='ocrx_word' id='word_1_427' title='bbox 1720 624 1921 653; x_wconf 77' lang='lat' dir='ltr'>Bernartius.</span> <span class='ocrx_word' id='word_1_428' title='bbox 1949 624 2052 652; x_wconf 84' lang='lat' dir='ltr'>frater</span> <span class='ocrx_word' id='word_1_429' title='bbox 2077 623 2156 652; x_wconf 85' lang='lat' dir='ltr'>dicti</span> <span class='ocrx_word' id='word_1_430' title='bbox 2182 622 2344 660; x_wconf 79' lang='lat' dir='ltr'>magistri.</span> <span class='ocrx_word' id='word_1_431' title='bbox 2369 622 2409 651; x_wconf 87' lang='lat' dir='ltr'>ad</span> 
     </span>
     <span class='ocr_line' id='line_1_58' title="bbox 1401 675 2409 714; baseline -0.001 -10"><span class='ocrx_word' id='word_1_432' title='bbox 1401 680 1547 705; x_wconf 89' lang='lat' dir='ltr'>nostram</span> <span class='ocrx_word' id='word_1_433' title='bbox 1565 676 1769 706; x_wconf 87' lang='lat' dir='ltr'>audientiam</span> <span class='ocrx_word' id='word_1_434' title='bbox 1784 676 1970 714; x_wconf 79' lang='lat' dir='ltr'>appellavit.</span> <span class='ocrx_word' id='word_1_435' title='bbox 1986 676 2086 714; x_wconf 83' lang='lat' dir='ltr'>Cujus</span> <span class='ocrx_word' id='word_1_436' title='bbox 2101 675 2321 713; x_wconf 81' lang='lat' dir='ltr'>appellatione</span> <span class='ocrx_word' id='word_1_437' title='bbox 2335 683 2409 703; x_wconf 88' lang='lat' dir='ltr'>con-</span> 
     </span>
     <span class='ocr_line' id='line_1_59' title="bbox 1402 727 2425 767; baseline -0.001 -10"><span class='ocrx_word' id='word_1_438' title='bbox 1402 733 1532 766; x_wconf 71' lang='lat' dir='ltr'>tempta.</span> <span class='ocrx_word' id='word_1_439' title='bbox 1567 729 1659 758; x_wconf 83' lang='lat' dir='ltr'>vobis</span> <span class='ocrx_word' id='word_1_440' title='bbox 1687 733 1882 767; x_wconf 86' lang='lat' dir='ltr'>potestatem</span> <span class='ocrx_word' id='word_1_441' title='bbox 1913 729 2058 766; x_wconf 76' lang='lat' dir='ltr'>eligendi</span> <span class='ocrx_word' id='word_1_442' title='bbox 2087 728 2189 758; x_wconf 86' lang='lat' dir='ltr'>alium</span> <span class='ocrx_word' id='word_1_443' title='bbox 2219 728 2252 756; x_wconf 92' lang='lat' dir='ltr'>in</span> <span class='ocrx_word' id='word_1_444' title='bbox 2285 727 2425 756; x_wconf 68' lang='lat' dir='ltr'>dictum⁴</span> 
     </span>
     <span class='ocr_line' id='line_1_60' title="bbox 1401 780 2411 819; baseline 0 -10"><span class='ocrx_word' id='word_1_445' title='bbox 1401 781 1687 819; x_wconf 56' lang='lat' dir='ltr'>‘tn-chiepiscopum</span> <span class='ocrx_word' id='word_1_446' title='bbox 1712 782 2004 816; x_wconf 70' lang='lat' dir='ltr'>transferentibus,</span> <span class='ocrx_word' id='word_1_447' title='bbox 2030 781 2116 810; x_wconf 89' lang='lat' dir='ltr'>idem</span> <span class='ocrx_word' id='word_1_448' title='bbox 2141 780 2411 818; x_wconf 86' lang='lat' dir='ltr'>archiepiscopus</span> 
     </span>
     <span class='ocr_line' id='line_1_61' title="bbox 1402 833 2410 871; baseline 0 -9"><span class='ocrx_word' id='word_1_449' title='bbox 1402 834 1624 863; x_wconf 80' lang='lat' dir='ltr'>venerabilem</span> <span class='ocrx_word' id='word_1_450' title='bbox 1638 835 1773 864; x_wconf 85' lang='lat' dir='ltr'>fratrem</span> <span class='ocrx_word' id='word_1_451' title='bbox 1787 840 1936 864; x_wconf 87' lang='lat' dir='ltr'>nostrum</span> <span class='ocrx_word' id='word_1_452' title='bbox 1951 858 1970 863; x_wconf 95' lang='lat'>..</span> <span class='ocrx_word' id='word_1_453' title='bbox 1984 834 2196 865; x_wconf 83' lang='lat' dir='ltr'>Olerensem²</span> <span class='ocrx_word' id='word_1_454' title='bbox 2207 833 2410 871; x_wconf 79' lang='lat' dir='ltr'>episcopum,</span> 
     </span>
     <span class='ocr_line' id='line_1_62' title="bbox 1404 887 2412 922; baseline 0 -7"><span class='ocrx_word' id='word_1_455' title='bbox 1404 892 1480 916; x_wconf 82' lang='lat' dir='ltr'>tuuc</span> <span class='ocrx_word' id='word_1_456' title='bbox 1504 887 1775 917; x_wconf 79' lang='lat' dir='ltr'>archidiaconum</span> <span class='ocrx_word' id='word_1_457' title='bbox 1802 888 2066 922; x_wconf 78' lang='lat' dir='ltr'>Atrebatensem,</span> <span class='ocrx_word' id='word_1_458' title='bbox 2092 888 2125 916; x_wconf 89' lang='lat' dir='ltr'>in</span> <span class='ocrx_word' id='word_1_459' title='bbox 2154 888 2412 917; x_wconf 87' lang='lat' dir='ltr'>Lascurrensem</span> 
     </span>
     <span class='ocr_line' id='line_1_63' title="bbox 1403 940 2413 978; baseline 0.001 -10"><span class='ocrx_word' id='word_1_460' title='bbox 1403 940 1493 969; x_wconf 82' lang='lat' dir='ltr'>duxit</span> <span class='ocrx_word' id='word_1_461' title='bbox 1511 940 1699 978; x_wconf 85' lang='lat' dir='ltr'>episcopum</span> <span class='ocrx_word' id='word_1_462' title='bbox 1717 940 1919 978; x_wconf 65' lang='lat' dir='ltr'>eligendum.</span> <span class='ocrx_word' id='word_1_463' title='bbox 1939 941 2010 977; x_wconf 83' lang='lat' dir='ltr'>Quo</span> <span class='ocrx_word' id='word_1_464' title='bbox 2031 940 2186 970; x_wconf 86' lang='lat' dir='ltr'>electioni</span> <span class='ocrx_word' id='word_1_465' title='bbox 2207 940 2246 970; x_wconf 89' lang='lat' dir='ltr'>de</span> <span class='ocrx_word' id='word_1_466' title='bbox 2269 949 2304 970; x_wconf 92' lang='lat' dir='ltr'>se</span> <span class='ocrx_word' id='word_1_467' title='bbox 2327 940 2413 969; x_wconf 82' lang='lat' dir='ltr'>facte</span> 
     </span>
     <span class='ocr_line' id='line_1_64' title="bbox 1404 993 2414 1031; baseline 0 -9"><span class='ocrx_word' id='word_1_468' title='bbox 1404 993 1591 1023; x_wconf 86' lang='lat' dir='ltr'>consentire</span> <span class='ocrx_word' id='word_1_469' title='bbox 1610 994 1742 1031; x_wconf 83' lang='lat' dir='ltr'>penitus</span> <span class='ocrx_word' id='word_1_470' title='bbox 1760 998 1945 1023; x_wconf 81' lang='lat' dir='ltr'>recusante.</span> <span class='ocrx_word' id='word_1_471' title='bbox 1959 993 2045 1023; x_wconf 88' lang='lat' dir='ltr'>idem</span> <span class='ocrx_word' id='word_1_472' title='bbox 2062 993 2231 1030; x_wconf 78' lang='lat' dir='ltr'>magister,</span> <span class='ocrx_word' id='word_1_473' title='bbox 2249 993 2288 1022; x_wconf 90' lang='lat' dir='ltr'>de</span> <span class='ocrx_word' id='word_1_474' title='bbox 2304 993 2414 1022; x_wconf 89' lang='lat' dir='ltr'>Bono-</span> 
     </span>
     <span class='ocr_line' id='line_1_65' title="bbox 1404 1045 2414 1084; baseline 0 -10"><span class='ocrx_word' id='word_1_475' title='bbox 1404 1046 1459 1075; x_wconf 89' lang='lat' dir='ltr'>nia</span> <span class='ocrx_word' id='word_1_476' title='bbox 1479 1046 1622 1076; x_wconf 87' lang='lat' dir='ltr'>rediens.</span> <span class='ocrx_word' id='word_1_477' title='bbox 1641 1051 1671 1075; x_wconf 88' lang='lat' dir='ltr'>et</span> <span class='ocrx_word' id='word_1_478' title='bbox 1693 1046 1948 1084; x_wconf 86' lang='lat' dir='ltr'>appellationem</span> <span class='ocrx_word' id='word_1_479' title='bbox 1966 1056 1983 1075; x_wconf 92' lang='lat' dir='ltr'>a</span> <span class='ocrx_word' id='word_1_480' title='bbox 2002 1047 2088 1076; x_wconf 88' lang='lat' dir='ltr'>dicto</span> <span class='ocrx_word' id='word_1_481' title='bbox 2110 1047 2212 1076; x_wconf 81' lang='lat' dir='ltr'>fratre</span> <span class='ocrx_word' id='word_1_482' title='bbox 2233 1055 2292 1075; x_wconf 89' lang='lat' dir='ltr'>suo</span> <span class='ocrx_word' id='word_1_483' title='bbox 2308 1045 2414 1075; x_wconf 91' lang='lat' dir='ltr'>inter-</span> 
     </span>
     <span class='ocr_line' id='line_1_66' title="bbox 1404 1100 2414 1138; baseline -0.001 -9"><span class='ocrx_word' id='word_1_484' title='bbox 1404 1100 1544 1138; x_wconf 83' lang='lat' dir='ltr'>positam</span> <span class='ocrx_word' id='word_1_485' title='bbox 1567 1105 1670 1129; x_wconf 85' lang='lat' dir='ltr'>ratam</span> <span class='ocrx_word' id='word_1_486' title='bbox 1695 1100 1833 1130; x_wconf 85' lang='lat' dir='ltr'>habens.</span> <span class='ocrx_word' id='word_1_487' title='bbox 1858 1100 1944 1138; x_wconf 86' lang='lat' dir='ltr'>apud</span> <span class='ocrx_word' id='word_1_488' title='bbox 1963 1100 2104 1130; x_wconf 88' lang='lat' dir='ltr'>eundem</span> <span class='ocrx_word' id='word_1_489' title='bbox 2128 1100 2414 1138; x_wconf 87' lang='lat' dir='ltr'>archiepiscopum</span> 
     </span>
     <span class='ocr_line' id='line_1_67' title="bbox 1404 1153 2416 1192; baseline -0.001 -10"><span class='ocrx_word' id='word_1_490' title='bbox 1404 1153 1555 1191; x_wconf 85' lang='lat' dir='ltr'>deposuit</span> <span class='ocrx_word' id='word_1_491' title='bbox 1570 1153 1608 1183; x_wconf 86' lang='lat' dir='ltr'>de</span> <span class='ocrx_word' id='word_1_492' title='bbox 1623 1163 1681 1183; x_wconf 89' lang='lat' dir='ltr'>sua</span> <span class='ocrx_word' id='word_1_493' title='bbox 1698 1153 1858 1183; x_wconf 87' lang='lat' dir='ltr'>electione</span> <span class='ocrx_word' id='word_1_494' title='bbox 1875 1158 2004 1183; x_wconf 81' lang='lat' dir='ltr'>cassata</span> <span class='ocrx_word' id='word_1_495' title='bbox 2020 1153 2199 1192; x_wconf 84' lang='lat' dir='ltr'>querelam.</span> <span class='ocrx_word' id='word_1_496' title='bbox 2215 1153 2333 1189; x_wconf 79' lang='lat' dir='ltr'>Quare,</span> <span class='ocrx_word' id='word_1_497' title='bbox 2349 1153 2416 1182; x_wconf 88' lang='grc'><strong>915-</strong></span> 
     </span>
     <span class='ocr_line' id='line_1_68' title="bbox 1405 1205 2416 1245; baseline 0 -10"><span class='ocrx_word' id='word_1_498' title='bbox 1405 1207 1477 1236; x_wconf 83' lang='lat' dir='ltr'>dem</span> <span class='ocrx_word' id='word_1_499' title='bbox 1494 1207 1653 1244; x_wconf 78' lang='lat' dir='ltr'>magistro</span> <span class='ocrx_word' id='word_1_500' title='bbox 1670 1212 1699 1236; x_wconf 89' lang='lat' dir='ltr'>et</span> <span class='ocrx_word' id='word_1_501' title='bbox 1720 1206 1967 1245; x_wconf 85' lang='lat' dir='ltr'>archiepiscopo</span> <span class='ocrx_word' id='word_1_502' title='bbox 1984 1207 2017 1235; x_wconf 91' lang='lat' dir='ltr'>in</span> <span class='ocrx_word' id='word_1_503' title='bbox 2037 1211 2102 1236; x_wconf 87' lang='lat' dir='ltr'>tres</span> <span class='ocrx_word' id='word_1_504' title='bbox 2120 1207 2208 1236; x_wconf 81' lang='lat' dir='ltr'>viros</span> <span class='ocrx_word' id='word_1_505' title='bbox 2221 1206 2284 1236; x_wconf 85' lang='lat' dir='ltr'>fide</span> <span class='ocrx_word' id='word_1_506' title='bbox 2297 1205 2416 1243; x_wconf 79' lang='lat' dir='ltr'>dignos</span> 
     </span>
     <span class='ocr_line' id='line_1_69' title="bbox 1406 1259 2416 1297; baseline 0.001 -10"><span class='ocrx_word' id='word_1_507' title='bbox 1406 1259 1515 1288; x_wconf 80' lang='lat' dir='ltr'>taliter</span> <span class='ocrx_word' id='word_1_508' title='bbox 1537 1259 1893 1297; x_wconf 74' lang='lat' dir='ltr'>compi-omittentibus.</span> <span class='ocrx_word' id='word_1_509' title='bbox 1920 1264 1964 1295; x_wconf 68' lang='lat' dir='ltr'>ut,</span> <span class='ocrx_word' id='word_1_510' title='bbox 1991 1260 2018 1289; x_wconf 89' lang='lat' dir='ltr'>si</span> <span class='ocrx_word' id='word_1_511' title='bbox 2041 1268 2156 1289; x_wconf 85' lang='lat' dir='ltr'>omnes</span> <span class='ocrx_word' id='word_1_512' title='bbox 2181 1259 2220 1289; x_wconf 87' lang='lat' dir='ltr'>ad</span> <span class='ocrx_word' id='word_1_513' title='bbox 2244 1259 2416 1297; x_wconf 85' lang='lat' dir='ltr'>proferen-</span> 
     </span>
     <span class='ocr_line' id='line_1_70' title="bbox 1405 1312 2417 1351; baseline 0 -10"><span class='ocrx_word' id='word_1_514' title='bbox 1405 1312 1480 1341; x_wconf 88' lang='lat' dir='ltr'>dum</span> <span class='ocrx_word' id='word_1_515' title='bbox 1500 1313 1676 1342; x_wconf 79' lang='lat' dir='ltr'>arbitrium</span> <span class='ocrx_word' id='word_1_516' title='bbox 1693 1313 1793 1342; x_wconf 88' lang='lat' dir='ltr'>simul</span> <span class='ocrx_word' id='word_1_517' title='bbox 1814 1314 1977 1343; x_wconf 83' lang='lat' dir='ltr'>interesse</span> <span class='ocrx_word' id='word_1_518' title='bbox 2001 1322 2065 1343; x_wconf 90' lang='lat' dir='ltr'>non</span> <span class='ocrx_word' id='word_1_519' title='bbox 2084 1317 2231 1351; x_wconf 82' lang='lat' dir='ltr'>possent,</span> <span class='ocrx_word' id='word_1_520' title='bbox 2247 1313 2333 1342; x_wconf 87' lang='lat' dir='ltr'>idem</span> <span class='ocrx_word' id='word_1_521' title='bbox 2352 1312 2417 1342; x_wconf 90' lang='lat' dir='ltr'>duo</span> 
     </span>
    </p>
   </div>
   <div class='ocr_carea' id='block_1_13' title="bbox 1360 1365 2414 1403">
    <p class='ocr_par' dir='ltr' id='par_1_13' title="bbox 1360 1365 2414 1403">
     <span class='ocr_line' id='line_1_71' title="bbox 1360 1365 2414 1403; baseline -0.002 -7"><span class='ocrx_word' id='word_1_522' title='bbox 1360 1386 1362 1396; x_wconf 88' lang='lat'>.</span> <span class='ocrx_word' id='word_1_523' title='bbox 1404 1365 1553 1403; x_wconf 83' lang='lat' dir='ltr'>ipsorum</span> <span class='ocrx_word' id='word_1_524' title='bbox 1585 1366 1731 1403; x_wconf 84' lang='lat' dir='ltr'>proferre</span> <span class='ocrx_word' id='word_1_525' title='bbox 1764 1366 1929 1401; x_wconf 75' lang='lat' dir='ltr'>valerent,</span> <span class='ocrx_word' id='word_1_526' title='bbox 1964 1375 2038 1396; x_wconf 88' lang='lat' dir='ltr'>cum</span> <span class='ocrx_word' id='word_1_527' title='bbox 2071 1367 2159 1396; x_wconf 80' lang='lat' dir='ltr'>duo³</span> <span class='ocrx_word' id='word_1_528' title='bbox 2191 1375 2227 1396; x_wconf 83' lang='lat' dir='ltr'>ex</span> <span class='ocrx_word' id='word_1_529' title='bbox 2261 1365 2414 1400; x_wconf 77' lang='lat' dir='ltr'>arbitris,</span> 
     </span>
    </p>
   </div>
   <div class='ocr_carea' id='block_1_14' title="bbox 1403 1418 2424 2362">
    <p class='ocr_par' dir='ltr' id='par_1_14' title="bbox 1403 1418 2424 2362">
     <span class='ocr_line' id='line_1_72' title="bbox 1403 1418 2416 1458; baseline 0 -11"><span class='ocrx_word' id='word_1_530' title='bbox 1403 1419 1527 1457; x_wconf 82' lang='lat' dir='ltr'>prefixa</span> <span class='ocrx_word' id='word_1_531' title='bbox 1557 1419 1627 1453; x_wconf 88' lang='lat' dir='ltr'>die,</span> <span class='ocrx_word' id='word_1_532' title='bbox 1657 1419 1905 1458; x_wconf 86' lang='lat' dir='ltr'>archiepiscopo</span> <span class='ocrx_word' id='word_1_533' title='bbox 1938 1424 1968 1449; x_wconf 88' lang='lat' dir='ltr'>et</span> <span class='ocrx_word' id='word_1_534' title='bbox 1995 1419 2155 1457; x_wconf 78' lang='lat' dir='ltr'>magistro</span> <span class='ocrx_word' id='word_1_535' title='bbox 2186 1420 2224 1449; x_wconf 93' lang='lat' dir='ltr'>D.</span> <span class='ocrx_word' id='word_1_536' title='bbox 2250 1418 2416 1448; x_wconf 79' lang='lat' dir='ltr'>Witletmi</span> 
     </span>
     <span class='ocr_line' id='line_1_73' title="bbox 1404 1472 2417 1510; baseline 0.002 -10"><span class='ocrx_word' id='word_1_537' title='bbox 1404 1472 1561 1510; x_wconf 86' lang='lat' dir='ltr'>predictis</span> <span class='ocrx_word' id='word_1_538' title='bbox 1588 1473 1809 1510; x_wconf 77' lang='lat' dir='ltr'>presentibus.</span> <span class='ocrx_word' id='word_1_539' title='bbox 1838 1473 1959 1502; x_wconf 83' lang='lat' dir='ltr'>vellent</span> <span class='ocrx_word' id='word_1_540' title='bbox 1985 1473 2024 1502; x_wconf 88' lang='lat' dir='ltr'>ad</span> <span class='ocrx_word' id='word_1_541' title='bbox 2050 1473 2280 1502; x_wconf 84' lang='lat' dir='ltr'>arbitrandum</span> <span class='ocrx_word' id='word_1_542' title='bbox 2303 1481 2417 1510; x_wconf 88' lang='lat' dir='ltr'>proce-</span> 
     </span>
     <span class='ocr_line' id='line_1_74' title="bbox 1405 1525 2418 1564; baseline 0.001 -10"><span class='ocrx_word' id='word_1_543' title='bbox 1405 1525 1493 1559; x_wconf 71' lang='lat' dir='ltr'>dere,</span> <span class='ocrx_word' id='word_1_544' title='bbox 1511 1525 1599 1555; x_wconf 84' lang='lat' dir='ltr'>idem</span> <span class='ocrx_word' id='word_1_545' title='bbox 1620 1526 1788 1563; x_wconf 74' lang='lat' dir='ltr'>magister,</span> <span class='ocrx_word' id='word_1_546' title='bbox 1812 1535 1965 1555; x_wconf 85' lang='lat' dir='ltr'>asserens</span> <span class='ocrx_word' id='word_1_547' title='bbox 1989 1526 2078 1564; x_wconf 88' lang='lat' dir='ltr'>ipsos</span> <span class='ocrx_word' id='word_1_548' title='bbox 2102 1525 2258 1555; x_wconf 78' lang='grc'><strong>511119559</strong></span> <span class='ocrx_word' id='word_1_549' title='bbox 2282 1534 2418 1563; x_wconf 87' lang='lat' dir='ltr'>suspec-</span> 
     </span>
     <span class='ocr_line' id='line_1_75' title="bbox 1407 1578 2419 1618; baseline 0 -10"><span class='ocrx_word' id='word_1_550' title='bbox 1407 1584 1466 1612; x_wconf 77' lang='grc'><strong>105,</strong></span> <span class='ocrx_word' id='word_1_551' title='bbox 1486 1579 1526 1608; x_wconf 87' lang='lat' dir='ltr'>ad</span> <span class='ocrx_word' id='word_1_552' title='bbox 1545 1583 1691 1608; x_wconf 78' lang='lat' dir='ltr'>nostram</span> <span class='ocrx_word' id='word_1_553' title='bbox 1711 1579 1917 1608; x_wconf 87' lang='lat' dir='ltr'>audientiam</span> <span class='ocrx_word' id='word_1_554' title='bbox 1938 1578 2134 1617; x_wconf 82' lang='lat' dir='ltr'>appellavit.;</span> <span class='ocrx_word' id='word_1_555' title='bbox 2157 1579 2251 1618; x_wconf 86' lang='lat' dir='ltr'>cujus</span> <span class='ocrx_word' id='word_1_556' title='bbox 2273 1578 2419 1616; x_wconf 84' lang='lat' dir='ltr'>appella-</span> 
     </span>
     <span class='ocr_line' id='line_1_76' title="bbox 1407 1631 2420 1671; baseline -0.001 -10"><span class='ocrx_word' id='word_1_557' title='bbox 1407 1632 1489 1661; x_wconf 89' lang='lat' dir='ltr'>tioni</span> <span class='ocrx_word' id='word_1_558' title='bbox 1512 1632 1628 1671; x_wconf 74' lang='lat' dir='ltr'>[vobis]</span> <span class='ocrx_word' id='word_1_559' title='bbox 1647 1632 1784 1662; x_wconf 88' lang='lat' dir='ltr'>minime</span> <span class='ocrx_word' id='word_1_560' title='bbox 1806 1631 2034 1662; x_wconf 81' lang='lat' dir='ltr'>deferentibus</span> <span class='ocrx_word' id='word_1_561' title='bbox 2057 1636 2087 1661; x_wconf 85' lang='lat' dir='ltr'>et</span> <span class='ocrx_word' id='word_1_562' title='bbox 2106 1632 2225 1662; x_wconf 87' lang='lat' dir='ltr'>iterato</span> <span class='ocrx_word' id='word_1_563' title='bbox 2244 1632 2420 1662; x_wconf 84' lang='lat' dir='ltr'>conferen-</span> 
     </span>
     <span class='ocr_line' id='line_1_77' title="bbox 1407 1685 2420 1723; baseline 0.001 -10"><span class='ocrx_word' id='word_1_564' title='bbox 1407 1685 1496 1714; x_wconf 85' lang='lat' dir='ltr'>tibus</span> <span class='ocrx_word' id='word_1_565' title='bbox 1521 1685 1555 1713; x_wconf 90' lang='lat' dir='ltr'>in</span> <span class='ocrx_word' id='word_1_566' title='bbox 1588 1686 1750 1722; x_wconf 79' lang='lat' dir='ltr'>prefatum</span> <span class='ocrx_word' id='word_1_567' title='bbox 1781 1685 2068 1723; x_wconf 84' lang='lat' dir='ltr'>archiepiscopum</span> <span class='ocrx_word' id='word_1_568' title='bbox 2100 1690 2174 1714; x_wconf 76' lang='lat' dir='ltr'>vota</span> <span class='ocrx_word' id='word_1_569' title='bbox 2199 1689 2319 1718; x_wconf 77' lang='lat' dir='ltr'>vestra.</span> <span class='ocrx_word' id='word_1_570' title='bbox 2350 1685 2420 1723; x_wconf 89' lang='lat' dir='ltr'>ipse</span> 
     </span>
     <span class='ocr_line' id='line_1_78' title="bbox 1408 1738 2421 1776; baseline -0.002 -7"><span class='ocrx_word' id='word_1_571' title='bbox 1408 1738 1574 1776; x_wconf 81' lang='lat' dir='ltr'>sepedicte</span> <span class='ocrx_word' id='word_1_572' title='bbox 1595 1738 1734 1768; x_wconf 85' lang='lat' dir='ltr'>ecclesie</span> <span class='ocrx_word' id='word_1_573' title='bbox 1756 1738 1981 1768; x_wconf 80' lang='lat' dir='ltr'>venerabilem</span> <span class='ocrx_word' id='word_1_574' title='bbox 2004 1739 2140 1768; x_wconf 81' lang='lat' dir='ltr'>fratrem</span> <span class='ocrx_word' id='word_1_575' title='bbox 2164 1743 2314 1768; x_wconf 85' lang='lat' dir='ltr'>nostrum</span> <span class='ocrx_word' id='word_1_576' title='bbox 2339 1739 2421 1768; x_wconf 88' lang='lat' dir='ltr'>Ber-</span> 
     </span>
     <span class='ocr_line' id='line_1_79' title="bbox 1411 1790 2420 1829; baseline 0.001 -10"><span class='ocrx_word' id='word_1_577' title='bbox 1411 1790 1587 1820; x_wconf 80' lang='lat' dir='ltr'>trandum⁴</span> <span class='ocrx_word' id='word_1_578' title='bbox 1620 1791 1658 1821; x_wconf 86' lang='lat' dir='ltr'>de</span> <span class='ocrx_word' id='word_1_579' title='bbox 1691 1792 1842 1825; x_wconf 71' lang='lat' dir='ltr'>Lamota.</span> <span class='ocrx_word' id='word_1_580' title='bbox 1875 1791 2082 1829; x_wconf 75' lang='lat' dir='ltr'>episcopum,</span> <span class='ocrx_word' id='word_1_581' title='bbox 2117 1795 2193 1820; x_wconf 88' lang='lat' dir='ltr'>tunc</span> <span class='ocrx_word' id='word_1_582' title='bbox 2223 1791 2420 1821; x_wconf 86' lang='lat' dir='ltr'>canonicum</span> 
     </span>
     <span class='ocr_line' id='line_1_80' title="bbox 1407 1844 2420 1882; baseline -0.001 -8"><span class='ocrx_word' id='word_1_583' title='bbox 1407 1846 1638 1874; x_wconf 78' lang='lat' dir='ltr'>Vasatensem.</span> <span class='ocrx_word' id='word_1_584' title='bbox 1658 1845 1693 1873; x_wconf 88' lang='lat' dir='ltr'>in</span> <span class='ocrx_word' id='word_1_585' title='bbox 1717 1849 1881 1882; x_wconf 85' lang='lat' dir='ltr'>pastorem</span> <span class='ocrx_word' id='word_1_586' title='bbox 1905 1844 2059 1882; x_wconf 87' lang='lat' dir='ltr'>providit.</span> <span class='ocrx_word' id='word_1_587' title='bbox 2081 1849 2111 1874; x_wconf 89' lang='lat' dir='ltr'>et</span> <span class='ocrx_word' id='word_1_588' title='bbox 2135 1853 2210 1874; x_wconf 91' lang='lat' dir='ltr'>eum</span> <span class='ocrx_word' id='word_1_589' title='bbox 2232 1844 2364 1874; x_wconf 89' lang='lat' dir='ltr'>demum</span> <span class='ocrx_word' id='word_1_590' title='bbox 2385 1845 2420 1873; x_wconf 87' lang='lat' dir='ltr'>in</span> 
     </span>
     <span class='ocr_line' id='line_1_81' title="bbox 1409 1897 2420 1936; baseline -0.002 -8"><span class='ocrx_word' id='word_1_591' title='bbox 1409 1899 1599 1936; x_wconf 89' lang='lat' dir='ltr'>episcopum</span> <span class='ocrx_word' id='word_1_592' title='bbox 1630 1898 1848 1927; x_wconf 81' lang='lat' dir='ltr'>consecravit.</span> <span class='ocrx_word' id='word_1_593' title='bbox 1874 1899 2009 1932; x_wconf 71' lang='lat' dir='ltr'>Verum.</span> <span class='ocrx_word' id='word_1_594' title='bbox 2039 1907 2113 1927; x_wconf 87' lang='lat' dir='ltr'>cum</span> <span class='ocrx_word' id='word_1_595' title='bbox 2141 1897 2174 1926; x_wconf 90' lang='lat' dir='ltr'>id</span> <span class='ocrx_word' id='word_1_596' title='bbox 2204 1897 2245 1927; x_wconf 87' lang='lat' dir='ltr'>ad</span> <span class='ocrx_word' id='word_1_597' title='bbox 2274 1902 2420 1927; x_wconf 85' lang='lat' dir='ltr'>nostram</span> 
     </span>
     <span class='ocr_line' id='line_1_82' title="bbox 1410 1950 2423 1985; baseline 0 -5"><span class='ocrx_word' id='word_1_598' title='bbox 1410 1951 1527 1980; x_wconf 86' lang='lat' dir='ltr'>fuisset</span> <span class='ocrx_word' id='word_1_599' title='bbox 1541 1951 1758 1980; x_wconf 86' lang='lat' dir='ltr'>audientiam.</span> <span class='ocrx_word' id='word_1_600' title='bbox 1772 1951 2038 1980; x_wconf 87' lang='lat' dir='ltr'>..archidiacono</span> <span class='ocrx_word' id='word_1_601' title='bbox 2050 1950 2156 1980; x_wconf 75' lang='lat' dir='ltr'>Vallis</span> <span class='ocrx_word' id='word_1_602' title='bbox 2168 1951 2423 1985; x_wconf 61' lang='lat' dir='ltr'>Yete1·is⁵‚11as—</span> 
     </span>
     <span class='ocr_line' id='line_1_83' title="bbox 1410 2003 2422 2042; baseline -0.001 -9"><span class='ocrx_word' id='word_1_603' title='bbox 1410 2004 1579 2033; x_wconf 87' lang='lat' dir='ltr'>currensis</span> <span class='ocrx_word' id='word_1_604' title='bbox 1598 2004 1750 2038; x_wconf 75' lang='lat' dir='ltr'>diocesis,</span> <span class='ocrx_word' id='word_1_605' title='bbox 1768 2005 1943 2034; x_wconf 82' lang='lat' dir='ltr'>referente.</span> <span class='ocrx_word' id='word_1_606' title='bbox 1963 2003 2137 2042; x_wconf 71' lang='lat' dir='ltr'>perlatum.</span> <span class='ocrx_word' id='word_1_607' title='bbox 2156 2004 2262 2042; x_wconf 87' lang='lat' dir='ltr'>primo</span> <span class='ocrx_word' id='word_1_608' title='bbox 2281 2027 2300 2032; x_wconf 96' lang='lat'>..</span> <span class='ocrx_word' id='word_1_609' title='bbox 2318 2003 2422 2041; x_wconf 85' lang='lat' dir='ltr'>priori</span> 
     </span>
     <span class='ocr_line' id='line_1_84' title="bbox 1410 2056 2422 2092; baseline 0 -7"><span class='ocrx_word' id='word_1_610' title='bbox 1410 2057 1529 2086; x_wconf 80' lang='lat' dir='ltr'>Sancte</span> <span class='ocrx_word' id='word_1_611' title='bbox 1545 2056 1648 2086; x_wconf 79' lang='lat' dir='ltr'>Marie</span> <span class='ocrx_word' id='word_1_612' title='bbox 1663 2058 1838 2091; x_wconf 77' lang='lat' dir='ltr'>Deam-ate.</span> <span class='ocrx_word' id='word_1_613' title='bbox 1851 2056 2048 2092; x_wconf 71' lang='lat' dir='ltr'>Tliolosane,</span> <span class='ocrx_word' id='word_1_614' title='bbox 2067 2061 2131 2086; x_wconf 82' lang='lat' dir='ltr'>et..</span> <span class='ocrx_word' id='word_1_615' title='bbox 2147 2057 2185 2086; x_wconf 88' lang='lat' dir='ltr'>de</span> <span class='ocrx_word' id='word_1_616' title='bbox 2201 2056 2373 2086; x_wconf 75' lang='lat' dir='ltr'>Levitania</span> <span class='ocrx_word' id='word_1_617' title='bbox 2391 2060 2422 2085; x_wconf 78' lang='lat' dir='ltr'>et</span> 
     </span>
     <span class='ocr_line' id='line_1_85' title="bbox 1410 2109 2419 2148; baseline 0 -10"><span class='ocrx_word' id='word_1_618' title='bbox 1410 2132 1430 2138; x_wconf 93' lang='lat'>..</span> <span class='ocrx_word' id='word_1_619' title='bbox 1459 2109 1707 2148; x_wconf 75' lang='lat' dir='ltr'>Basiliaquensi</span> <span class='ocrx_word' id='word_1_620' title='bbox 1733 2110 1990 2144; x_wconf 59' lang='lat' dir='ltr'>archidiaconist</span> <span class='ocrx_word' id='word_1_621' title='bbox 2019 2110 2212 2139; x_wconf 81' lang='lat' dir='ltr'>Tarviensis</span> <span class='ocrx_word' id='word_1_622' title='bbox 2239 2110 2419 2144; x_wconf 78' lang='lat' dir='ltr'>diocesum,</span> 
     </span>
     <span class='ocr_line' id='line_1_86' title="bbox 1410 2162 2422 2201; baseline 0 -9"><span class='ocrx_word' id='word_1_623' title='bbox 1410 2167 1440 2192; x_wconf 88' lang='lat' dir='ltr'>et</span> <span class='ocrx_word' id='word_1_624' title='bbox 1467 2167 1631 2200; x_wconf 85' lang='lat' dir='ltr'>postremo</span> <span class='ocrx_word' id='word_1_625' title='bbox 1660 2163 1843 2193; x_wconf 83' lang='lat' dir='ltr'>venerabili</span> <span class='ocrx_word' id='word_1_626' title='bbox 1869 2163 1964 2192; x_wconf 84' lang='lat' dir='ltr'>fratri</span> <span class='ocrx_word' id='word_1_627' title='bbox 1988 2168 2100 2193; x_wconf 83' lang='lat' dir='ltr'>nostro</span> <span class='ocrx_word' id='word_1_628' title='bbox 2127 2186 2146 2191; x_wconf 94' lang='lat'>..</span> <span class='ocrx_word' id='word_1_629' title='bbox 2172 2163 2324 2201; x_wconf 87' lang='lat' dir='ltr'>episcopo</span> <span class='ocrx_word' id='word_1_630' title='bbox 2345 2162 2422 2193; x_wconf 92' lang='lat' dir='ltr'>Olo-</span> 
     </span>
     <span class='ocr_line' id='line_1_87' title="bbox 1409 2217 2422 2255; baseline 0 -10"><span class='ocrx_word' id='word_1_631' title='bbox 1409 2217 1499 2246; x_wconf 84' lang='lat' dir='ltr'>rcnsi</span> <span class='ocrx_word' id='word_1_632' title='bbox 1523 2217 1661 2255; x_wconf 79' lang='lat' dir='ltr'>ejusque</span> <span class='ocrx_word' id='word_1_633' title='bbox 1682 2217 1817 2254; x_wconf 71' lang='lat' dir='ltr'>collegis</span> <span class='ocrx_word' id='word_1_634' title='bbox 1841 2217 2020 2255; x_wconf 83' lang='lat' dir='ltr'>apostolico</span> <span class='ocrx_word' id='word_1_635' title='bbox 2045 2217 2167 2255; x_wconf 88' lang='lat' dir='ltr'>scripto</span> <span class='ocrx_word' id='word_1_636' title='bbox 2191 2217 2422 2246; x_wconf 83' lang='lat' dir='ltr'>mandavimus</span> 
     </span>
     <span class='ocr_line' id='line_1_88' title="bbox 1410 2270 2421 2308; baseline 0.001 -10"><span class='ocrx_word' id='word_1_637' title='bbox 1410 2274 1443 2298; x_wconf 88' lang='lat' dir='ltr'>ut</span> <span class='ocrx_word' id='word_1_638' title='bbox 1479 2279 1578 2308; x_wconf 85' lang='lat' dir='ltr'>super</span> <span class='ocrx_word' id='word_1_639' title='bbox 1609 2270 1782 2308; x_wconf 85' lang='lat' dir='ltr'>premissis</span> <span class='ocrx_word' id='word_1_640' title='bbox 1815 2270 1946 2308; x_wconf 89' lang='lat' dir='ltr'>plenius</span> <span class='ocrx_word' id='word_1_641' title='bbox 1984 2270 2158 2300; x_wconf 78' lang='lat' dir='ltr'>veritatem</span> <span class='ocrx_word' id='word_1_642' title='bbox 2194 2270 2421 2308; x_wconf 79' lang='lat' dir='ltr'>inquirerent.</span> 
     </span>
     <span class='ocr_line' id='line_1_89' title="bbox 1411 2323 2424 2362; baseline 0 -10"><span class='ocrx_word' id='word_1_643' title='bbox 1411 2328 1440 2352; x_wconf 86' lang='lat' dir='ltr'>et</span> <span class='ocrx_word' id='word_1_644' title='bbox 1466 2323 1661 2362; x_wconf 81' lang='lat' dir='ltr'>inventa[m]</span> <span class='ocrx_word' id='word_1_645' title='bbox 1687 2323 1783 2353; x_wconf 86' lang='lat' dir='ltr'>nobis</span> <span class='ocrx_word' id='word_1_646' title='bbox 1808 2323 1950 2353; x_wconf 83' lang='lat' dir='ltr'>fideliter</span> <span class='ocrx_word' id='word_1_647' title='bbox 1978 2323 2184 2353; x_wconf 84' lang='lat' dir='ltr'>intimarent.</span> <span class='ocrx_word' id='word_1_648' title='bbox 2212 2323 2318 2353; x_wconf 90' lang='lat' dir='ltr'>Iidem</span> <span class='ocrx_word' id='word_1_649' title='bbox 2346 2332 2424 2353; x_wconf 91' lang='lat' dir='ltr'>vero</span> 
     </span>
    </p>
   </div>
   <div class='ocr_carea' id='block_1_15' title="bbox 1411 2435 2428 2995">
    <p class='ocr_par' dir='ltr' id='par_1_15' title="bbox 1411 2435 2426 2600">
     <span class='ocr_line' id='line_1_90' title="bbox 1444 2435 2424 2466; baseline 0 -7"><span class='ocrx_word' id='word_1_650' title='bbox 1444 2437 1464 2460; x_wconf 86' lang='lat'>1.</span> <span class='ocrx_word' id='word_1_651' title='bbox 1482 2436 1501 2459; x_wconf 91' lang='lat' dir='ltr'>ll</span> <span class='ocrx_word' id='word_1_652' title='bbox 1517 2437 1576 2459; x_wconf 78' lang='lat' dir='ltr'>saut</span> <span class='ocrx_word' id='word_1_653' title='bbox 1592 2443 1628 2459; x_wconf 91' lang='lat' dir='ltr'>ou</span> <span class='ocrx_word' id='word_1_654' title='bbox 1644 2442 1782 2466; x_wconf 86' lang='lat' dir='ltr'>supposer</span> <span class='ocrx_word' id='word_1_655' title='bbox 1797 2443 1851 2459; x_wconf 85' lang='lat' dir='ltr'>une</span> <span class='ocrx_word' id='word_1_656' title='bbox 1866 2436 1965 2459; x_wconf 79' lang='lat' dir='ltr'>lacune</span> <span class='ocrx_word' id='word_1_657' title='bbox 1980 2435 2049 2459; x_wconf 81' lang='lat' dir='ltr'>dans</span> <span class='ocrx_word' id='word_1_658' title='bbox 2065 2438 2136 2459; x_wconf 84' lang='lat' dir='ltr'>cette</span> <span class='ocrx_word' id='word_1_659' title='bbox 2153 2435 2260 2465; x_wconf 75' lang='lat' dir='ltr'>phrase.</span> <span class='ocrx_word' id='word_1_660' title='bbox 2275 2443 2311 2459; x_wconf 91' lang='lat' dir='ltr'>ou</span> <span class='ocrx_word' id='word_1_661' title='bbox 2326 2439 2424 2459; x_wconf 77' lang='lat' dir='ltr'>enten-</span> 
     </span>
     <span class='ocr_line' id='line_1_91' title="bbox 1411 2480 2425 2510; baseline 0 -7"><span class='ocrx_word' id='word_1_662' title='bbox 1411 2480 1460 2504; x_wconf 88' lang='lat' dir='ltr'>dre</span> <span class='ocrx_word' id='word_1_663' title='bbox 1476 2487 1482 2504; x_wconf 88' lang='grc'>;</span> <span class='ocrx_word' id='word_1_664' title='bbox 1501 2489 1512 2502; x_wconf 94' lang='lat'>«</span> <span class='ocrx_word' id='word_1_665' title='bbox 1529 2482 1564 2503; x_wconf 88' lang='lat' dir='ltr'>ob</span> <span class='ocrx_word' id='word_1_666' title='bbox 1580 2481 1631 2504; x_wconf 87' lang='lat' dir='ltr'>hoc</span> <span class='ocrx_word' id='word_1_667' title='bbox 1648 2480 1722 2510; x_wconf 87' lang='lat' dir='ltr'>quod</span> <span class='ocrx_word' id='word_1_668' title='bbox 1788 2483 2012 2510; x_wconf 84' lang='lat' dir='ltr'>presumpserant</span> <span class='ocrx_word' id='word_1_669' title='bbox 2033 2480 2153 2503; x_wconf 77' lang='lat' dir='ltr'>retinere</span> <span class='ocrx_word' id='word_1_670' title='bbox 2173 2487 2268 2504; x_wconf 86' lang='lat' dir='ltr'>secum</span> <span class='ocrx_word' id='word_1_671' title='bbox 2290 2480 2425 2510; x_wconf 84' lang='lat' dir='ltr'>quosdam</span> 
     </span>
     <span class='ocr_line' id='line_1_92' title="bbox 1411 2524 2426 2555; baseline 0.001 -8"><span class='ocrx_word' id='word_1_672' title='bbox 1411 2526 1486 2548; x_wconf 83' lang='lat' dir='ltr'>cives</span> <span class='ocrx_word' id='word_1_673' title='bbox 1506 2525 1721 2553; x_wconf 83' lang='lat' dir='ltr'>Lascurrenses,</span> <span class='ocrx_word' id='word_1_674' title='bbox 1742 2525 1789 2555; x_wconf 89' lang='lat' dir='ltr'>qui</span> <span class='ocrx_word' id='word_1_675' title='bbox 1809 2524 1946 2554; x_wconf 88' lang='lat' dir='ltr'>quendam</span> <span class='ocrx_word' id='word_1_676' title='bbox 1963 2525 2182 2548; x_wconf 85' lang='lat' dir='ltr'>concanonicum</span> <span class='ocrx_word' id='word_1_677' title='bbox 2199 2528 2321 2548; x_wconf 80' lang='lat' dir='ltr'>vestrum</span> <span class='ocrx_word' id='word_1_678' title='bbox 2337 2525 2426 2548; x_wconf 85' lang='lat' dir='ltr'>inter-</span> 
     </span>
     <span class='ocr_line' id='line_1_93' title="bbox 1412 2568 2164 2600; baseline 0 -8"><span class='ocrx_word' id='word_1_679' title='bbox 1412 2570 1494 2593; x_wconf 82' lang='lat' dir='ltr'>ficere</span> <span class='ocrx_word' id='word_1_680' title='bbox 1512 2568 1770 2600; x_wconf 83' lang='lat' dir='ltr'>[presumpserant].</span> <span class='ocrx_word' id='word_1_681' title='bbox 1788 2573 1815 2592; x_wconf 84' lang='lat' dir='ltr'>et</span> <span class='ocrx_word' id='word_1_682' title='bbox 1830 2570 1984 2592; x_wconf 84' lang='lat' dir='ltr'>servientes</span> <span class='ocrx_word' id='word_1_683' title='bbox 2000 2569 2134 2600; x_wconf 90' lang='lat' dir='ltr'>ipsorum.</span> <span class='ocrx_word' id='word_1_684' title='bbox 2152 2577 2164 2592; x_wconf 81' lang='grc'>11</span> 
     </span>
    </p>

    <p class='ocr_par' dir='ltr' id='par_1_16' title="bbox 1442 2613 2086 2644">
     <span class='ocr_line' id='line_1_94' title="bbox 1442 2613 2086 2644; baseline -0.003 -6"><span class='ocrx_word' id='word_1_685' title='bbox 1442 2614 1466 2638; x_wconf 73' lang='lat'>2.</span> <span class='ocrx_word' id='word_1_686' title='bbox 1482 2616 1540 2641; x_wconf 83' lang='lat' dir='ltr'>Sic,</span> <span class='ocrx_word' id='word_1_687' title='bbox 1555 2613 1570 2636; x_wconf 78' lang='grc'><strong>3</strong></span> <span class='ocrx_word' id='word_1_688' title='bbox 1586 2617 1628 2636; x_wconf 81' lang='lat' dir='ltr'>cct</span> <span class='ocrx_word' id='word_1_689' title='bbox 1645 2613 1770 2642; x_wconf 86' lang='lat' dir='ltr'>endroit;</span> <span class='ocrx_word' id='word_1_690' title='bbox 1788 2614 1850 2644; x_wconf 88' lang='lat' dir='ltr'>plus</span> <span class='ocrx_word' id='word_1_691' title='bbox 1864 2614 1931 2642; x_wconf 86' lang='lat' dir='ltr'>loin,</span> <span class='ocrx_word' id='word_1_692' title='bbox 1948 2615 2086 2637; x_wconf 79' lang='lat' dir='ltr'>Olorensi.</span> 
     </span>
    </p>

    <p class='ocr_par' dir='ltr' id='par_1_17' title="bbox 1413 2657 2426 2823">
     <span class='ocr_line' id='line_1_95' title="bbox 1445 2657 2426 2690; baseline 0.001 -9"><span class='ocrx_word' id='word_1_693' title='bbox 1445 2658 1466 2681; x_wconf 81' lang='lat'>3.</span> <span class='ocrx_word' id='word_1_694' title='bbox 1483 2661 1534 2681; x_wconf 78' lang='lat' dir='ltr'>Ms.</span> <span class='ocrx_word' id='word_1_695' title='bbox 1550 2658 1628 2685; x_wconf 73' lang='grc' dir='ltr'><strong>ς5ε11,</strong></span> <span class='ocrx_word' id='word_1_696' title='bbox 1643 2665 1704 2681; x_wconf 92' lang='lat' dir='ltr'>cum</span> <span class='ocrx_word' id='word_1_697' title='bbox 1719 2657 1784 2681; x_wconf 92' lang='lat' dir='ltr'>duo.</span> <span class='ocrx_word' id='word_1_698' title='bbox 1800 2671 1831 2675; x_wconf 89' lang='lat'><strong>—</strong></span> <span class='ocrx_word' id='word_1_699' title='bbox 1846 2657 1884 2682; x_wconf 82' lang='lat' dir='ltr'>Ce</span> <span class='ocrx_word' id='word_1_700' title='bbox 1899 2659 1946 2681; x_wconf 79' lang='lat' dir='ltr'>sed</span> <span class='ocrx_word' id='word_1_701' title='bbox 1963 2665 1997 2681; x_wconf 86' lang='lat' dir='ltr'>ne</span> <span class='ocrx_word' id='word_1_702' title='bbox 2012 2661 2078 2688; x_wconf 86' lang='lat' dir='ltr'>peut</span> <span class='ocrx_word' id='word_1_703' title='bbox 2091 2658 2176 2688; x_wconf 71' lang='lat' dir='ltr'>gnere</span> <span class='ocrx_word' id='word_1_704' title='bbox 2189 2658 2360 2689; x_wconf 69' lang='lat' dir='ltr'>s&#39;expliqner</span> <span class='ocrx_word' id='word_1_705' title='bbox 2372 2666 2426 2690; x_wconf 88' lang='lat' dir='ltr'>qne</span> 
     </span>
     <span class='ocr_line' id='line_1_96' title="bbox 1413 2703 2425 2734; baseline 0.001 -8"><span class='ocrx_word' id='word_1_706' title='bbox 1413 2704 1436 2727; x_wconf 91' lang='lat' dir='ltr'>si</span> <span class='ocrx_word' id='word_1_707' title='bbox 1452 2703 1506 2726; x_wconf 88' lang='lat' dir='ltr'>l&#39;on</span> <span class='ocrx_word' id='word_1_708' title='bbox 1521 2710 1642 2733; x_wconf 86' lang='lat' dir='ltr'>suppose</span> <span class='ocrx_word' id='word_1_709' title='bbox 1659 2703 1694 2726; x_wconf 89' lang='lat' dir='ltr'>ici</span> <span class='ocrx_word' id='word_1_710' title='bbox 1711 2709 1811 2726; x_wconf 83' lang='lat' dir='ltr'>encore</span> <span class='ocrx_word' id='word_1_711' title='bbox 1827 2709 1881 2725; x_wconf 84' lang='lat' dir='ltr'>une</span> <span class='ocrx_word' id='word_1_712' title='bbox 1897 2703 2004 2726; x_wconf 89' lang='lat' dir='ltr'>lacune.</span> <span class='ocrx_word' id='word_1_713' title='bbox 2019 2715 2051 2719; x_wconf 98' lang='lat'><strong>—</strong></span> <span class='ocrx_word' id='word_1_714' title='bbox 2067 2703 2089 2725; x_wconf 80' lang='lat' dir='ltr'>A</span> <span class='ocrx_word' id='word_1_715' title='bbox 2104 2705 2193 2730; x_wconf 79' lang='lat' dir='ltr'>noter,</span> <span class='ocrx_word' id='word_1_716' title='bbox 2208 2710 2242 2726; x_wconf 85' lang='lat' dir='ltr'>en</span> <span class='ocrx_word' id='word_1_717' title='bbox 2256 2706 2344 2731; x_wconf 85' lang='lat' dir='ltr'>outre,</span> <span class='ocrx_word' id='word_1_718' title='bbox 2361 2710 2425 2734; x_wconf 80' lang='lat' dir='ltr'>que.</span> 
     </span>
     <span class='ocr_line' id='line_1_97' title="bbox 1414 2747 2426 2779; baseline 0 -8"><span class='ocrx_word' id='word_1_719' title='bbox 1414 2749 1547 2779; x_wconf 85' lang='lat' dir='ltr'>quelques</span> <span class='ocrx_word' id='word_1_720' title='bbox 1564 2748 1652 2777; x_wconf 81' lang='lat' dir='ltr'>lignos</span> <span class='ocrx_word' id='word_1_721' title='bbox 1668 2748 1730 2777; x_wconf 88' lang='lat' dir='ltr'>plus</span> <span class='ocrx_word' id='word_1_722' title='bbox 1746 2747 1813 2775; x_wconf 88' lang='grc'><strong>1010,</strong></span> <span class='ocrx_word' id='word_1_723' title='bbox 1828 2750 1909 2770; x_wconf 82' lang='lat' dir='ltr'>avant</span> <span class='ocrx_word' id='word_1_724' title='bbox 1924 2754 1930 2770; x_wconf 94' lang='lat'>:</span> <span class='ocrx_word' id='word_1_725' title='bbox 1945 2754 1956 2768; x_wconf 74' lang='grc' dir='ltr'><strong>α</strong></span> <span class='ocrx_word' id='word_1_726' title='bbox 1971 2747 2083 2770; x_wconf 87' lang='lat' dir='ltr'>minime</span> <span class='ocrx_word' id='word_1_727' title='bbox 2096 2747 2286 2771; x_wconf 78' lang='lat' dir='ltr'>deferentibus</span> <span class='ocrx_word' id='word_1_728' title='bbox 2299 2756 2322 2778; x_wconf 82' lang='grc'>11,</span> <span class='ocrx_word' id='word_1_729' title='bbox 2336 2748 2354 2771; x_wconf 89' lang='grc'>11</span> <span class='ocrx_word' id='word_1_730' title='bbox 2368 2748 2426 2771; x_wconf 74' lang='lat' dir='ltr'>faut</span> 
     </span>
     <span class='ocr_line' id='line_1_98' title="bbox 1414 2793 1648 2823; baseline -0.004 -7"><span class='ocrx_word' id='word_1_731' title='bbox 1414 2793 1544 2823; x_wconf 79' lang='lat' dir='ltr'>suppleer</span> <span class='ocrx_word' id='word_1_732' title='bbox 1560 2794 1648 2815; x_wconf 79' lang='lat' dir='ltr'>vobis.</span> 
     </span>
    </p>

    <p class='ocr_par' dir='ltr' id='par_1_18' title="bbox 1445 2837 1559 2860">
     <span class='ocr_line' id='line_1_99' title="bbox 1445 2837 1559 2860; baseline -0.009 0"><span class='ocrx_word' id='word_1_733' title='bbox 1445 2837 1468 2860; x_wconf 73' lang='grc'>4.</span> <span class='ocrx_word' id='word_1_734' title='bbox 1486 2839 1535 2860; x_wconf 86' lang='lat' dir='ltr'>MS.</span> <span class='ocrx_word' id='word_1_735' title='bbox 1553 2846 1559 2859; x_wconf 72' lang='lat'><em>5</em></span> 
     </span>
    </p>

    <p class='ocr_par' dir='ltr' id='par_1_19' title="bbox 1415 2880 2428 2995">
     <span class='ocr_line' id='line_1_100' title="bbox 1447 2880 2428 2911; baseline -0.001 -6"><span class='ocrx_word' id='word_1_736' title='bbox 1447 2883 1470 2906; x_wconf 86' lang='lat'>5.</span> <span class='ocrx_word' id='word_1_737' title='bbox 1490 2881 1634 2904; x_wconf 73' lang='lat' dir='ltr'>Pcut—etre</span> <span class='ocrx_word' id='word_1_738' title='bbox 1654 2887 1724 2911; x_wconf 85' lang='lat' dir='ltr'>pour</span> <span class='ocrx_word' id='word_1_739' title='bbox 1742 2881 1800 2903; x_wconf 81' lang='lat' dir='ltr'>Vici</span> <span class='ocrx_word' id='word_1_740' title='bbox 1820 2882 1934 2904; x_wconf 80' lang='lat' dir='ltr'>Veteris.</span> <span class='ocrx_word' id='word_1_741' title='bbox 1954 2893 1985 2897; x_wconf 90' lang='lat'><strong>—</strong></span> <span class='ocrx_word' id='word_1_742' title='bbox 2005 2880 2026 2904; x_wconf 89' lang='lat' dir='ltr'>ll</span> <span class='ocrx_word' id='word_1_743' title='bbox 2041 2887 2060 2910; x_wconf 87' lang='lat' dir='ltr'>y</span> <span class='ocrx_word' id='word_1_744' title='bbox 2077 2880 2166 2909; x_wconf 83' lang='lat' dir='ltr'>avait,</span> <span class='ocrx_word' id='word_1_745' title='bbox 2186 2880 2254 2903; x_wconf 87' lang='lat' dir='ltr'>dans</span> <span class='ocrx_word' id='word_1_746' title='bbox 2272 2880 2297 2904; x_wconf 83' lang='grc'>19</span> <span class='ocrx_word' id='word_1_747' title='bbox 2315 2880 2428 2904; x_wconf 62' lang='lat' dir='ltr'>diocese</span> 
     </span>
     <span class='ocr_line' id='line_1_101' title="bbox 1415 2924 2427 2955; baseline 0 -6"><span class='ocrx_word' id='word_1_748' title='bbox 1415 2926 1449 2949; x_wconf 85' lang='lat' dir='ltr'>de</span> <span class='ocrx_word' id='word_1_749' title='bbox 1465 2925 1574 2954; x_wconf 77' lang='lat' dir='ltr'>Lescar,</span> <span class='ocrx_word' id='word_1_750' title='bbox 1590 2931 1627 2948; x_wconf 90' lang='grc'>00</span> <span class='ocrx_word' id='word_1_751' title='bbox 1641 2924 1836 2948; x_wconf 78' lang='lat' dir='ltr'>archidiacone</span> <span class='ocrx_word' id='word_1_752' title='bbox 1852 2925 1912 2948; x_wconf 82' lang='lat' dir='ltr'>Vici</span> <span class='ocrx_word' id='word_1_753' title='bbox 1928 2925 2019 2948; x_wconf 73' lang='lat' dir='ltr'>Veluti</span> <span class='ocrx_word' id='word_1_754' title='bbox 2033 2926 2072 2954; x_wconf 65' lang='grc' dir='ltr'>(τε</span> <span class='ocrx_word' id='word_1_755' title='bbox 2084 2924 2213 2955; x_wconf 49' lang='grc'><strong>1119111111),</strong></span> <span class='ocrx_word' id='word_1_756' title='bbox 2228 2924 2276 2955; x_wconf 89' lang='lat' dir='ltr'>qui</span> <span class='ocrx_word' id='word_1_757' title='bbox 2289 2932 2304 2948; x_wconf 86' lang='grc'><strong>3</strong></span> <span class='ocrx_word' id='word_1_758' title='bbox 2318 2931 2354 2955; x_wconf 90' lang='lat' dir='ltr'>pu</span> <span class='ocrx_word' id='word_1_759' title='bbox 2367 2925 2427 2949; x_wconf 72' lang='lat' dir='ltr'>etre</span> 
     </span>
     <span class='ocr_line' id='line_1_102' title="bbox 1415 2969 1863 2995; baseline -0.009 0"><span class='ocrx_word' id='word_1_760' title='bbox 1415 2970 1558 2995; x_wconf 77' lang='lat' dir='ltr'>denomme</span> <span class='ocrx_word' id='word_1_761' title='bbox 1574 2969 1649 2992; x_wconf 78' lang='lat' dir='ltr'>aussi</span> <span class='ocrx_word' id='word_1_762' title='bbox 1667 2970 1752 2992; x_wconf 76' lang='lat' dir='ltr'>Vicus</span> <span class='ocrx_word' id='word_1_763' title='bbox 1769 2971 1863 2992; x_wconf 75' lang='lat' dir='ltr'>vetus.</span> 
     </span>
    </p>
   </div>
   <div class='ocr_carea' id='block_1_16' title="bbox 1576 2835 2276 2859">
    <p class='ocr_par' dir='ltr' id='par_1_20' title="bbox 1576 2835 2276 2859">
     <span class='ocr_line' id='line_1_103' title="bbox 1576 2835 2276 2859; baseline 0 0"><span class='ocrx_word' id='word_1_764' title='bbox 1576 2837 1760 2859; x_wconf 83' lang='lat' dir='ltr'>venerabilem</span> <span class='ocrx_word' id='word_1_765' title='bbox 1778 2836 1888 2859; x_wconf 79' lang='lat' dir='ltr'>fratrem</span> <span class='ocrx_word' id='word_1_766' title='bbox 1904 2839 2029 2859; x_wconf 86' lang='lat' dir='ltr'>nostrum</span> <span class='ocrx_word' id='word_1_767' title='bbox 2047 2853 2065 2859; x_wconf 88' lang='lat'>..</span> <span class='ocrx_word' id='word_1_768' title='bbox 2083 2835 2276 2859; x_wconf 77' lang='lat' dir='ltr'>Bertrandum.</span> 
     </span>
    </p>
   </div>
  </div>
 </body>
</html>
