2553 3526
140 305 196 334 465
977 288 1220 334 QuiNzOEME
1242 287 1402 324 ANNEE.
2184 302 2241 329 Μ

140 368 385 408 possessionem
402 366 568 396 inducatis
585 366 734 401 eandem,
753 375 789 395 ac
806 365 913 403 ipsum
930 365 965 393 in
982 372 1019 394 ea
1036 362 1151 392 defen-

140 423 225 452 datis
242 421 434 455 inductum,
453 419 713 449 contradictores
730 423 790 448 ete.
804 417 974 456 Alioquin,
994 414 1150 455 predictis

140 475 262 506 litteris
289 482 498 512 nequaquam
527 472 748 506 obstantibus,
772 471 915 501 audiatis
940 477 1085 502 causam,
1107 472 1147 502 et,

142 527 363 567 appellatione
380 530 505 556 remota
521 530 595 560 etc.,
609 534 714 564 usquc
733 534 739 553 τ
758 523 937 554 observari.
959 521 1094 552 Proviso
1112 529 1151 550 ne

142 582 176 610 in
199 579 455 611 universitatem
478 578 735 608 Laudunensem
759 581 819 607 etc.
843 577 958 606 Testes
979 579 1061 610 etc,
1086 582 1151 602 non

142 633 294 663 obstante
312 631 551 662 constitutione
572 631 610 660 de
632 630 760 660 duabus
776 629 874 660 dietis
898 628 984 668 [eto.
1007 636 1112 665 usque
1131 627 1152 664 2]

143 685 319 716 dummodo
350 684 437 714 ultra
463 683 595 713 tertiam
624 682 674 712 vel
705 687 857 721 quartam
886 681 971 720 [etc.,
1001 688 1106 718 usque
1132 680 1153 716 ε]

143 738 248 777 aliqui
265 747 330 767 non
350 737 536 767 trahantur.
550 736 643 773 Quod
661 736 688 765 si
708 744 773 765 non
793 744 907 764 omnes
924 738 984 764 etc.
1003 734 1074 762 Dat.
1096 733 1152 762 La-

144 791 263 826 terani,
282 791 351 820 1111
373 790 448 819 idus
469 789 596 828 aprilis,
616 798 702 818 anno
724 787 982 827 quintodecimo.
1005 799 1017 813 n

215 963 334 992 5924

181 1025 283 1052 Electo
303 1023 529 1056 Catalaunensi,
550 1031 637 1057 super
652 1023 736 1056 cujus
759 1023 903 1049 electione
918 1023 978 1056 jam
996 1030 1047 1056 per
1063 1022 1156 1048 trien-

144 1074 227 1101 nium
246 1073 396 1107 litigatum
417 1073 523 1105 fuerat,
544 1072 693 1107 significat
713 1080 742 1098 se
765 1071 1012 1099 Catalaunensem
1036 1072 1156 1097 thesau-

143 1122 255 1150 rarium
269 1122 305 1149 ad
318 1121 551 1156 prosecutionem
565 1120 799 1155 appellationum
816 1128 887 1154 quas
900 1120 936 1146 ad
952 1119 1154 1153 Apostolicam

145 1171 252 1199 Sedem
272 1173 375 1198 contra
392 1171 515 1198 eandem
538 1170 712 1196 electionem
731 1169 929 1202 interjecerat,
949 1177 1004 1194 non
1022 1176 1083 1194 esse
1104 1168 1156 1194 ad—

144 1219 337 1247 mittendum.
356 1234 387 1237 —
404 1220 492 1250 (Res.
515 1218 559 1251 20,
584 1219 604 1245 f.
625 1218 659 1244 66
680 1222 722 1250 v⁰;
744 1226 814 1244 ann.
834 1217 902 1249 XV,
926 1226 950 1243 c.
969 1216 1019 1248 2⁴23
1040 1231 1071 1234 —
1089 1216 1157 1243 Mo-

143 1278 222 1297 REAU
235 1268 316 1302 1193,
329 1269 349 1295 f.
364 1268 433 1300 2673
451 1283 482 1286 ——
498 1268 535 1294 cf.
550 1275 646 1300 supra,
664 1275 692 1293 n.
708 1267 787 1298 4119,
804 1266 874 1292 5206
890 1269 918 1292 et
932 1266 1025 1297 5966.)

721 961 842 994 Latran,
860 962 890 987 11
909 961 986 987 avril
1003 960 1082 987 1241.

186 1383 199 1397 «
221 1393 240 1399 ..
260 1370 348 1399 electo
364 1369 618 1399 Cachfataunensi.
638 1369 676 1397 In
694 1372 806 1397 nostra
821 1367 990 1405 presentia
1007 1371 1036 1396 te
1054 1376 1090 1396 ac
1107 1367 1157 1396 di-

143 1423 228 1454 lecto
250 1422 317 1452 filio
338 1445 358 1452 ..
387 1422 597 1452 thesaurario
616 1421 898 1452 Cathalannensis
917 1420 1056 1451 ecclesie
1079 1429 1158 1450 con-

145 1476 284 1510 stitutis,
301 1475 529 1506 thesaurarius
539 1475 710 1514 proposuit
722 1474 933 1513 supradictus
946 1474 1043 1512 quod,
1059 1473 1156 1512 [cum]

145 1529 280 1564 dudum,
301 1529 373 1567 ipsa
390 1528 531 1559 ecclesia
549 1528 691 1567 pastoris
708 1527 830 1557 solacio
846 1527 1016 1563 destituta,
1035 1527 1158 1569 capitu-

144 1581 214 1612 lum
229 1581 312 1621 ejus,
333 1581 536 1611 conveniens
560 1584 649 1610 certa
669 1580 732 1616 die,
752 1588 809 1618 per
832 1580 919 1609 viam
942 1579 1098 1609 scrutinii
1119 1579 1159 1609 ad

145 1634 341 1666 electionem
363 1634 540 1673 procedere
564 1633 756 1672 incepisset,
781 1642 885 1672 eoque
906 1637 1047 1671 peracto,
1072 1641 1159 1662 unus

146 1697 184 1718 ex
200 1687 453 1722 scrutatoribus,
475 1688 509 1717 P.
528 1686 682 1717 videlicet
705 1686 972 1720 archidiaconus,
991 1686 1031 1716 ad
1050 1685 1159 1724 publi-

145 1741 311 1771 cationem
326 1740 512 1770 faciendam
529 1739 672 1778 cepisset
686 1739 755 1778 jam
777 1739 876 1768 verba
898 1739 1045 1777 proferre
1065 1749 1070 1768 :
1089 1748 1160 1769 ma-

146 1794 249 1832 gister
272 1793 445 1825 Johannes
468 1793 576 1822 dictus
600 1792 734 1828 Bai-ath,
761 1792 1016 1822 archidiaconus
1037 1792 1160 1823 Catha-

144 1847 329 1882 launensi's,
361 1847 505 1876 surrexit
533 1846 567 1875 in
595 1845 751 1884 capitulo,
781 1846 1004 1875 renitentibus
1031 1845 1157 1877 multis.

144 1900 258 1930 dicens
275 1899 374 1938 quod,
390 1899 467 1929 licet
483 1908 518 1929 se
535 1903 743 1937 presumeret
759 1899 799 1928 ab
816 1898 985 1937 aliquibus
1007 1898 1159 1928 nomina-

146 1958 227 1990 tum,
242 1952 457 1983 renuntiabat
474 1957 583 1982 tamen
602 1952 670 1991 juri
691 1951 755 1980 sibi
773 1960 809 1981 ex
832 1951 1060 1981 nominatione
1078 1961 1159 1990 que-

144 2006 209 2036 sito
231 2009 263 2036 et
277 2005 508 2036 consentiebat
524 2005 559 2034 in
584 2009 624 2040 te,
651 2014 748 2043 quem
769 2014 832 2033 non
856 2014 948 2043 pure,
967 2005 1023 2034 sed
1045 2005 1160 2034 condi-

144 2058 315 2089 tionaliter
337 2058 372 2088 in
397 2058 560 2088 scrutinio
588 2058 786 2092 nominarat,
812 2067 932 2095 rogans
959 2058 1160 2095 generaliter

145 2120 260 2142 omnes
282 2111 339 2150 qui
362 2111 396 2140 in
414 2111 524 2150 ipsum
542 2116 791 2146 consenserant,
813 2115 848 2140 ut
866 2111 900 2140 in
923 2115 964 2145 te,
987 2111 1055 2150 qui,
1074 2112 1160 2141 sicut

146 2164 298 2203 apparuit
317 2173 354 2194 ex
378 2169 450 2203 post
473 2165 570 2199 facto,
590 2173 608 2194 a
629 2164 842 2203 paucioribus
862 2164 896 2193 in
920 2164 1082 2193 scrutinio
1106 2173 1159 2193 no-

145 2217 293 2247 minatus
311 2218 435 2252 sueraS,
454 2217 698 2253 consentirent;
720 2217 855 2256 quidam
872 2217 982 2252 etiam,
1001 2226 1058 2255 per
1076 2217 1160 2255 capi-

147 2269 253 2300 tulum
267 2270 504 2306 discurrentes,
520 2270 609 2300 illis¹
625 2279 706 2309 quos
721 2270 956 2308 presumebant
970 2270 1004 2299 in
1019 2270 1160 2300 eundem

147 2322 420 2353 archidiaconum
438 2323 659 2359 consensisse,
678 2324 762 2353 utin
785 2328 815 2354 te
832 2333 891 2353 sua
908 2329 983 2353 vota
999 2325 1161 2354 transfer-

99 2373 104 2379 *
147 2380 231 2412 rent,
251 2375 344 2406 flexis
364 2376 506 2414 genibus
530 2376 778 2415 supplicabant,
798 2382 929 2415 propter
945 2377 1031 2416 quod
1049 2377 1161 2407 turba-

147 2433 200 2459 tus
216 2437 392 2467 processus
405 2429 476 2468 jam
489 2438 553 2459 non
565 2434 693 2468 poterat
709 2430 781 2460 sine
796 2430 876 2460 vitio
891 2429 1159 2469 consum[m]ari;

145 2481 323 2520 presertim
343 2491 418 2511 cum
436 2491 523 2512 unus
541 2491 578 2512 ex
595 2482 674 2518 hiis,
698 2483 754 2522 qui
771 2483 804 2512 in
825 2483 1096 2513 archidiaconum
1116 2484 1161 2522 ip-

146 2543 222 2564 sum
237 2539 464 2570 consenserat,
483 2535 608 2565 diceret
626 2546 631 2564 :
652 2548 664 2562 α
684 2536 851 2566 Sumusne
867 2545 943 2566 oves
961 2536 1000 2566 ad
1016 2536 1161 2565 dandum

148 2599 161 2614 n
184 2586 294 2617 taliter
310 2587 362 2617 vel
379 2588 612 2618 vendendum?
630 2601 655 2623 n,
674 2593 706 2619 et
723 2589 881 2626 magister
903 2589 1071 2619 Gerardus
1092 2589 1162 2618 dic-

148 2644 199 2670 tus
225 2640 377 2670 Mordant
401 2641 620 2679 responderit,
638 2641 738 2680 liujus
756 2642 908 2680 precibus
932 2642 1160 2680 acquiescens,

147 2692 235 2731 quod
251 2693 481 2723 consentiebat
498 2694 533 2723 in
558 2698 599 2729 te,
620 2703 820 2733 quamquam
838 2695 871 2723 in
893 2695 1034 2725 eundem
1052 2694 1162 2724 archi-

147 2745 323 2775 diaconum
346 2747 591 2782 consensisset;
617 2756 759 2786 cumque
781 2770 798 2776 ..
820 2747 964 2777 decanus
981 2747 1162 2778 Catlialau-

147 2797 263 2828 nensis
289 2798 499 2836 responderit
525 2800 709 2838 requisitus
734 2800 821 2838 quod
847 2800 881 2829 in
911 2804 940 2830 te
970 2800 1161 2830 nullatenus

146 2851 362 2886 consentiret,
385 2860 460 2881 cum
480 2852 676 2891 hujusmodi
695 2862 878 2883 consensus
895 2853 1034 2883 mutatio
1052 2852 1161 2882 valere

181 2971 202 2995 1.
221 2970 296 2995 Dans
312 2971 336 2994 le
352 2975 381 2994 η’*
396 2971 465 3000 4119,
481 2973 552 2996 illos.

273 3021 459 3053 Gaaooma
479 3029 525 3058 1x‚
548 3033 566 3054 t.
587 3030 634 3054 111.

1233 359 1372 390 minime
1382 361 1550 390 videretur
1569 371 1574 390 :
1593 361 1700 391 Guido
1714 361 1751 390 de
1770 362 1913 399 Pugiaco
1931 366 1966 392 ae
1985 363 2070 397 Ph.¹‚
2089 366 2240 394 canonici

1233 412 1531 447 Cathalaunenses,
1550 414 1758 443 considerato
1777 414 1956 452 prudenter
1979 416 2065 454 quod
2082 426 2138 454 per
2160 418 2241 447 tales

1234 474 1347 503 preces
1364 470 1394 495 et
1411 467 1613 496 variationes
1630 471 1790 502 votorum,
1810 476 1873 506 que
1892 467 1979 497 inter
1997 470 2194 499 scrutinium
2213 475 2243 499 ct

1233 518 1493 556 publicationem
1520 519 1626 557 ipsius
1652 519 1891 557 intel-ponende
1916 529 1980 550 non
2007 521 2149 552 fuerant.
2175 528 2245 552 erat

1236 580 1254 600 a
1268 571 1378 601 debito
1395 571 1539 609 eligendi
1560 572 1655 601 modo
1676 581 1854 607 recessum,
1879 582 1919 602 ne
1937 573 1984 603 sic
2002 574 2093 604 tieret
2113 574 2241 610 electio,

1236 624 1353 654 Sedem
1384 624 1606 662 Apostolieam
1638 625 1876 663 appellarunt&
1908 626 1971 655 Sed
1999 626 2145 664 quidam,
2178 631 2242 656 tam

1236 677 1425 706 inordinato
1461 677 1631 715 processui
1669 677 1873 712 inherentes,
1912 679 2132 716 appellatione
2166 689 2244 710 con-

1235 734 1357 768 tempta
1374 730 1530 768 nullaque
1555 731 1660 759 forma
1682 730 1815 759 concilii
1837 731 2021 765 observata,
2048 737 2087 767 te,
2111 737 2145 761 ut
2166 732 2244 761 dici-

1237 788 1298 817 tur,
1319 792 1488 820 perperam
1507 782 1690 820 elegerunt.
1710 783 1745 812 Et
1763 782 1850 813 licet.
1869 784 1909 813 ob
1928 784 2089 822 premisse
2104 785 2244 823 appella-

1238 836 1337 865 tionis
1360 836 1536 874 objectum,
1563 845 1627 865 000
1653 836 1692 865 ad
1716 836 2018 874 metropolitanum,
2042 838 2099 867 sed
2122 838 2162 867 ad
2186 848 2245 867 nos

1238 888 1338 918 suerit
1354 897 1452 926 super
1469 887 1529 917 lioc
1547 888 1793 923 recurrendum,
1809 888 1892 918 bone
1905 890 2061 919 memorie
2076 913 2094 918 ..
2107 891 2246 920 Remen-

1238 941 1284 971 sis
1304 941 1584 979 archiepiscopus,
1604 941 1666 971 loci
1684 941 1968 979 metropolitanus,
1990 943 2184 973 electionem
2202 944 2246 982 ip-

1239 1004 1308 1024 sam
1325 995 1363 1025 de
1379 995 1478 1031 sacto,
1498 1004 1570 1024 cum
1591 995 1629 1024 de
1646 995 1721 1033 jure
1740 995 1939 1033 nequiverit,
1956 996 2097 1026 maxime
2118 1006 2192 1026 cum
2209 1006 2246 1027 ex

1238 1047 1446 1077 habundanti
1467 1048 1507 1077 ab
1532 1057 1580 1082 eo,
1605 1048 1871 1085 supradictorum
1894 1049 2038 1083 nomine,
2065 1050 2166 1079 fuerit
2190 1059 2247 1088 ap-

1239 1101 1397 1139 pellatum
1414 1110 1465 1135 ne,
1480 1100 1643 1138 pendente
1660 1100 1880 1139 appellatione
1898 1101 1938 1130 ad
1955 1111 2013 1131 nos
2031 1103 2153 1132 emissa
2168 1102 2248 1140 legi-

1239 1154 1329 1185 time,
1349 1162 1447 1191 super
1467 1153 1527 1183 hoc
1548 1158 1658 1191 partes
1678 1162 1754 1183 suas
1776 1154 2013 1192 interponeret,
2032 1155 2153 1184 dicitur
2169 1165 2248 1185 con-

1240 1207 1401 1236 firmasse.
1425 1208 1533 1242 Quare
1556 1206 1785 1236 thesaurarius
1807 1206 1878 1244 ipse
1900 1207 2029 1245 petebat
2053 1207 2247 1238 electionem

1240 1265 1270 1289 et
1291 1259 1576 1289 confirmationem
1598 1259 1788 1297 hujusmodi
1806 1268 1842 1289 ex
1864 1260 1971 1289 officio
1994 1265 2106 1291 nostro
2123 1263 2246 1291 cassari

1240 1322 1297 1343 seu
1317 1322 1428 1342 cassas
1446 1317 1476 1342 et
1492 1312 1605 1341 irritas
1623 1312 1782 1347 nuntiari,
1802 1318 1831 1342 et
1849 1313 2007 1352 quicquid
2024 1323 2060 1343 ex
2082 1314 2130 1344 eis
2153 1324 2248 1344 secu-

1241 1372 1308 1395 tum
1328 1373 1377 1395 est
1398 1365 1448 1395 vcl
1471 1365 1512 1395 ob
1533 1366 1634 1404 ipsas,
1660 1374 1718 1395 nec
1743 1375 1807 1395 non
1830 1370 1861 1395 et
1886 1367 1972 1405 quod
1996 1376 2014 1396 a
2037 1371 2066 1396 te
2091 1372 2247 1405 tanquam

1240 1419 1343 1449 electo
1367 1420 1501 1453 sactum,
1526 1418 1576 1448 vel
1602 1418 1790 1448 ordinatum
1815 1428 1874 1449 seu
1897 1423 2056 1449 statutum
2078 1424 2138 1455 est,
2162 1429 2248 1449 nun-

1241 1473 1316 1502 tiari
1334 1472 1466 1511 penitus
1484 1481 1548 1501 non
1564 1471 1683 1501 valere.
1699 1472 1743 1501 Ex
1762 1472 1899 1502 adverso
1915 1481 1991 1502 vero
2008 1476 2054 1508 tu,
2069 1473 2248 1511 premissas

1241 1525 1491 1564 appellationes,
1508 1529 1603 1563 prout
1621 1525 1852 1563 exprimuntur
1870 1526 2036 1563 superius,
2056 1535 2181 1563 negans
2200 1526 2249 1555 in-

1240 1579 1416 1617 terpositas
1440 1578 1601 1612 extitisse,
1620 1578 1784 1616 prefatum
1806 1577 2053 1608 thesaurarium
2074 1578 2250 1608 excluden-

1241 1632 1318 1661 dum
1336 1641 1353 1661 a
1370 1631 1600 1670 prosecutione
1622 1630 1812 1670 hujusmodi
1834 1631 1959 1669 negotii
1981 1631 2131 1669 pluribus
2149 1632 2251 1661 ratio-

1242 1686 1340 1715 nibus
1357 1685 1530 1715 suadebas.
1552 1684 1672 1720 Primo,
1693 1693 1730 1714 ex
1747 1684 1980 1722 appellationis
1995 1685 2125 1714 defectu
2139 1694 2145 1713 :
2159 1685 2248 1723 quia,

1241 1748 1315 1769 curn
1336 1738 1576 1774 thesaurarius
1601 1738 1825 1775 interrogatus
1849 1746 1867 1766 a
1888 1737 1984 1767 nobis
2008 1737 2041 1766 in
2063 1738 2149 1776 jure,
2175 1738 2251 1767 uni-

1242 1801 1337 1822 versa
1353 1796 1383 1821 et
1401 1790 1533 1829 singula
1549 1791 1583 1820 in
1600 1791 1760 1829 rescripto
1778 1794 1890 1820 nostro
1909 1791 2084 1829 impetrato
2102 1790 2143 1820 ad
2157 1799 2251 1821 vene-

1241 1845 1381 1875 rabilem
1403 1845 1538 1874 fratrem
1560 1849 1708 1874 nostrum
1735 1866 1754 1872 ..
1779 1843 1981 1874 Meldensem
2006 1844 2195 1882 episcopum
2220 1848 2250 1873 et

1242 1907 1319 1928 suos
1340 1896 1530 1936 conjudices
1547 1896 1794 1934 comprehensa,
1815 1896 2042 1933 recognoverit
2067 1905 2139 1926 esse
2160 1905 2248 1926 vera.

1242 1960 1341 1989 super
1364 1950 1486 1989 quibus
1508 1949 1542 1978 in
1565 1949 1678 1979 libello
1701 1954 1849 1987 porrecto
1877 1958 1974 1978 suum
1998 1949 2108 1987 posuit
2130 1948 2250 1978 sunda-

1242 2010 1402 2038 mentum,
1430 2008 1460 2033 et
1484 2008 1529 2038 tu,
1557 2003 1740 2042 requisitus
1765 2012 1782 2031 a
1810 2002 1916 2037 nobis,
1943 2002 2115 2040 negaveris
2142 2001 2252 2031 taliter

1243 2057 1453 2096 appellatum,
1477 2066 1535 2086 nec
1557 2057 1595 2086 de
1621 2055 1842 2094 appellatione
1868 2055 1940 2094 ipsa
1966 2055 2008 2084 sit
2033 2054 2146 2093 aliqua
2167 2055 2253 2084 facta

1243 2111 1335 2145 fides,
1354 2110 1471 2140 merito
1488 2119 1525 2140 ex
1539 2110 1668 2139 defectu
1685 2108 1916 2147 appellationis
1930 2108 2086 2146 jamdicte
2099 2108 2254 2137 adversa—

1243 2164 1313 2193 rius
1340 2164 1565 2193 submovetur.
1595 2162 1757 2197 Secundo,
1781 2171 1818 2191 ex
1842 2162 1973 2192 defectu
1998 2161 2253 2199 appellationem

1244 2216 1476 2255 prosequentis
1498 2216 1635 2245 eandem
1658 2215 1766 2253 ipsum
1787 2214 1943 2244 similiter
1962 2213 2165 2252 repellebas:
2186 2218 2253 2242 tum

1244 2271 1334 2309 quia,
1353 2270 1470 2308 posito,
1489 2274 1584 2308 prout
1600 2278 1636 2299 ex
1655 2273 1745 2307 parte
1764 2273 1819 2298 tua
1838 2268 1946 2298 extitit
1960 2267 2148 2305 allegatum,
2167 2267 2254 2305 quod

1244 2325 1282 2353 de
1303 2323 1524 2362 appellatione
1548 2333 1566 2352 a
1588 2323 1745 2361 predictis
1770 2322 1830 2352 Ph,
1853 2327 1884 2351 et
1904 2321 2055 2351 Guidone
2080 2321 2254 2360 interjecta

1244 2381 1420 2409 constaret,
1447 2380 1555 2406 tamen
1577 2376 1788 2406 adversarius
1809 2374 2062 2413 appellationem
2085 2375 2190 2412 ipsam
2213 2374 2253 2404 ab

1244 2431 1320 2460 aliis
1343 2430 1573 2469 interpositam
1601 2429 1756 2468 prosequi
1780 2437 1844 2457 non
1866 2427 2012 2462 valebat;
2041 2426 2141 2456 nimis
2164 2426 2253 2455 enim

1244 2483 1484 2513 inconveniens
1502 2482 1669 2512 videretur
1686 2486 1716 2511 et
1733 2481 1823 2511 omni
1841 2480 2002 2510 absonum
2020 2479 2153 2513 rationi,
2167 2478 2254 2517 quod

1245 2536 1305 2566 Ρ11.
1326 2541 1357 2566 et
1373 2536 1481 2566 Guido
1500 2535 1683 2574 appellasse
1705 2534 1869 2568 dicantur,
1887 2537 1983 2571 prout
2006 2532 2195 2562 continetur
2218 2531 2252 2560 in

1244 2589 1416 2628 rescripto,
1440 2588 1527 2627 quod
1548 2588 1723 2618 confitetur
1746 2585 1957 2616 adversarius
1982 2594 2053 2615 esse
2074 2592 2200 2618 verum,
2223 2589 2254 2613 et

1245 2642 1499 2682 appellationem
1522 2640 1666 2675 illorum,
1692 2644 1848 2678 tanquam
1872 2638 1937 2676 ipsi
1961 2636 2175 2676 appellationi
2196 2636 2254 2665 ad-

1245 2696 1378 2730 herens,
1401 2695 1509 2724 idem³
1528 2693 1739 2723 adversarius
1761 2695 1991 2730 prosequatur,
2014 2698 2088 2719 cum
2108 2688 2253 2727 appella-

1278 2836 1297 2858 1.
1318 2835 1391 2858 Dans
1404 2834 1428 2857 le
1444 2838 1472 2856 n⁰
1489 2833 1558 2862 4119,
1576 2834 1711 2861 mayister·
1726 2833 1773 2855 Ph.
1790 2832 1823 2854 de
1838 2831 1957 2854 Mi'iaco.

1275 2879 1297 2902 2.
1318 2878 1372 2902 Sur
1394 2878 1419 2900 la
1444 2878 1635 2901 construction
1661 2876 1840 2899 desectueuse
1867 2874 1900 2897 de
1924 2877 1995 2897 cette
2020 2873 2121 2903 longue
2146 2874 2253 2903 phrase,

1244 2924 1277 2946 cs.
1296 2930 1393 2952 supra,
1410 2925 1428 2945 t.
1446 2922 1481 2950 11,
1497 2922 1550 2945 col.
1567 2921 1620 2949 908,
1638 2924 1701 2944 note
1719 2920 1738 2943 1.

1275 2968 1296 2991 3.
1317 2970 1365 2992 Ms.
1384 2977 1390 2990 s
1407 2974 1465 2990 eam
1484 2966 1565 2989 idem.

2099 3018 2128 3042 30
