2553 3526
159 603 345 646 SUPER
364 602 611 644 PECUNIA
631 601 944 643 MUTUANDA
964 599 1235 641 ECCLESIE
1259 599 1494 640 ROMANE
1516 599 1551 640 A
1574 601 1847 642 PRELATIS
1871 595 2252 645 SUBSCRIPTIS¹

227 1062 347 1090 5888
672 1060 794 1089 Lati-an.
807 1060 824 1086 5
840 1059 1000 1087 novembre
1016 1058 1095 1085 1240.

191 1124 337 1160 Episcopo
359 1123 564 1155 Praenestino,
585 1122 746 1157 apostolico
768 1123 874 1156 legato,
895 1122 1044 1156 significat
1063 1120 1167 1147 Eccle—

155 1173 231 1201 siam
248 1172 412 1199 Romanam
423 1171 477 1198 sub
485 1171 624 1205 gravibus
634 1170 859 1197 condicionibus
872 1178 1009 1204 magnam
1024 1169 1167 1203 pecuniae

156 1221 355 1256 quantitatem
372 1224 475 1247 mutuo
491 1228 542 1254 pro
557 1219 728 1246 defensione
744 1219 811 1245 fidei
828 1218 983 1252 recepisse,
1001 1226 1054 1244 nec
1069 1217 1168 1244 adhuc

155 1279 219 1298 esse
233 1269 270 1297 de
285 1270 350 1304 ipsa
365 1268 561 1296 creditoribus
575 1268 775 1297 satisfactun1‚
792 1270 821 1294 et
838 1276 868 1294 se
888 1267 1008 1294 duxisse
1024 1265 1167 1299 rogandos

155 1318 277 1346 abbates
292 1320 321 1344 et
341 1320 506 1344 conventus
527 1316 712 1350 quorundam
734 1315 979 1346 monasteriorum
997 1314 1093 1341 sancti
1109 1314 1167 1340 Be-

155 1367 280 1398 nedicti,
296 1365 504 1394 Cluniacensis
519 1368 548 1392 et
561 1364 866 1392 Praemonstratensis
880 1364 1030 1393 ordinum,
1043 1371 1096 1389 nec
1108 1371 1166 1389 non

155 1418 359 1451 praeceptores
385 1418 414 1442 et
442 1415 547 1441 fratres
576 1413 705 1440 militiae
733 1412 852 1447 Templi
882 1417 908 1440 et
939 1412 1106 1446 Hospitalis
1134 1412 1165 1438 in

155 1464 300 1496 Francia,
325 1467 358 1491 ut
381 1463 419 1490 ad
443 1463 586 1490 solvenda
608 1462 760 1496 praedicta
781 1460 932 1488 Ecclesiae
956 1461 1056 1488 debita
1080 1461 1166 1487 fratri

156 1513 313 1545 Riccardo,
322 1513 359 1539 de
369 1512 456 1539 domo
465 1511 594 1538 militiae
604 1511 734 1545 Templi,
743 1513 854 1537 certam
865 1509 1008 1544 pecuniae
1016 1517 1164 1535 summam

155 1564 260 1589 mutuo
274 1562 437 1596 assignent,
455 1561 497 1587 eis
513 1560 727 1587 restituendam
745 1559 780 1586 de
795 1559 928 1586 subsidio
945 1558 1087 1585 ecclesiae
1102 1558 1167 1584 Au-

156 1611 306 1645 glicanae;
329 1618 395 1637 eum
424 1612 506 1643 rogat
530 1611 559 1636 et
582 1610 718 1636 hortatur
741 1611 897 1642 quatenus,
921 1607 945 1634 si
970 1606 1167 1633 creditoribus

155 1659 232 1694 ipsis
255 1659 292 1686 de
313 1658 446 1685 subsidio
468 1658 636 1691 Anglicano
657 1657 794 1683 satisfieri
818 1665 875 1682 non
899 1656 1006 1690 poterit
1030 1655 1167 1682 terminis

156 1708 339 1738 constitutis,
355 1707 434 1741 apud
447 1707 569 1734 abbates
582 1709 611 1733 et
624 1706 698 1733 alios
713 1705 898 1740 supradictos
914 1705 1084 1739 interponat
1099 1712 1168 1738 par-

155 1759 200 1784 tes
224 1765 302 1788 suas,
325 1759 358 1783 ut
381 1756 418 1782 de
446 1759 548 1782 mutuo
572 1755 723 1782 antedicto
747 1755 898 1782 Ecclesiae
921 1754 1112 1781 subveniant.
1135 1768 1166 1771 —

155 1805 243 1838 (Bne.
258 1804 304 1836 20,
319 1804 340 1831 f.
357 1804 392 1830 53
408 1802 464 1838 [52]
484 1807 522 1835 1·”;
545 1812 616 1830 ann.
633 1803 716 1831 XIV,
731 1801 768 1838 [c.
785 1800 866 1836 290];
884 1817 916 1820 —
931 1801 1065 1828 Monac
1086 1800 1166 1832 1193,

155 1854 178 1880 1.
195 1853 262 1884 143:
281 1867 314 1871 —
330 1853 488 1880 Porrnasr
506 1852 626 1883 10968-¹;
651 1867 682 1869 —
707 1852 891 1878 Ronnxm-:RG
907 1850 969 1882 787,
987 1849 1013 1881 1;
1035 1865 1068 1868 -—
1084 1851 1122 1875 cf.
1139 1849 1165 1877 J.

155 1901 328 1929 DRLAVILLE
351 1901 394 1927 LE
419 1901 535 1933 Rova,
557 1901 716 1926 famulati-e
738 1901 848 1932 ye'miral
869 1900 913 1923 (les
937 1899 1076 1931 ΙΙωρίίιιίίΔ
1087 1906 1114 1923 rs
1137 1899 1169 1923 cle

156 1949 264 1977 l'Ordre
290 1949 323 1975 de
351 1948 518 1975 saint-leun
548 1950 580 1974 de
610 1949 777 1981 Jerusalem,
812 1952 833 1975 t.
869 1947 895 1974 11
921 1948 1025 1979 (1897),
1052 1956 1079 1982 p.
1104 1947 1166 1979 5832

155 2001 186 2026 n·
204 1997 298 2030 2261.)

198 2106 212 2121 α
241 2117 262 2123 ..
283 2095 418 2131 episcopo
441 2094 628 2127 Peuma-ino,
649 2094 813 2130 Apostolice
832 2093 917 2122 Sedis
939 2092 1065 2130 [eyaw'.
1085 2092 1167 2122 Cum

157 2146 306 2178 Ecclesia
321 2148 472 2177 Romana
490 2146 552 2176 sub
575 2146 732 2183 gravibus
748 2145 998 2175 conditionibus
1013 2148 1167 2183 magnam

155 2200 320 2239 receperit
342 2203 469 2233 mutuo,
489 2208 547 2237 pro
569 2199 764 2228 defensione
785 2198 863 2228 fidei
887 2203 919 2228 et
943 2198 1169 2228 ecclesiastice

155 2252 334 2287 libertatis,
359 2252 500 2290 pecunie
522 2252 754 2290 quantitatem,
774 2260 833 2281 nec
854 2251 962 2281 adhuc
979 2251 1021 2281 sit
1039 2251 1079 2281 de
1096 2252 1169 2290 ipsa

157 2305 390 2340 creditoribus,
408 2313 610 2344 quamquam
626 2304 731 2342 aliqui
749 2304 883 2334 termini
899 2304 1103 2334 solutionum
1120 2305 1169 2334 ef-

156 2357 326 2392 fluxerint,
364 2357 585 2391 satisfactum,
616 2362 749 2395 propter
778 2357 866 2395 quod
893 2357 1074 2387 creditores
1103 2358 1169 2396 ipsi

157 2411 244 2449 apud
261 2419 322 2441 nos
344 2410 510 2440 instantes
532 2409 734 2439 clamoribus
756 2410 957 2448 importunis
976 2410 1118 2448 dampna
1134 2419 1169 2441 se

149 2467 344 2503 ⁴queruntur
369 2471 435 2492 non
463 2462 593 2492 modica
619 2463 804 2492 incurrisse
835 2473 842 2491 ε
871 2463 950 2502 quia
976 2463 1169 2502 hujusmodi

157 2516 345 2547 debitorum
362 2515 484 2545 solutio
507 2524 573 2544 non
595 2519 701 2553 potest
723 2515 862 2550 diutius,
886 2520 1019 2554 propter
1038 2525 1168 2546 excres-

157 2569 268 2600 centia
279 2568 500 2603 incommoda,
514 2568 639 2607 absque
651 2569 743 2606 gravi
756 2568 905 2599 Ecclesie
914 2569 1021 2607 ipsius
1037 2569 1167 2608 dispen-

157 2622 212 2652 dio
226 2621 401 2656 retardari,
419 2621 556 2651 dilectos
572 2621 660 2651 filios
679 2621 814 2652 abbates
833 2626 865 2652 et
884 2627 1067 2652 conventus
1086 2632 1168 2661 quo-

189 2740 211 2764 ¹.
227 2740 268 2764 En
283 2741 428 2771 rubrique,
443 2740 512 2764 dans
526 2741 552 2764 le
567 2741 633 2764 haut
649 2740 683 2763 de
697 2741 724 2763 la
740 2747 831 2770 marge
846 2740 1018 2771 superieure.

186 2784 212 2808 ⁴2.
233 2785 308 2808 Avec
327 2785 354 2808 la
373 2784 436 2808 date
458 2786 543 2808 nonis
563 2785 723 2808 decembris
736 2785 776 2813 (=
791 2785 805 2808 5
820 2784 989 2814 decembre),
1010 2785 1118 2817 d’apres
1135 2786 1166 2810 C.

157 2828 276 2853 Horu-:n
291 2829 402 2856 (Kaiser
416 2829 564 2852 Friedrich
578 2831 618 2858 11,
634 2829 760 2859 Anhang,
777 2835 803 2858 p.
820 2828 874 2858 37⁶2,
890 2835 920 2852 no
933 2829 986 2859 ς29),
1003 2830 1050 2860 qui
1067 2837 1167 2860 cepen-

157 2873 224 2897 dant
239 2874 283 2896 n'a
299 2880 348 2903 pas
361 2873 455 2896 utilise
472 2873 578 2896 d'autre
594 2880 692 2896 source
708 2880 761 2903 que
775 2873 801 2896 le
816 2875 950 2903 Reyistre.

189 2916 212 2941 3.
227 2919 279 2940 Ms.
295 2925 302 2940 :
317 2917 410 2947 legati.

1249 1057 1400 1086 rumdam
1418 1057 1696 1087 monasteriorum
1708 1059 1814 1088 sancti
1826 1059 2010 1090 Benedicti.
2025 1060 2258 1093 Cluniacensis

1250 1114 1281 1139 et
1311 1110 1632 1140 Premonstratensis
1661 1111 1860 1149 ordsinum}
1892 1122 2033 1151 quorum
2057 1115 2193 1145 nomina
2222 1117 2257 1146 in

1249 1162 1391 1200 quadam
1415 1162 1614 1192 tibi‘cedula
1640 1163 1701 1192 sub
1723 1163 1812 1193 bulla
1834 1169 1946 1194 nostra
1967 1166 2130 1197 mittimus
2153 1177 2258 1198 anno-

1250 1219 1316 1244 tata
1327 1216 1348 1248 ¹,
1362 1224 1421 1244 nec
1437 1223 1502 1244 non
1516 1214 1637 1245 militie
1653 1216 1781 1254 Templi
1797 1226 1832 1246 ac
1850 1217 2035 1255 Hospitalis
2048 1220 2258 1251 Jerosolimi-

1249 1267 1345 1307 tan[i]
1363 1268 1535 1297 domorum
1556 1268 1592 1297 in
1618 1269 1758 1298 Francia
1780 1275 1988 1308 preceptores
2013 1276 2044 1301 et
2068 1273 2188 1303 fratres
2204 1284 2256 1304 ro-

1250 1321 1374 1358 gandos
1396 1321 1551 1351 duximus
1572 1321 1757 1361 amentius]
1779 1327 1808 1352 et
1829 1324 2026 1358 monendos,
2050 1326 2172 1356 nostris
2193 1327 2258 1357 sibi

1249 1374 1366 1403 dantes
1387 1373 1510 1404 litteris
1531 1374 1567 1403 in
1587 1375 1769 1405 mandatis.
1796 1381 1831 1405 ut
1856 1376 2077 1414 predictorum
2101 1379 2257 1409 abbatum

1249 1435 1324 1456 cum
1347 1426 1567 1456 conventibus
1593 1432 1623 1456 et
1648 1433 1876 1466 preceptorum
1903 1438 1978 1458 cum
2001 1430 2162 1461 fratribus
2187 1433 2258 1463 suis

1250 1479 1375 1517 singuli
1392 1484 1516 1509 certam
1537 1481 1677 1517 pecunie
1700 1489 1873 1517 summam,
1894 1492 1952 1520 pro
1968 1482 2133 1514 solutione
2151 1486 2259 1515 credi-

1249 1536 1357 1561 torum
1374 1532 1523 1570 ipsorum
1541 1533 1750 1570 quamtocius
1761 1534 1925 1569 facienda,
1943 1535 2063 1565 dilecto
2078 1536 2148 1567 filio
2162 1538 2260 1568 fratri

1249 1585 1424 1619 Riccardm
1451 1585 1489 1614 de
1513 1585 1608 1615 domo
1635 1585 1755 1616 militie
1777 1587 1916 1625 Templi,
1943 1588 2091 1626 ejusdem
2112 1590 2260 1622 Ecclesie

1250 1637 1396 1672 nomine‚
1418 1642 1544 1672 mutuo,
1567 1647 1624 1676 pro
1648 1643 1761 1668 nostra
1783 1644 1813 1669 et
1836 1640 2025 1678 Apostolice
2048 1642 2143 1672 Sedis
2164 1653 2259 1674 reve-

1249 1690 1369 1725 rentia,
1386 1696 1534 1728 prompta
1552 1691 1725 1721 devotione
1744 1693 1936 1726 concedant,
1954 1694 2192 1730 restituendam
2211 1698 2259 1728 eis

1250 1743 1398 1781 plenarie
1415 1743 1532 1773 saltem
1552 1753 1656 1782 usque
1674 1744 1713 1773 ad
1728 1753 1783 1774 sex
1800 1754 1932 1775 menses
1948 1751 2019 1784 post
2036 1749 2257 1786 receptionem

1249 1796 1437 1826 litterarum
1462 1797 1628 1835 ipsarum,
1656 1797 1694 1827 de
1721 1798 1871 1828 subsidio
1897 1799 2035 1830 ecclesie
2060 1802 2256 1840 Anglicane.

1250 1850 1411 1886 Quocirca
1427 1850 1672 1880 fraternitatem
1689 1855 1779 1880 tuam
1796 1860 1950 1889 rogamus
1969 1857 1998 1882 et
2019 1852 2191 1885 hortamur
2209 1860 2258 1886 at-

1251 1903 1376 1940 [tentej.
1395 1911 1452 1940 per
1467 1903 1646 1940 apostolica
1662 1903 1720 1933 tibi
1734 1904 1856 1942 scripta
1870 1905 2065 1936 mandantes
2081 1912 2256 1945 quatenus,

1251 1956 1279 1985 si
1302 1955 1522 1985 creditoribus
1545 1956 1628 1994 ipsis
1653 1956 1692 1986 de
1718 1957 1867 1987 subsidio
1893 1958 2077 1995 Anglicano
2102 1961 2259 1992 satisfieri

1250 2009 1335 2038 forte
1357 2017 1422 2038 non
1447 2009 1568 2046 poterit
1592 2010 1744 2039 terminis
1765 2011 1966 2047 constitutis.
1989 2020 2029 2042 ne
2049 2021 2087 2042 ex
2106 2015 2260 2046 tarditate

1252 2061 1457 2091 solutionum
1472 2061 1663 2099 Apostolica
1680 2063 1781 2093 Sedes
1793 2072 1925 2101 gravem
1938 2064 2099 2095 lesionem
2112 2067 2261 2098 incurrat

1251 2119 1281 2144 et
1301 2114 1493 2153 Roman[os]
1511 2114 1639 2143 turbari
1660 2116 1842 2153 contingat,
1860 2125 1897 2146 ex
1923 2126 1987 2154 quo
2010 2118 2186 2157 principali
2203 2130 2262 2150 ne-

1251 2167 1339 2205 gotio
1363 2167 1401 2196 de
1422 2166 1514 2196 facili
1537 2172 1647 2205 posset
1672 2168 1857 2206 periculum
1882 2169 2071 2205 imminere,
2098 2173 2175 2210 quia
2203 2183 2261 2212 pro

1249 2220 1369 2259 ‘majori
1388 2219 1534 2249 Ecclesie
1557 2221 1755 2250 necessitate
1776 2221 1938 2251 intactum
1962 2224 2089 2253 servari
2109 2225 2259 2257 volumus

1251 2273 1440 2303 subsidium
1463 2272 1692 2308 Gallicanum,
1718 2274 1805 2312 apud
1824 2275 1960 2306 abbates
1981 2285 2017 2306 ac
2041 2277 2123 2307 alios
2144 2287 2260 2318 supra-

1251 2326 1367 2356 dictos.
1386 2326 1473 2355 utin
1488 2326 1637 2363 presenti
1659 2327 1869 2357 necessitatis
1891 2329 2031 2358 articulo
2049 2330 2142 2368 juxta
2165 2341 2259 2362 man-

1251 2379 1363 2408 datum
1379 2383 1528 2408 nostrum
1541 2379 1579 2408 de
1591 2383 1705 2408 mutuo
1715 2379 1862 2410 Ecclesie
1873 2381 2072 2411 subveniant
2082 2385 2258 2421 antedicto⁷

1250 2432 1444 2470 interponas
1461 2431 1603 2461 sollicite
1621 2436 1731 2470 partes
1750 2436 1832 2462 tuas.
1858 2434 1926 2463 Nos
1947 2434 2046 2470 enim,
2068 2436 2109 2465 ad
2129 2437 2260 2467 solven-

1251 2485 1326 2514 dam
1342 2485 1376 2513 in
1395 2484 1546 2514 terminis
1563 2485 1620 2522 qui
1637 2484 1677 2513 ad
1693 2484 1753 2514 hoc
1769 2486 1884 2522 prefixi
1899 2486 2034 2523 fuerint,
2055 2488 2149 2518 illam
2160 2499 2260 2527 prcu-

1251 2538 1306 2567 nie
1334 2537 1555 2576 quantitatem
1585 2546 1684 2575 quani
1712 2537 1778 2575 ipsi
1808 2538 1914 2568 eidem
1945 2540 2058 2570 fratri.
2090 2542 2260 2573 Ecclesie²

1251 2592 1400 2621 Romane
1417 2591 1562 2625 nomine,
1578 2590 1731 2619 duxerint
1748 2592 1976 2627 mutuandam‚
1993 2594 2131 2624 eandem
2147 2595 2260 2627 Eccle-

1251 2644 1346 2677 siam,
1364 2644 1403 2673 de
1419 2643 1560 2672 fratrum
1577 2647 1765 2672 nostrorum
1782 2631 1934 2679 consilio,
1949 2654 2007 2683 per
2020 2646 2150 2677 litteras
2163 2658 2259 2687 apos-

1250 2697 1366 2726 tolicas
1386 2695 1584 2733 obligantes
1611 2695 1730 2726 dilecto
1750 2696 1819 2726 filio
1839 2702 1953 2728 nostro
1970 2699 2124 2737 O[ttoni]‚
2145 2701 2258 2731 Sancti

1283 2829 1302 2852 1.
1322 2828 1397 2852 Pour
1411 2834 1456 2851 ecs
1472 2834 1560 2855 noms,
1577 2828 1611 2850 cf.
1627 2828 1653 2850 la
1669 2827 1746 2858 piece
1761 2829 1889 2853 suivante
1905 2833 1931 2853 et
1947 2831 1986 2854 les
2007 2833 2037 2855 in
2058 2835 2179 2857 eundem
2198 2841 2258 2858 rno-

1249 2875 1319 2896 dum
1336 2872 1382 2902 qui
1397 2879 1416 2902 y
1432 2876 1495 2895 sont
1508 2871 1603 2900 joints.

1280 2917 1302 2940 2.
1320 2917 1373 2940 Les
1389 2920 1460 2940 mots
1475 2917 1558 2944 [ratri
1574 2919 1601 2939 et
1617 2913 1739 2940 Ecclesia
1753 2917 1889 2941 resultent
1904 2918 1985 2943 d’une
2000 2921 2164 2945 correction.
