2553 3526
167 305 224 335 353
974 293 1284 338 QtssATORZIEME
1307 294 1465 331 ANNEE.
2208 313 2264 343 334

169 373 230 399 suis
259 371 369 398 litteris
397 371 529 397 intimet.
552 385 583 388 —
611 371 697 402 (Rae.
732 370 777 402 20,
806 371 826 396 f.
854 370 887 396 37
914 375 962 402 v03
993 378 1063 396 ann.
1091 368 1174 399 XIV,

170 429 195 447 c.
212 420 278 452 2203
293 435 324 438 —
341 419 473 446 Monam
488 419 568 449 1193.
584 420 604 446 f.
619 419 693 449 182.)

207 534 219 548 11
242 544 261 549 ..
278 522 411 559 episcopo
429 521 578 549 Trecensi.
601 520 645 549 Ex
669 524 759 557 parte
778 519 973 549 dilectorum
991 519 1134 548 tiliorum
1155 542 1174 548 .,

166 573 295 603 abbatis
313 577 343 603 et
365 576 546 602 conventus
567 571 763 601 monasterii
788 571 1023 605 Molismensis,
1048 571 1175 600 ordinis

165 626 271 656 sancti
289 626 473 661 Benedicti,
489 625 710 663 Lingonensis
727 625 880 656 diocesis,
897 625 959 654 fuit
972 625 1175 662 propositum

166 688 275 709 coram
295 679 390 708 nobis
415 679 511 717 quod.
530 678 607 708 licet
626 678 660 707 in
678 678 878 707 monasterio
895 678 977 716 ipso.
996 687 1014 707 a
1031 682 1174 716 tempore

166 733 260 771 cujus
278 741 342 762 non
361 736 448 762 extat
465 731 635 763 memoria.
652 731 833 769 capitulum
851 731 948 760 annis
962 731 1104 768 singulis
1123 740 1176 761 ce-

166 785 322 821 lebretur,
343 785 383 814 ad
399 784 486 823 quod
509 784 680 822 sexaginta
698 784 825 822 priores
851 788 881 813 et
905 783 1015 822 plures
1043 793 1175 814 monas-

167 838 250 868 terio
266 838 330 876 ipsi
354 837 495 877 subjecti
516 837 730 868 conveniunt,
754 837 1015 875 prepeditionem
1038 837 1174 866 canoni-

166 900 238 921 cam
261 900 325 921 non
349 890 521 925 habentes,
546 891 659 929 ibique
678 895 838 920 tractatus
855 890 997 928 diligens
1014 890 1176 920 habeatur

165 944 205 975 de
220 944 456 974 reformatione
476 944 603 974 ordinis
621 949 651 973 et
674 943 886 973 observantia
902 943 1058 981 regulari,
1077 954 1095 973 a
1111 953 1175 982 quo

164 1001 324 1036 tanquam
354 997 537 1036 antiquiori
564 996 832 1036 Cister[cienses]
858 997 1022 1035 originem
1050 997 1175 1028 habue-

165 1054 254 1086 runt,
275 1060 311 1080 ac
335 1051 564 1088 Lingonenses
587 1050 732 1089 episcopi
752 1059 810 1089 pro
829 1054 975 1088 tempore
996 1051 1175 1080 existentes

163 1103 349 1142 predictum
366 1104 606 1134 monasterium
622 1103 759 1133 visitent
771 1103 954 1139 annuatim,
972 1103 1175 1141 corrigentes

165 1160 196 1186 et
211 1157 431 1186 reformantes
448 1157 586 1193 ibidem,
615 1161 680 1186 tam
700 1157 734 1185 in
756 1156 862 1194 capite
886 1165 984 1195 quam
1010 1157 1045 1185 in
1071 1166 1174 1186 mem-

163 1208 245 1245 bris,
265 1218 328 1248 que
345 1209 560 1239 correctionis
580 1214 609 1239 et
629 1209 876 1239 reformationis
894 1210 1047 1239 noverint
1067 1210 1175 1240 officio

161 1262 314 1301 indigere
332 1272 338 1291 :
357 1262 598 1292 nichilominus
617 1267 725 1292 tamen
743 1262 878 1292 abbates
899 1267 930 1292 et
950 1262 1103 1299 generale
1121 1272 1175 1292 ca-

161 1315 304 1354 pitulum
343 1316 581 1345 monachorum
616 1316 796 1353 Nigrorum
827 1315 1061 1353 Lugdunensis
1098 1326 1174 1354 pro-

165 1369 284 1403 vincie,
316 1369 489 1399 occasione
518 1369 633 1398 statuti
666 1364 783 1403 nosti-i,
810 1368 899 1406 ipsos
926 1369 966 1398 ad
993 1369 1175 1407 capitulum

163 1431 261 1451 suum
281 1422 436 1452 accedere
454 1431 510 1460 pro
533 1431 593 1451 sua
610 1422 764 1451 nituntur
780 1421 976 1460 compellere
993 1422 1173 1453 voluntate.

164 1475 273 1511 Quare
290 1475 391 1505 iidem
413 1475 507 1505 nobis
528 1475 702 1505 humiliter
721 1474 950 1513 supplicarunt
974 1481 1020 1510 ut,
1045 1484 1118 1505 cum
1136 1476 1175 1505 ad

165 1533 210 1558 tot
224 1528 353 1558 labores
367 1529 518 1558 sufficere
535 1533 712 1567 nequeant,
730 1529 904 1566 presertim
917 1533 1048 1567 propter
1062 1530 1175 1567 gravia

163 1591 264 1612 onera
283 1591 513 1620 expensarum.
532 1582 704 1620 providere
724 1591 823 1620 super
841 1582 901 1611 hoc
924 1583 972 1612 eis
996 1582 1175 1613 salubriter

164 1643 370 1665 curaremus.
391 1635 477 1671 Quia
499 1644 576 1665 vero
598 1635 635 1664 de
661 1635 747 1664 facto
764 1640 794 1665 et
810 1636 881 1674 ejus
898 1635 1172 1671 circumstantiis,

164 1692 252 1718 statu
269 1697 400 1726 quoque
423 1693 454 1717 et
474 1688 563 1717 fama
585 1688 781 1718 monasterii
800 1689 993 1726 supradicti,
1012 1693 1041 1718 et
1062 1694 1173 1718 utrum

164 1741 374 1779 corrigantur
401 1745 432 1770 et
460 1741 693 1776 reformentur,
728 1746 792 1770 tam
815 1741 849 1770 in
878 1741 983 1779 capite
1011 1751 1110 1780 quam
1138 1742 1172 1771 in

163 1794 334 1829 membris,
370 1803 433 1833 que
465 1794 681 1824 correctionis
714 1799 744 1824 et
780 1795 1028 1825 reformationis
1058 1795 1171 1825 limam

163 1851 354 1885 exposcunt,
374 1856 409 1876 ac
423 1851 547 1877 statuta
559 1852 670 1877 nostra
683 1856 782 1886 super
793 1848 1029 1878 reformatione
1045 1849 1173 1878 ordinis

162 1903 194 1929 et
218 1899 432 1929 observantia
458 1900 603 1937 regulari
631 1901 734 1935 edita,
761 1901 974 1931 laudabiliter
998 1906 1174 1932 serventur

160 1952 296 1988 ibidem,
322 1953 407 1983 scire
429 1953 642 1992 nequivimus
665 1954 850 1989 veritatem,
874 1955 1069 1985 mandamus
1091 1964 1173 1993 qua—

160 2009 270 2041 tenus,
297 2006 336 2036 de
356 2007 531 2045 premissis
556 2011 587 2037 et
610 2007 686 2037 aliis
709 2008 972 2038 circumstantiis
995 2008 1174 2046 diligenter

159 2058 348 2098 inquirens,
373 2069 436 2098 que
462 2060 644 2093 inveneris,
672 2061 805 2091 studeas
831 2061 926 2091 nobis
957 2062 1023 2091 tuis
1050 2062 1172 2092 litteris

160 2111 303 2142 fideliter
325 2112 493 2148 intimare,
522 2118 568 2149 ut,
589 2123 646 2152 per
673 2118 762 2143 tuam
785 2114 981 2145 relationem
1002 2116 1170 2149 instructi,

161 2165 376 2203 procedamus
399 2166 516 2196 exinde
538 2172 633 2205 prout
654 2168 837 2197 secundum
860 2169 965 2198 Deum
990 2169 1172 2199 viderimus

161 2218 415 2256 procedendum.
450 2220 524 2249 Dat.
551 2221 725 2251 Laterani.
762 2221 821 2251 XV
849 2221 1008 2251 kalendas
1040 2223 1170 2251 martii.

162 2271 372 2309 pontificatus
393 2273 496 2302 nostri
514 2282 600 2303 auno
620 2274 877 2312 quartodecimo.
899 2287 910 2300 n

230 2464 348 2492 5366
710 2467 831 2500 Latran,
849 2468 882 2494 10
896 2469 1005 2495 ferrier
1019 2469 1098 2496 1241.

196 2525 306 2560 Regem
325 2526 508 2560 Hungariae,
526 2528 575 2561 qui
594 2528 663 2555 Sedi
684 2530 871 2563 Apostolicae
889 2530 998 2557 litteris
1015 2531 1076 2558 suis
1097 2532 1171 2558 inti-

161 2576 296 2601 maverat
310 2575 481 2602 Battacium
499 2578 544 2608 (z
560 2577 742 2608 Vataciuni),
760 2586 824 2605 cum
847 2579 932 2605 terris
951 2580 1012 2606 suis
1028 2583 1056 2606 et
1077 2588 1170 2614 popu-

158 2622 206 2655 lis,
221 2623 308 2649 cleris
322 2626 350 2650 et
366 2625 499 2651 ecclesiis
517 2625 676 2658 universis,
691 2626 726 2652 ad
744 2627 890 2654 unitatem
904 2629 1055 2655 Romanae
1069 2629 1169 2656 Eccle-

159 2671 220 2698 siae
239 2671 407 2699 desiderare
428 2682 494 2700 eum
515 2674 688 2701 humilitate
708 2675 813 2706 redire,
837 2680 917 2710 rogat
935 2680 963 2704 et
985 2682 1084 2705 monet
1100 2687 1169 2712 qua-

158 2721 244 2746 tenus
265 2720 300 2747 de
320 2720 366 2747 his
386 2723 414 2748 et
429 2722 499 2748 aliis
517 2722 753 2750 circumstantiis
772 2725 920 2752 universis
937 2734 1010 2760 quae
1030 2735 1168 2761 praesens

158 2769 308 2803 negotium
319 2773 453 2804 tangant,
471 2771 528 2805 ipsi
545 2780 638 2806 papae
655 2773 772 2806 plenius
793 2774 950 2801 veritatem
966 2775 1118 2803 rescribat.
1137 2791 1169 2794 —

157 2817 244 2849 (Rae.
261 2817 305 2851 20,
323 2819 342 2845 f.
356 2819 389 2845 38
406 2822 448 2851 r⁰;
466 2828 535 2847 ann.
551 2821 634 2853 XIV,
649 2830 673 2848 c.
691 2822 759 2855 221;
777 2838 809 2841 —
825 2823 958 2851 MOREAU
974 2824 1052 2858 1193,
1068 2826 1087 2851 f.
1105 2825 1167 2858 214,

156 2873 193 2892 ex
212 2866 392 2899 RAYNALnoe
409 2883 443 2885 —
459 2868 742 2902 Pommsr10987.)

198 2979 213 2994 «
240 2990 260 2996 ..
288 2969 407 2997 illustri
431 2971 496 3007 reyi
522 2971 664 3008 [saffario.
688 2972 851 3003 Consuete
877 2973 1094 3012 benignitatis
1119 2975 1168 3004 af—

281 3027 467 3059 oaaeotaa
486 3036 538 3067 ix,
557 3040 575 3062 t.
595 3038 642 3062 111.

1259 367 1347 397 fectu
1365 386 1413 396 —.
1434 370 1505 398 Dat.
1526 370 1689 406 Laterani,
1710 373 1777 401 IIII
1794 372 1868 402 idus
1880 373 2053 411 februarii,
2071 386 2156 406 anno
2171 388 2267 417 quar-

1258 420 1432 450 todecimo.
1455 434 1467 447 »

1327 613 1442 641 5367
1808 618 1931 650 Latran,
1947 620 1980 646 18
1995 621 2104 648 sevrier
2118 622 2196 649 1241.

1294 675 1455 702 Universos
1472 675 1583 703 Christi
1602 677 1701 704 fideles
1715 687 1765 712 per
1779 687 1900 713 regnum
1919 681 2108 715 Portugaliae
2122 684 2268 711 constitu-

1260 726 1302 750 tos
1325 727 1423 750 monet
1444 727 1472 751 et
1493 725 1627 752 hortatur
1649 730 1793 760 quatenus
1816 737 1882 755 eum
1906 738 1971 763 rege
1995 731 2194 765 Portugaliae,
2216 733 2266 766 qui

1258 780 1323 798 eum
1349 772 1498 799 nobilibus
1524 776 1619 800 terrae
1641 783 1710 801 suae
1736 779 1837 803 contra
1864 777 1998 805 infideles
2024 782 2082 806 tam
2108 788 2158 814 per
2188 789 2268 808 mare

1258 829 1344 854 quam
1363 829 1413 855 per
1434 824 1540 848 terram
1565 823 1719 856 procedere
1741 825 1844 851 fortius
1865 827 2055 860 proponebat,
2074 829 2122 855 vel
2145 838 2211 856 eum
2236 838 2268 856 eo

1258 878 1343 904 quem
1368 870 1536 904 praedictus
1557 879 1607 897 rex
1629 872 1665 898 ad
1691 872 1719 898 id
1741 873 1939 907 deputaverit,
1961 876 1996 902 ad
2018 877 2266 911 expugnationem

1258 919 1387 946 hostium
1412 919 1480 946 fidei
1507 924 1641 954 prompto
1666 921 1766 948 animo
1788 931 1818 949 se
1843 924 2014 958 accingant:
2040 925 2102 952 illis
2118 927 2167 960 qui
2190 928 2269 954 1111110

1258 968 1387 995 laborem
1400 969 1504 995 saltem
1522 977 1693 1003 perannum
1709 971 1738 997 in
1753 972 1879 1005 propriis
1893 974 2024 1007 personis
2040 976 2266 1009 assumpserint,

1258 1019 1309 1043 aut
1329 1017 1365 1043 ad
1383 1017 1435 1043 boc
1452 1017 1487 1043 de
1506 1017 1590 1044 bonis
1606 1018 1666 1044 suis
1679 1019 1764 1052 juxta
1784 1021 1940 1047 facultates
1960 1023 2092 1056 proprias
2108 1024 2266 1057 erogarint,

1258 1066 1341 1092 illam
1360 1066 1502 1099 elargitur
1517 1067 1748 1100 indulgentiam,
1770 1077 1843 1102 quae
1864 1078 1914 1103 pro
1932 1070 2037 1097 Terrae
2059 1071 2185 1099 Sanctae
2202 1074 2267 1100 sub-

1258 1115 1334 1141 sidio
1354 1115 1580 1149 procedentibus
1604 1124 1621 1142 a
1643 1117 1771 1149 generali
1799 1118 1924 1145 concilio
1950 1120 2044 1147 fuerat
2070 1129 2216 1148 concessa.
2234 1137 2268 1139 ——

1258 1165 1345 1195 (Rae.
1361 1163 1404 1195 20,
1418 1165 1438 1190 f.
1457 1164 1491 1190 38
1502 1171 1542 1196 1¹⁰3
1559 1173 1629 1191 ann.
1644 1165 1727 1197 XIV,
1744 1174 1768 1192 e.
1786 1166 1851 1198 222;
1868 1182 1900 1185 —
1916 1167 2048 1196 MOREAU
2063 1169 2141 1202 1193,
2160 1171 2179 1196 f.
2197 1170 2266 1203 209;

1259 1213 1338 1245 ibid„
1358 1215 1377 1240 f.
1395 1213 1456 1247 184,
1474 1222 1508 1240 ex
1526 1214 1702 1247 Rummm
1719 1230 1753 1233 —
1769 1215 2049 1249 POTTHAST1O989.)

1300 1328 1312 1341 «
1348 1316 1503 1344 [finirer-sis
1535 1316 1650 1345 Christi
1679 1317 1818 1353 fidelibus
1850 1327 1903 1355 per
1934 1328 2062 1356 regnum
2093 1321 2268 1358 Portuqalie

1258 1369 1442 1397 constitutis.
1465 1368 1547 1398 Cum
1570 1368 1770 1399 karissimus
1794 1370 1828 1399 in
1852 1387 1900 1399 —.
1923 1372 1996 1400 Dat.
2017 1373 2183 1408 Laterani,
2201 1374 2265 1403 XII

1257 1421 1417 1452 kalendas
1435 1422 1557 1456 martii,
1577 1431 1664 1452 anno
1681 1424 1940 1461 quartodecimo.
1960 1437 1972 1451 n

1327 1615 1445 1643 5368

1293 1677 1432 1711 Capitulo
1449 1677 1639 1710 Pergamensi
1656 1677 1804 1709 significat
1816 1687 1845 1704 se
1859 1679 2031 1705 electionem
2050 1688 2067 1705 a
2082 1682 2220 1713 quattuor
2231 1688 2265 1706 ex

1808 1617 1929 1649 Latran,
1942 1617 1975 1643 18
1992 1617 2100 1644 fevrier
2116 1618 2194 1645 1241.

1257 1726 1309 1756 eis,
1332 1727 1451 1752 nomine
1473 1726 1563 1753 totius
1587 1727 1722 1760 capituli.
1744 1728 1853 1753 tactam
1873 1728 1908 1753 de
1926 1728 2135 1755 archidiacono
2156 1729 2266 1763 Perga-

1257 1775 1351 1801 mensi
1379 1775 1410 1801 in
1436 1775 1606 1809 episcopum
1633 1775 1873 1809 Pergamensem,
1900 1776 2051 1803 invenisse
2077 1777 2112 1803 de
2142 1785 2266 1811 persona

1255 1824 1361 1851 idonea
1378 1824 1467 1850 luisse
1484 1823 1674 1856 celebratam,
1690 1825 1823 1858 eamque,
1839 1834 1895 1851 11011
1912 1825 2098 1852 obstantibus
2116 1826 2265 1860 exceptio-

1256 1873 1343 1900 nibus
1357 1873 1393 1899 ab
1410 1873 1552 1899 Ubertino
1568 1873 1603 1899 de
1619 1873 1708 1900 Curte
1724 1872 1816 1905 Nova,
1838 1875 2028 1908 Pergamensi
2046 1875 2197 1907 canonico,
2213 1884 2265 1910 op-

1256 1922 1370 1956 positis,
1388 1923 1571 1949 confirmare.
1590 1937 1621 1940 -
1638 1923 1725 1954 (ΗΕΘ.
1744 1922 1788 1955 20,
1806 1924 1825 1950 f.
1845 1924 1878 1949 38
1899 1927 1936 1955 r'';
1962 1932 2031 1950 ann.
2049 1924 2131 1957 XIV,
2151 1934 2175 1951 c.
2193 1924 2265 1956 2?3;

1256 1986 1288 1989 —
1309 1972 1346 1997 ef.
1361 1978 1456 2003 supra,
1470 1974 1498 1996 n⁰
1513 1971 1606 2002 5178.)

1297 2084 1310 2097 «
1330 2072 1469 2109 capitulo
1486 2072 1692 2108 Perqumeusi.
1709 2071 1856 2102 Ecclesia
1870 2077 1979 2102 vestra
1995 2078 2144 2110 vacante,
2161 2074 2268 2104 vobis-

1257 2134 1318 2163 que
1343 2124 1621 2154 convenientibus
1642 2125 1681 2154 ad
1698 2125 1928 2155 celebrandam
1948 2126 2142 2157 electionem
2161 2128 2266 2157 futuri

1256 2179 1409 2217 pastoris,
1431 2183 1461 2207 et
1480 2178 1585 2207 tribus
1604 2182 1751 2208 vestrum
1771 2184 1931 2216 potestate
1948 2189 2105 2210 concessa
2120 2180 2265 2218 eligendi

1255 2236 1397 2270 quatuor
1415 2241 1450 2261 ex
1469 2231 1573 2260 vohis.
1595 2232 1652 2270 qui
1670 2232 1708 2261 de
1726 2237 1855 2269 pastore
1875 2233 1938 2270 ipsi
1957 2233 2095 2263 ecclesie
2115 2234 2266 2271 provide-

1255 2290 1339 2314 rent.
1365 2285 1497 2314 demum
1519 2290 1661 2323 quatuor
1685 2285 1732 2314 sic
1755 2285 1851 2315 electi
1872 2286 2027 2316 dilectum
2052 2287 2157 2315 filium
2175 2311 2194 2316 ..
2216 2297 2263 2317 ar-

1254 2338 1488 2368 chidiaconum
1510 2343 1655 2368 vestrum
1682 2339 1715 2367 in
1739 2339 1929 2377 episcopum
1952 2339 2134 2377 elegerunt.
2159 2341 2262 2370 Vobis

1253 2392 1365 2430 itaque
1392 2392 1580 2429 petentibus
1607 2401 1623 2420 a
1647 2392 1829 2421 venerabili
1854 2393 1954 2422 fratre
1977 2398 2088 2422 nostro
2113 2416 2132 2421 ..
2154 2393 2264 2423 archi-

1254 2445 1407 2483 episcopo
1425 2445 1678 2479 Mediolanensi,
1698 2445 1950 2483 metropolitano
1969 2445 2042 2476 loci.
2066 2445 2262 2476 electionem

1253 2498 1443 2537 hujusmodi
1457 2498 1656 2531 confirmari,
1675 2502 1706 2527 et
1722 2498 1883 2528 Ubertino
1897 2498 1934 2527 de
1950 2498 2049 2529 Curte
2066 2500 2168 2533 Nova,
2188 2509 2261 2529 con-

1253 2551 1412 2580 canonico
1433 2554 1552 2580 vestro.
1576 2550 1794 2587 respondente
1818 2559 1854 2579 ex
1879 2550 2015 2579 adverso
2040 2551 2073 2579 id
2098 2551 2169 2580 fieri
2198 2561 2262 2581 non

1253 2604 1383 2637 debere,
1402 2604 1458 2633 sed
1482 2603 1676 2633 electionem
1700 2602 1839 2632 eandem
1862 2611 1934 2632 esse
1957 2603 2065 2641 potius
2087 2604 2261 2634 infirman-

1253 2658 1326 2686 dam
1349 2667 1354 2685 :
1375 2656 1517 2691 tandem,
1537 2664 1636 2685 causa
1658 2664 1714 2693 per
1730 2655 1985 2693 appellationem
2009 2657 2050 2686 ad
2066 2666 2125 2686 nos
2141 2657 2260 2692 delata,

1252 2709 1477 2740 venerabilem
1505 2709 1642 2738 fratrem
1670 2713 1819 2737 nostrum
1848 2731 1866 2736 ..
1892 2708 2110 2739 sabinensem
2134 2710 2261 2748 episco-

1252 2772 1329 2801 pum
1349 2762 1498 2801 partibus
1518 2762 1668 2791 dedimus
1693 2761 1888 2791 auditorem.
1911 2762 2029 2792 Coram
2048 2772 2111 2802 quo
2130 2768 2260 2801 petente

1252 2821 1360 2846 vestro
1384 2820 1414 2845 et
1437 2815 1543 2853 ipsius
1566 2814 1661 2844 electi
1685 2819 1895 2852 procuratore
1917 2816 2105 2845 confirmari
2127 2816 2261 2847 electio-

1252 2878 1326 2898 nem
1345 2868 1535 2906 predictam.
1556 2868 1619 2896 fuit
1639 2876 1676 2896 ex
1694 2872 1783 2905 parte
1801 2867 1880 2897 dicti
1898 2868 2053 2898 Ubertini
2070 2870 2261 2907 excipiendo

1251 2922 1456 2959 propositum
1474 2921 1560 2959 quod
1577 2920 1803 2950 confirmanda
1819 2929 1884 2950 non
1902 2926 1970 2950 erat
1989 2932 1995 2950 :
2014 2926 2081 2951 tum
2095 2923 2173 2961 quia
2189 2932 2262 2953 era-

1251 2974 1305 3008 tis,
1334 2973 1506 3003 electionis
1533 2977 1689 3011 tempore.
1719 2973 1914 3004 auctoritate
1941 2974 2053 3004 dilecti
2077 2975 2138 3004 tilii
2163 2976 2259 3013 G[re-

2106 3042 2135 3065 ‘23
