2553 3526
143 307 199 337 533
980 293 1224 338 QUINZIEME
1248 293 1406 330 ANNEE.
2186 310 2239 338 534

143 374 231 407 quin,
255 373 279 399 si
305 371 409 399 electio
429 371 560 405 ejusdem
585 371 698 398 Odonis
722 379 778 397 non
805 371 894 397 fuerit
914 370 1054 396 canonice
1077 369 1154 394 cele-

143 422 238 454 brata,
256 421 388 456 praefato
407 420 455 451 G..
476 420 546 447 dum
569 422 669 446 tamen
694 420 757 453 ejus
782 419 956 446 electionem
978 418 1013 444 de
1032 425 1155 451 persona

143 471 249 497 idonea
267 470 409 497 canonice
437 469 614 496 celebratam
638 469 807 500 inveniant,
834 468 945 495 faciant
963 476 979 494 a
1005 466 1155 501 praedicto

144 521 221 547 clero
238 521 267 546 et
284 519 391 552 populo
411 517 610 544 obedientiam
635 520 663 543 et
687 516 884 543 reverentiam
905 515 1054 546 exhiberi;
1079 514 1154 548 quod

143 569 168 595 si
193 570 351 601 utramque
373 567 548 593 electionem
576 569 677 592 contra
700 565 857 592 canonicas
879 564 1045 590 sanctiones
1072 571 1155 596 prae-

144 619 293 651 sumptam
321 615 504 646 invenerint,
530 618 653 648 utraque
674 617 797 641 cassata.
823 613 990 647 praedictae
1015 611 1156 638 ecclesiae

145 665 299 693 Candidae
315 664 406 692 Casae
420 664 455 691 de
472 666 587 698 pastore
601 672 651 697 per
667 663 840 689 electionem
858 661 1030 688 canonicam
1046 661 1155 687 faciant

146 713 306 748 provideri.
324 727 355 731 —
372 713 458 745 (Res.
476 712 520 742 20.
544 714 562 738 t.
581 712 614 738 85
630 715 666 742 1¹⁰:
686 719 756 737 ann.
777 711 844 740 XV,
862 718 886 736 c.
904 710 961 739 92.)

146 795 150 802 ἲ
188 823 200 837 ιι
221 832 241 839 ..
259 810 450 839 Ralltbolensz'
467 814 492 838 et
511 832 529 837 ..
549 809 744 837 anthim-ensi
759 808 902 844 episcopis
918 812 943 835 et
963 829 982 834 ..
1002 806 1157 835 archidia-

145 871 219 892 cono
240 863 443 891 Ralhbotensi..
470 861 618 890 Dilectus
642 860 731 889 filius
753 860 832 893 Odo.
864 859 988 889 electus
1010 858 1157 889 Candide

146 915 247 950 ease,
279 914 407 944 ordinis
437 913 525 943 beati
555 913 754 951 Augustini.
784 913 817 941 in
849 916 961 941 nostra
990 911 1158 949 presentia

146 968 360 1004 constitutus,
383 976 444 997 sua
467 966 562 996 nobis
586 965 816 995 insinuatione
840 965 1035 994 monstravit
1058 964 1155 1002 quod.

146 1028 222 1050 cum
246 1019 335 1053 olim.
364 1018 506 1049 ecclesia
527 1018 675 1049 Candide
699 1018 782 1048 Case
811 1022 940 1056 pastore
961 1021 1108 1049 vacante.
1137 1039 1155 1044 ..

146 1072 237 1111 prior
251 1077 283 1102 et
299 1071 483 1110 capitulum
500 1070 649 1109 ejusdem
672 1070 823 1105 ecclesie.
842 1070 994 1099 invocata
1013 1069 1157 1107 Spiritus

146 1125 261 1156 Sancti
278 1125 384 1163 gratia
404 1128 434 1154 et
453 1124 560 1153 forma
580 1123 715 1153 concilii
740 1123 924 1156 observata,
951 1123 1060 1160 ipsum
1079 1130 1157 1151 con-

145 1177 289 1208 corditer
320 1182 351 1207 et
382 1177 542 1206 canonice
574 1177 609 1205 in
641 1185 737 1205 suum
764 1176 954 1214 episcopum
982 1174 1155 1212 eligentes.

146 1232 218 1271 ejus
240 1231 436 1262 electionem
460 1229 644 1260 venerabili
670 1229 766 1258 fratri
790 1233 902 1258 nostro
925 1251 946 1256 ..
973 1227 1157 1265 archiepis-

145 1293 225 1323 copo
255 1283 467 1318 Eboracenst,
496 1282 560 1312 loci
589 1281 859 1320 metropolitano,
892 1280 1157 1319 presentaverint

144 1337 406 1368 confirmandam
425 1346 431 1364 :
451 1336 506 1371 M.,
531 1344 645 1365 eorum
669 1334 937 1364 archidiaconus.
960 1338 991 1363 et
1015 1333 1156 1362 aliarum

145 1391 308 1421 ruralium
325 1389 542 1420 ecclesiarum
563 1393 708 1418 rectores
731 1387 878 1418 Candide
899 1387 982 1417 Case
1002 1387 1155 1421 diocesis.

145 1453 184 1475 ex
207 1448 300 1483 parte
326 1442 373 1482 [..]
397 1443 435 1472 de
457 1441 579 1472 Melros
602 1446 634 1471 et
660 1464 680 1470 ..
706 1441 745 1470 de
770 1440 868 1471 Caico
894 1439 1051 1469 abbatum
1075 1448 1111 1469 ae

146 1496 268 1535 prioris
290 1495 330 1525 de
353 1494 575 1532 Lasmahagu‚
599 1493 713 1524 Sancti
733 1493 864 1522 Andree
887 1497 917 1522 et
939 1492 1158 1530 Glasguensis

145 1549 327 1583 diocesum,
347 1547 547 1587 quibusdam
570 1555 669 1584 super
690 1546 752 1575 hoe
777 1546 883 1575 eidem
909 1545 1158 1583 archiepiscopo

145 1602 268 1633 litteris
286 1601 498 1640 presentans,
516 1600 601 1630 falso
616 1604 836 1638 proponentes
854 1599 941 1638 quod
957 1598 1105 1637 ejusdem
1119 1599 1157 1628 O.

145 1655 264 1686 electio
291 1655 353 1684 rite
378 1653 544 1684 celebrata
569 1661 634 1682 non
661 1653 783 1687 fuerat,
810 1660 868 1690 pro
894 1661 931 1682 eo
957 1652 1043 1690 quod
1066 1651 1158 1689 prius

146 1708 248 1738 iidem
274 1707 532 1737 archidiaconus
558 1710 589 1736 et
611 1710 768 1739 rectores,
795 1714 831 1734 ac
857 1705 992 1734 abbates
1017 1709 1047 1734 et
1070 1705 1159 1742 prior

146 1761 298 1800 predicti,
319 1769 402 1799 quos
422 1760 488 1798 ipsi
509 1757 714 1789 mendaciter
733 1758 927 1788 asserebant
946 1758 980 1787 in
997 1758 1158 1788 electione

146 1823 260 1846 vocem
278 1814 414 1848 habere,
433 1814 484 1848 G.⁷
503 1812 703 1843 monachum
724 1812 761 1842 dc
784 1812 917 1842 Men-os.
939 1811 1158 1849 Glasguensis

145 1867 298 1903 diocesis,
321 1866 479 1896 canonice
495 1866 530 1895 in
545 1866 735 1904 episcopum
753 1865 942 1902 elegissent,
963 1864 1158 1894 electionem

145 1921 253 1960 ipsius
269 1921 307 1951 O.
325 1920 451 1950 cassari
467 1924 499 1949 et
515 1919 662 1958 ejusdem
681 1920 720 1948 G.
739 1918 935 1948 electionem
949 1927 1006 1956 per
1018 1918 1158 1948 eundem

145 1973 336 2004 confirmari
358 1972 645 2011 archiepiscopum
664 1971 883 2010 postularunt.
908 1972 956 2007 Et,
975 1971 1051 2001 licet
1070 1975 1159 2009 post-

146 2027 280 2057 modum
309 2026 417 2056 dictus
448 2025 732 2063 archiepiscopus.
759 2024 890 2061 cognito
920 2024 958 2053 de
984 2024 1159 2062 utriusque

145 2079 320 2110 electionis
342 2078 484 2113 meritis,
509 2077 630 2116 prefati
649 2078 688 2107 G.
715 2076 923 2109 electionem,
943 2081 1099 2114 tanquam
1120 2076 1159 2105 ab

146 2131 315 2163 extraneis
340 2136 372 2162 et
397 2140 456 2170 per
483 2130 644 2161 secularis
673 2130 846 2168 potestatis
875 2129 1015 2159 abusum
1043 2129 1159 2167 inique

146 2189 382 2224 presumptam,
402 2183 535 2223 justitia
559 2183 710 2220 exigente
734 2187 910 2212 cassasset.
934 2182 1021 2211 idem
1050 2187 1159 2211 tamen

147 2237 344 2268 electionem
363 2237 443 2266 dicti
459 2237 511 2270 G..
532 2244 632 2274 quam
656 2235 766 2265 taliter
785 2239 985 2269 cassaverat,
1006 2235 1160 2273 sequenti

147 2291 202 2321 die
217 2299 276 2329 pro
293 2299 353 2320 suo
370 2289 519 2323 arbitrio,
541 2293 613 2327 post
634 2288 889 2326 appellationem
910 2297 927 2317 a
944 2287 1041 2317 dictis
1062 2296 1161 2317 cano-

149 2344 243 2374 nico¹
263 2347 295 2374 et
317 2342 461 2381 capitulo
480 2342 520 2371 ad
537 2350 596 2371 nos
617 2341 765 2379 legitime
782 2341 1030 2380 interpositam.
1047 2345 1161 2370 contra

145 2397 311 2437 justitiam
325 2395 544 2429 confirmavit.
556 2399 587 2424 et
601 2394 666 2424 sibi
683 2394 784 2424 etiam
802 2402 923 2423 munus
937 2394 1160 2423 consecratio-

149 2451 203 2481 nis
218 2449 394 2489 impendit.
413 2448 563 2487 Cumque
577 2448 664 2478 idem
679 2448 716 2478 O.
730 2447 770 2477 ad
784 2447 1010 2477 venerabilem
1024 2447 1160 2476 fratrem

149 2509 300 2534 nostrum
320 2526 339 2532 ..
358 2502 560 2540 episcopum,
582 2524 600 2530 ..
622 2501 894 2530 archidiaconum
912 2505 943 2530 et
960 2524 980 2529 ..
999 2500 1160 2530 decanum

149 2557 353 2588 Sodorenses
370 2564 469 2594 super
486 2555 548 2584 hoc
567 2564 584 2584 a
601 2554 697 2584 nobis
718 2553 847 2583 litteras
870 2554 1092 2591 impetrasset,
1113 2557 1159 2587 ut,

148 2609 274 2640 vocatis
290 2609 347 2648 qui
364 2607 503 2638 vocandi
523 2611 644 2642 essent,
671 2606 825 2636 audirent
843 2606 921 2635 hinc
942 2606 1019 2636 inde
1043 2615 1161 2644 propo-

149 2662 224 2698 sita,
251 2666 283 2692 et
304 2661 392 2700 quod
415 2660 612 2690 canonicum
635 2664 732 2695 esset,
762 2659 849 2689 idem
875 2659 1061 2697 episcopus,
1087 2668 1161 2688 cum

181 2756 203 2781 1.
219 2758 270 2779 Ms.
285 2764 292 2779 :
308 2762 324 2778 a
338 2754 421 2778 dictis
438 2754 573 2777 canonico
588 2757 614 2777 et
630 2753 764 2776 canonico
782 2756 807 2776 et
824 2753 955 2783 capitulo.
971 2765 1000 2770 —
1018 2752 1055 2776 La
1071 2753 1161 2775 bonne

148 2800 228 2831 locon
244 2801 310 2830 peut
326 2799 383 2822 etre
399 2798 453 2821 soit
470 2804 476 2821 ε
494 2806 505 2819 «
522 2804 537 2820 a
552 2797 634 2820 dictis
653 2797 745 2827 priore
762 2799 789 2820 et
806 2796 940 2820 canonico
958 2800 984 2820 et
1000 2796 1122 2826 capitulo
1139 2806 1162 2825 n,

148 2844 203 2868 soit
219 2850 224 2867 :
242 2851 254 2866 α
273 2851 288 2866 a
305 2843 387 2866 dictis
402 2842 538 2866 canonico
554 2844 581 2865 et
596 2842 728 2872 capitulo.
745 2849 758 2862 n
777 2840 815 2864 Le
833 2842 992 2864 canonicus
1008 2840 1162 2870 [Candictae

149 2887 244 2918 Casae]
261 2887 329 2911 dont
344 2887 362 2910 il
376 2890 417 2910 est
431 2886 560 2916 question
574 2886 620 2915 ici,
632 2892 666 2909 ne
679 2888 745 2915 peut
757 2886 823 2913 etro,
838 2884 1012 2913 semble-t—il,
1028 2891 1082 2914 que
1095 2886 1161 2909 Οαο,

147 2933 252 2956 electus
268 2932 411 2955 candidae
428 2932 522 2959 Casae,
536 2930 599 2953 bien
611 2930 676 2960 qu'il
694 2928 760 2952 n'ait
774 2935 821 2959 pas
837 2927 880 2952 ete
896 2928 1005 2958 qualifie
1019 2928 1080 2958 plus
1097 2928 1162 2951 haut

149 2977 184 3001 de
199 2977 366 3001 canonicus.

1237 374 1350 396 eorum
1367 371 1506 405 utroque
1524 367 1574 397 vel
1591 368 1703 403 altero,
1728 369 1947 406 appellatione
1969 377 2103 402 remota.
2129 374 2241 403 decer-

1238 423 1341 453 neret,
1368 424 1399 448 et
1426 420 1549 449 faceret
1576 420 1815 450 nichilominus
1841 422 1956 457 eidem,
1985 425 2151 462 proprium
2179 436 2240 456 non

1237 471 1385 507 habenti,
1404 482 1460 510 pro
1477 473 1667 512 hujusmodi
1685 475 1914 512 prosecutione
1932 477 2067 513 negotii.
2083 487 2241 516 expensas

1239 525 1446 554 necessarias
1475 526 1687 562 ministrat-N.
1724 527 1983 558 contradictores
2014 535 2074 559 etc.
2108 540 2113 558 :
2142 532 2242 561 iidem

1238 577 1270 606 id
1295 578 1422 607 efficere
1449 587 1513 607 non
1537 584 1712 611 curarunt:
1738 585 1870 617 propter
1893 582 1979 619 quod
2003 582 2110 612 dictus
2134 584 2243 613 archi-

1239 630 1397 660 diaconus
1414 631 1610 661 Sodorcnsis
1627 637 1657 662 et
1673 634 1716 665 J..
1742 633 1889 671 ejusdem
1912 635 2056 673 episcopi
2079 637 2242 671 officialis,

1239 683 1291 712 cui
1311 684 1484 722 episcopus
1504 685 1574 722 ipse
1592 685 1624 713 in
1643 685 1756 715 eadem
1773 695 1872 716 causa
1889 687 1978 716 vices
1995 697 2071 718 suas
2089 690 2242 720 subdele-

1240 737 1339 773 gavit,
1365 737 1430 765 sibi
1457 737 1632 767 diffinitive
1656 739 1850 768 executione
1876 741 2040 770 sententie
2064 749 2242 774 reservata.

1238 789 1327 827 ipsos
1344 790 1450 827 primo
1467 790 1506 819 ab
1525 791 1679 828 ingressu
1703 791 1841 821 ecclesie
1863 794 2115 830 suspendentes.
2138 795 2170 824 in
2190 805 2244 825 eos

1239 847 1352 880 postea
1381 843 1413 871 111
1446 853 1505 872 sua
1529 845 1737 873 contumacia
1761 845 1988 882 persistentes,
2012 856 2047 876 ac
2073 848 2105 876 in
2131 858 2245 879 omnes

1239 896 1383 925 scienter
1410 897 1694 927 communicantes
1724 898 1863 932 eisdem,
1895 901 2246 931 excommunicationis

1239 950 1451 983 sententiam,
1473 949 1776 989 exigentejustitia.
1795 952 2064 989 promulgamnt3
2083 956 2246 992 prefigen-

1241 1006 1288 1030 tes
1307 1001 1467 1038 partibus.
1487 1001 1524 1031 de
1542 1002 1688 1040 ipsarum
1710 1012 1886 1034 consensu.
1908 1006 2163 1043 peremptorium
2182 1012 2246 1037 ter-

1240 1055 1377 1086 minum.
1398 1064 1473 1093 quo.
1490 1065 1682 1093 processui-e
1700 1057 1733 1085 in
1748 1066 1860 1093 causa,
1878 1058 1962 1095 apud
1977 1059 2150 1089 ecclesiam
2164 1061 2247 1090 Can-

1240 1108 1314 1137 dide
1345 1108 1427 1138 Case
1451 1108 1484 1136 in
1516 1117 1629 1138 eorum
1657 1110 1824 1146 presentia
1850 1117 2088 1149 comparerent.
2114 1114 2245 1151 Sicquc.

1239 1160 1326 1189 dicto
1344 1161 1495 1191 termino.
1517 1161 1616 1191 iidem
1640 1162 1791 1191 officialis
1813 1167 1843 1192 et
1864 1164 2128 1194 archidiaconus.
2155 1167 2247 1195 testi-

1240 1213 1301 1242 bus
1317 1213 1475 1251 sepedicti
1493 1214 1618 1243 Odonis
1636 1224 1734 1252 super
1750 1215 1856 1253 ipsius
1874 1216 2044 1249 electione,
2060 1222 2091 1247 et
2103 1219 2247 1256 appella—

1241 1266 1329 1295 tione
1355 1270 1469 1294 contra
1495 1267 1780 1297 contii-mationem
1806 1273 1836 1297 et
1859 1270 2140 1300 consecrationem
2169 1271 2247 1300 dicti

1240 1318 1278 1347 G.
1301 1318 1498 1356 interposita
1516 1318 1663 1356 legitime
1687 1320 1727 1349 ab
1751 1320 1874 1351 eodem.
1900 1322 2067 1357 admissis.
2095 1328 2123 1353 et
2150 1324 2247 1353 dictis

1240 1380 1354 1401 eorum
1370 1371 1512 1401 redactis
1529 1372 1562 1401 in
1584 1373 1728 1410 scriptis.
1744 1383 1779 1403 ac
1797 1379 1948 1404 revocato
1962 1373 1995 1404 in
2010 1376 2141 1406 irritum
2155 1378 2247 1415 quit·-

1241 1425 1320 1462 quid
1341 1429 1412 1463 post
1436 1425 1690 1463 appellationem
1714 1427 1851 1456 eandem
1878 1427 1910 1456 in
1937 1429 2008 1466 ejus
2028 1430 2246 1467 prejudicium

1241 1478 1349 1507 suerat
1373 1482 1614 1516 attemptatum.
1641 1479 1794 1518 dictoque
1820 1481 1871 1511 G..
1902 1481 1958 1518 qui
1987 1482 2026 1510 ad
2050 1482 2247 1512 audiendam

1241 1531 1441 1561 sententiam
1466 1531 1573 1561 extitit
1589 1531 1736 1569 legitime
1753 1533 1870 1562 iterato
1888 1539 2032 1564 vocatus.
2052 1545 2069 1564 a
2088 1536 2248 1573 regimine

1241 1583 1380 1613 ecclesie
1411 1588 1589 1614 memorate
1619 1589 1741 1617 amoto.
1772 1586 1902 1624 justitia
1936 1587 2111 1623 suadente,
2143 1598 2177 1617 ac
2211 1589 2249 1618 de

1242 1637 1403 1667 electione
1420 1637 1526 1675 ipsius
1550 1637 1587 1667 O.
1615 1638 1745 1675 cognito
1769 1638 1955 1676 diligenter,
1977 1649 2060 1676 eam,
2081 1650 2178 1679 quam
2199 1642 2250 1670 in—

1199 1699 1202 1705 ·
1242 1694 1404 1720 venerunt
1430 1690 1624 1720 canonicam
1654 1695 1684 1720 et
1712 1692 1922 1722 concordem.
1955 1702 2012 1730 per
2038 1693 2247 1723 diffinitivam

1242 1742 1442 1772 sententiam
1462 1743 1708 1776 confirmantes,
1725 1744 1832 1782 ipsum
1851 1745 1883 1773 in
1901 1746 2145 1783 possessionem
2163 1747 2250 1785 epis-

1242 1800 1377 1834 copatus
1401 1795 1547 1826 Candide
1572 1796 1655 1826 Case
1676 1797 1832 1826 inducere
1857 1804 2065 1829 curaverunt.
2093 1800 2249 1830 ecclesia-

1242 1858 1381 1887 rumque
1410 1848 1545 1887 prelatis
1570 1854 1599 1879 et
1625 1850 1744 1879 ceteris
1769 1850 1914 1880 Candide
1939 1852 2021 1881 Case
2047 1852 2191 1882 civitatis
2219 1858 2250 1883 et

1242 1902 1384 1931 diocesis
1406 1901 1646 1931 nichilominus
1668 1907 1883 1940 preceperunt
1905 1909 1937 1932 111
1963 1905 2068 1934 eidem
2094 1910 2248 1944 tanquam

1243 1955 1328 1992 patri
1345 1959 1375 1984 et
1387 1955 1511 1992 pastori
1526 1955 1712 1984 animarum
1726 1965 1861 1985 suarum
1879 1956 2051 1987 humiliter
2065 1958 2246 1994 obedirent,

1242 2008 1276 2037 in
1301 2008 1559 2038 contradictores
1581 2013 1611 2038 et
1633 2008 1772 2038 rebelles
1799 2011 2150 2040 excommunicationis
2175 2021 2251 2042 sen-

1244 2061 1380 2091 tentiam
1399 2061 1658 2099 promulgantes.
1678 2062 1741 2091 Sed
1759 2063 1906 2100 prefatus
1921 2063 1972 2093 G..
1986 2063 2020 2092 in
2038 2070 2252 2094 memoratam

1244 2114 1419 2144 eeclesiam
1442 2113 1609 2144 hostiliter
1631 2114 1774 2145 irruens.
1800 2115 1973 2154 ipsamque
1992 2116 2139 2154 spolians
2157 2117 2253 2147 honis

1244 2167 1399 2197 omnibus
1417 2167 1671 2205 episcopalibus,
1691 2168 1746 2197 illa
1765 2169 1816 2197 sui
1835 2169 1956 2198 erroris
1977 2169 2162 2199 fautoribus
2181 2179 2254 2208 pro-

1244 2221 1398 2259 digaliter
1424 2220 1606 2255 distribuit.
1632 2229 1812 2259 eorumque
1837 2221 2006 2251 residuum
2034 2223 2198 2252 consumit
2224 2228 2255 2253 et

1244 2273 1404 2311 dilapidat
1434 2282 1508 2302 cum
1539 2273 1675 2303 eisdem.
1705 2274 1813 2309 Quare
1845 2274 1931 2303 idem
1959 2274 2010 2305 O..
2043 2275 2158 2305 videns
2188 2276 2252 2305 sibi

1245 2327 1360 2356 mortis
1377 2326 1562 2364 periculum
1579 2326 1765 2356 imminere.
1789 2336 1825 2356 ac
1843 2327 2000 2365 impetum
2018 2328 2096 2357 dicti
2113 2330 2164 2362 G..
2182 2329 2252 2366 ejus

1245 2379 1442 2416 sanguinem
1463 2379 1622 2411 sitientis,
1649 2379 1838 2416 aufugiens.
1865 2388 1928 2408 non
1950 2389 2051 2409 ausus
2069 2380 2102 2408 in
2128 2381 2250 2410 eisdem

1244 2431 1385 2462 ecclesia
1402 2431 1452 2461 vel
1474 2431 1597 2461 diocesi
1620 2440 1801 2461 remanere.
1826 2432 1865 2461 ad
1888 2432 2110 2469 Apostolicam
2136 2434 2251 2463 Sedem

1245 2484 1395 2514 accessit.
1424 2493 1480 2522 spe
1503 2484 1568 2513 sibi
1591 2489 1717 2513 retenta
1738 2484 1824 2522 quod
1846 2493 1902 2521 per
1929 2493 2000 2513 eam
2022 2485 2098 2514 finis
2122 2485 2252 2515 debitus

1245 2538 1316 2576 ejus
1332 2537 1502 2566 laboribus
1519 2541 1547 2566 et
1566 2536 1731 2573 angustiis
1751 2537 1951 2574 imponatur.
1967 2538 2075 2573 Quare
2090 2538 2196 2567 dictus
2214 2538 2251 2568 O.

1244 2590 1417 2619 humiliter
1434 2589 1631 2627 supplicavit
1649 2594 1683 2618 ut
1701 2589 1765 2618 sibi
1777 2598 1876 2627 super
1891 2589 1952 2619 hoc
1966 2590 2137 2628 providere
2155 2592 2253 2621 mise-

1244 2643 1418 2672 ricorditer
1442 2651 1645 2671 curaremus.
1673 2642 1834 2678 Quocirca
1857 2643 2052 2672 mandamus
2076 2648 2250 2681 quatenus.

1245 2695 1273 2725 si
1290 2700 1338 2725 est
1357 2695 1414 2724 ita.
1433 2695 1519 2724 dicto
1532 2695 1569 2724 O.
1588 2703 1709 2724 munus
1726 2695 1987 2725 consecrationis
2004 2695 2202 2734 impendiac
2222 2697 2252 2726 ei

1245 2757 1263 2777 a
1287 2748 1374 2778 clero
1400 2752 1431 2777 et
1456 2747 1574 2785 populo
1604 2747 1751 2777 Candide
1777 2747 1859 2777 Case
1888 2748 2032 2778 civitatis
2056 2753 2086 2778 et
2111 2749 2252 2779 diocesis

1278 2837 1298 2859 1.
1315 2838 1365 2859 Ms.
1382 2845 1388 2858 .·
1405 2835 1527 2858 facerent
1543 2835 1703 2858 ministrari.
1725 2848 1753 2852 —
1773 2835 1816 2859 On
1831 2835 1872 2864 lit,
1894 2836 1966 2859 deux
1982 2837 2070 2866 lignes
2087 2838 2147 2867 plus
2164 2838 2229 2861 haut
2247 2845 2252 2861 t

1246 2892 1257 2902 «ι
1272 2884 1298 2904 et
1311 2881 1414 2904 faceret
1428 2880 1656 2903 nichilominus...
1669 2888 1690 2909 »,
1705 2881 1806 2908 faceret
1823 2883 1906 2910 ayant
1923 2887 1992 2910 pour
2007 2882 2078 2910 sujet
2095 2883 2169 2905 idem
2184 2884 2254 2911 epis-

1245 2931 1332 2954 copus
1349 2923 1551 2954 [Sodorensis].
1576 2923 1596 2946 11
1617 2924 1720 2947 semble
1745 2923 1808 2953 qu’il
1829 2931 1848 2954 y
1873 2924 1909 2947 ait
1934 2931 1988 2948 une
2008 2925 2105 2948 laeune
2126 2933 2188 2949 vers
2211 2930 2254 2950 cet

1246 2968 1364 2992 endroit.
