2553 3526
0 2993 21 3526 ..paxu-w-uf—r—W-a-ssvffi
0 2960 4 2980 -
0 2914 4 2953 s<-

169 297 226 326 497
1006 285 1250 329 QmNzlEME
1273 285 1431 321 ANNEn.
2211 302 2266 330 498

168 362 307 400 prestito
323 361 361 390 de
380 360 519 390 dicenda
535 360 673 390 veritate
690 370 706 389 a
727 360 875 398 partibus
889 361 1087 399 juramento,
1110 359 1178 387 t'ac-

171 415 278 453 tisque
294 413 493 452 quibusdam
514 413 833 451 interrogationibus
849 423 866 442 a
878 412 1039 442 cardinali
1054 412 1179 450 prefato

170 476 206 496 ac
243 475 402 504 responso
433 465 473 495 ad
503 475 570 501 eas,
603 475 662 495 nec
700 475 763 495 non
802 465 978 504 propositis
1011 464 1179 502 aliquibus

170 518 420 557 exceptionibus
447 523 478 548 et
500 518 722 556 positionibus
746 518 824 547 hinc
841 522 871 548 et
888 518 977 551 inde,
994 517 1101 546 dictus
1124 517 1181 545 Pe·

172 576 241 601 trus
267 580 456 609 processum
486 580 594 600 coram
621 570 764 608 capitulo
791 569 1056 607 Compostellano
1083 576 1182 605 511061·

171 624 244 662 ipsa
259 623 420 653 electione
438 623 602 658 habitum,
623 633 721 662 quam
741 624 888 661 prefatus
904 622 1028 652 electus
1045 622 1181 660 616001-

171 676 276 706 tulum
303 676 501 706 Elborenses
530 677 569 706 ab
592 677 704 707 eodem
729 676 994 714 Compostellano
1024 675 1177 713 capitulo,

172 729 313 759 ecelesia
337 729 618 767 Compostellanay
644 729 898 767 metropolitana
923 728 1001 763 loci,
1032 732 1179 763 vacante,

172 782 361 812 confirmari
379 782 553 820 petierant,
571 787 605 811 ut
618 782 758 817 (licebat,
777 791 849 811 cum
865 791 1055 820 processum
1072 782 1181 819 ipsum

172 835 211 864 de
229 835 384 864 mandato
399 840 511 864 nostro
529 835 652 864 dictum
677 834 979 873 Compostellanum
999 834 1181 872 capitulum

173 888 213 917 ad
232 888 349 918 Sedem
372 888 596 926 Apostolicam
620 888 863 917 transmisisset
886 887 1062 923 inclusum,
1088 887 1182 925 petiit

172 940 307 979 aperiri,
325 940 502 970 intendens
526 949 583 978 per
601 941 741 970 eundem
760 949 950 978 processum
970 950 1006 970 ac
1025 940 1091 969 alia
1109 949 1182 978 pre-

172 993 293 1023 dictam
310 993 504 1023 electionem
522 993 671 1023 extitisse
692 993 803 1022 1010115
824 993 1029 1028 canonicam,
1048 998 1079 1023 et
1098 1002 1181 1022 non-

172 1045 265 1075 nulla
275 1055 338 1084 que
352 1046 460 1075 dictus
472 1045 596 1076 electus
609 1055 717 1075 coram
733 1046 845 1076 eodem
858 1046 1019 1075 cardinali
1033 1050 1179 1083 negarat,

171 1098 206 1128 in
223 1098 298 1138 jure
321 1099 471 1137 probare.
494 1099 557 1129 Sed
581 1108 617 1128 ex
640 1103 731 1137 parte
752 1099 859 1137 ipsius
882 1098 978 1128 electi
1000 1098 1085 1137 quod
1105 1107 1182 1136 ape—

171 1151 308 1182 riendus
332 1160 506 1190 processus
537 1152 607 1189 ipse
640 1160 704 1180 non
737 1156 835 1185 esset,
869 1152 956 1181 inter
984 1151 1048 1180 alia
1074 1151 1181 1180 extitit

170 1204 360 1242 allegatum,
386 1205 465 1244 quia
483 1204 605 1234 litteris
627 1204 722 1234 nobis
745 1204 882 1243 capituli
901 1205 1033 1234 nomine
1050 1213 1181 1242 presen-

172 1257 259 1293 tatis,
285 1257 318 1286 in
341 1257 463 1296 quibus
484 1257 718 1287 continebatur
738 1257 921 1295 predictum
943 1257 1124 1295 capitulum
1142 1257 1180 1286 (16

170 1311 324 1341 mandato
334 1316 446 1340 nostro
461 1311 601 1341 eundem
613 1310 653 1340 ad
665 1320 724 1340 nos
738 1310 964 1340 transmisisse
977 1319 1179 1349 processum,

170 1373 244 1393 611111
261 1369 372 1394 essent
385 1364 497 1401 ignoto
514 1363 625 1401 sigillo
638 1364 778 1401 signate,
792 1364 873 1394 fides
889 1373 952 1393 non
970 1368 1040 1393 erat
1055 1364 1180 1402 aliqua—

171 1421 267 1446 tenus
280 1416 484 1451 adhibenda;
504 1416 645 1446 maxime
662 1416 741 1455 quia
757 1416 948 1446 mandatum
964 1416 1180 1454 apostolicum

170 1469 209 1499 de
234 1478 299 1508 quo
322 1470 446 1499 mentio
471 1469 580 1506 fiebat,
604 1470 637 1499 in
657 1469 725 1499 illis
749 1470 887 1500 minime
909 1470 1097 1508 apparebat,
1121 1480 1181 1500 nec

171 1522 279 1551 suerat
295 1521 453 1559 predictis
472 1522 575 1552 616610
592 1527 622 1552 61
639 1522 783 1561 capitulo
806 1522 1070 1562 Elboren[sibus]
1096 1524 1181 1553 facta

170 1574 264 1613 copia
287 1574 326 1604 de
344 1575 471 1612 prefato
491 1584 660 1613 processu,
683 1576 739 1605 sed
758 1576 867 1614 ipsum
884 1581 998 1606 contra
1014 1576 1180 1613 legitimas

171 1627 360 1658 sanctiones
376 1628 681 1666 Compostellanum
698 1629 878 1667 capitulum
892 1630 931 1659 ad
946 1630 1064 1660 Sedem
1080 1631 1181 1669 Apos-

170 1680 315 1716 tolicam‚
331 1681 380 1711 eis
396 1681 641 1719 ignorantibus,
659 1682 885 1718 destinarant,
904 1683 961 1722 qui
979 1683 1090 1718 etiarn,
1106 1693 1180 1713 6010

170 1742 228 1772 per
244 1733 329 1764 falsa
344 1738 376 1764 et
392 1734 559 1764 contraria
575 1735 810 1769 instrumenta,
829 1735 914 1765 sicut
931 1736 1038 1766 dictus
1058 1737 1181 1774 magis-

169 1790 220 1817 ter
234 1787 343 1816 fuerat
364 1787 399 1816 in
419 1787 494 1826 jure
515 1788 701 1823 confessus,
728 1793 763 1817 111
785 1788 873 1818 idem
895 1788 1024 1819 dicebat
1043 1789 1179 1825 electus,

170 1848 230 1870 nec
245 1848 311 1869 non
329 1844 401 1878 post
422 1839 677 1878 appellationem
698 1850 797 1879 qnam
820 1841 908 1871 idem
931 1842 1090 1879 magister
1106 1851 1181 1880 010-

169 1896 355 1922 curatorem
372 1901 469 1922 suum
485 1902 503 1922 a
519 1893 786 1931 Compostellano
798 1894 942 1932 capitulo
956 1895 995 1923 ad
1009 1904 1067 1924 nos
1081 1895 1181 1925 inter-

168 1945 320 1983 posuisse
344 1945 486 1979 dicebat,
508 1945 643 1976 habitus
667 1947 841 1981 extitisset,
870 1947 981 1977 nullus
1003 1953 1090 1983 erat3
1111 1958 1180 1986 pre-

166 1998 282 2028 sertim
305 2006 380 2028 cum
406 1999 571 2036 prefatum
595 1999 778 2037 capitulum
804 2000 1035 2030 auctoritatem
1061 2001 1181 2030 confir-

167 2050 280 2080 mandi
302 2050 354 2080 vel
376 2050 571 2081 infirmandi
595 2051 790 2082 electionem
815 2053 1023 2090 premissam,
1044 2059 1180 2083 vacante

168 2104 256 2139 sede,
270 2103 407 2134 minime
422 2104 598 2139 obtineret,
611 2105 701 2142 quia,
720 2105 758 2135 de
768 2106 1010 2135 consuetudine
1020 2107 1179 2145 Yspanie,

167 2158 564 2196 contradictoriojudicio
583 2158 652 2197 jam
670 2159 793 2188 dudum
814 2159 958 2194 obtenta,
986 2160 1181 2190 vacantibus

168 2209 432 2249 metropolitanis
449 2210 611 2245 ecclesiis,
630 2211 774 2249 capitula
790 2221 903 2241 earum
921 2212 961 2241 ad
981 2213 1181 2242 confirman-

136 2261 140 2263 ’
167 2264 226 2294 das
251 2263 302 2294 vel
329 2264 548 2294 infirmandas
575 2264 756 2294 electiones
778 2265 995 2295 ecclesiarum
1022 2267 1182 2303 suffraga-

168 2325 305 2347 nearum
323 2317 513 2346 vacantium
532 2326 596 2347 000
615 2318 806 2356 procedunt,
826 2318 882 2348 sed
899 2318 1048 2357 ipsarum
1065 2320 1181 2348 contir-

168 2369 270 2399 matio
288 2369 338 2399 vel
355 2370 537 2399 infirmatio
558 2371 681 2400 futuris
702 2371 962 2409 archiepiscopis
978 2377 1189 2403 reservatur..

169 2422 289 2461 Sicque
314 2422 422 2452 (116105
448 2432 635 2460 processus,
662 2428 819 2462 tanquam
843 2433 951 2454 coram
982 2434 1045 2454 non
1068 2425 1181 2463 judice

168 2474 313 2510 habitus,
333 2475 529 2515 dicebat[ur]
553 2475 669 2506 baberi
693 2485 815 2505 vacuus
841 2481 871 2507 et
892 2477 1022 2512 inanis;
1041 2481 1072 2507 et
1089 2487 1126 2508 ex
1143 2487 1181 2508 60

167 2527 284 2564 etiam,
317 2528 403 2567 quod
429 2537 503 2558 61101
532 2535 713 2559 memorato
739 2530 897 2567 magistro
928 2530 979 2560 vel
1006 2530 1077 2569 ejus
1106 2540 1180 2568 pro-

166 2585 318 2611 curatore
344 2581 479 2611 babitus
506 2582 626 2616 fuerat,
652 2592 725 2612 cum
752 2583 910 2620 magister
932 2583 1003 2621 ipse
1026 2592 1044 2613 a
1067 2593 1181 2621 prose-

165 2633 299 2664 cutione
324 2634 449 2671 negotii
476 2635 562 2664 soret
577 2639 718 2670 amotus,
742 2636 782 2665 ad
808 2636 1074 2674 prosequendum
1098 2636 1181 2666 illud

167 2685 232 2716 alio
247 2687 440 2721 constituto,
460 2692 529 2717 erat
547 2687 715 2717 invalidus
732 2688 949 2727 reputandus.
972 2689 1035 2719 Sed
1047 2694 1181 2719 econtra

166 2739 372 2777 propositum
404 2740 513 2770 extitit
550 2741 636 2779 quod
670 2741 796 2779 apertio
824 2750 999 2780 processus
1032 2741 1180 2780 ejusdem

165 2796 298 2831 propter
313 2792 375 2822 hoc
391 2793 575 2823 omittenda
591 2802 656 2823 non
669 2798 750 2823 erat.
769 2794 909 2833 Liquido
924 2794 1013 2824 enim
1029 2799 1181 2825 constare

165 2850 293 2883 poterat
316 2846 481 2884 predictas
510 2847 639 2877 litteras
661 2856 738 2877 vero
760 2847 897 2887 capituli
920 2847 1180 2886 Compostellani

165 2897 277 2935 sigillo
288 2898 394 2928 fuisse
411 2899 569 2929 munitas.
592 2900 682 2930 Idem
699 2909 830 2939 quoque
853 2900 1035 2939 capitulum
1052 2909 1182 2938 proees-

164 2958 222 2980 sus
239 2950 346 2989 ipsius
362 2951 490 2989 copiam
507 2952 617 2982 facere
634 2953 795 2991 partibus,
815 2953 996 2983 6010111010
1010 2953 1049 2982 ad
1062 2952 1179 2983 Sedem

289 3010 476 3042 GaEGomE
496 3018 547 3048 tx,
566 3022 584 3044 t.
606 3019 653 3044 111.

1264 358 1485 395 Apostolicam
1503 360 1540 387 116
1561 360 1695 397 speciali
1714 361 1867 390 mandato
1886 367 1996 391 nostro
2015 365 2266 399 transmitteret,

1264 410 1401 439 minime
1420 411 1603 446 tenebatur,
1622 412 1698 442 licet
1718 412 1800 442 alias
1814 413 1922 451 judex⁴
1943 423 2013 443 cum
2036 417 2214 446 relaturum
2232 428 2267 448 56

1264 463 1394 493 asserit.
1414 463 1526 493 volens
1546 465 1749 502 superiorem
1767 466 1951 496 consulere.
1972 467 2087 497 debeat
2106 469 2267 507 litiganti-

1264 515 1325 545 bus
1342 516 1437 546 edere
1452 517 1705 547 consultationis
1721 518 1917 557 exemplum.
1936 520 2002 549 Nec
2020 521 2146 550 dixerat
2160 523 2266 559 presa·

1265 573 1316 598 tus
1334 570 1490 607 magister
1507 579 1694 608 processum
1715 572 1855 601 eundem
1878 573 2026 602 extitisse
2043 573 2193 603 habitum
2213 584 2270 612 per

1264 621 1349 650 salsa
1376 627 1406 651 et
1432 623 1597 651 contraria
1627 623 1864 659 instrumenta3
1888 625 1944 654 sed
1968 626 2090 663 scripta
2115 627 2268 664 quedam,

1265 674 1359 703 electi
1386 675 1519 704 nomine
1541 675 1719 707 intitulata.
1742 677 1887 714 predicto
1904 678 2047 715 capitulo
2065 679 2267 717 Compostel-

1264 727 1339 756 lano
1361 727 1518 758 exhibita,
1542 737 1718 765 suggerere
1738 729 1926 763 falsitatem,
1952 739 2024 759 cum
2044 732 2271 762 contineretur

1264 781 1297 809 in
1322 780 1370 810 eis
1391 780 1535 817 eligendi
1554 785 1746 818 potestatem
1771 782 1803 810 in
1828 783 2004 812 canonicos
2028 784 2083 821 qui
2108 793 2181 813 eum
2203 784 2270 814 ele-

1265 833 1352 869 gisse
1369 832 1536 866 dicuntur,
1556 832 1671 863 fuisse,
1690 833 1825 862 absente
1843 833 1975 871 Pelagio
1994 835 2092 869 Petri,
2111 836 2271 865 canonico

1265 884 1450 917 Elborensi,
1473 884 1684 919 translatam3
1706 885 1872 915 decretum
1893 891 2001 916 autem
2019 887 2190 917 electionis
2213 898 2270 917 ca—

1265 937 1369 975 pitulo
1385 942 1610 975 presentatum
1628 938 1746 971 eidem,
1765 939 1851 977 quod
1866 939 2070 969 intitulatum
2087 941 2195 970 fuerat
2211 950 2266 970 no·

1265 990 1354 1019 mine
1393 989 1529 1028 capituli
1567 990 1758 1020 Elborensis
1792 996 1823 1020 et
1857 1001 2044 1029 processum
2081 994 2272 1023 continebat

1265 1041 1438 1071 electionis
1460 1042 1577 1079 ipsius,
1605 1042 1723 1071 salsum
1752 1044 1889 1073 minime
1915 1045 2112 1081 suggerebat
2137 1055 2142 1074 :
2171 1046 2267 1081 unde,

1265 1095 1407 1124 01116161
1423 1094 1593 1132 5110611106
1612 1095 1704 1127 fides,
1723 1096 1853 1133 petebat
1869 1096 1992 1125 dictum
2005 1097 2127 1135 aperiri
2144 1107 2271 1136 proces-

1265 1156 1350 1183 sum,
1373 1156 1446 1176 cum
1470 1147 1638 1177 decretum
1661 1148 1748 1177 idem
1767 1148 1993 1178 contineretur
2009 1149 2042 1178 in
2061 1159 2115 1185 eo,
2135 1155 2176 1187 et,
2197 1160 2270 1180 cum

1264 1200 1384 1229 fuisset
1404 1200 1444 1229 ab
1461 1200 1575 1230 eodem
1596 1200 1759 1238 capitulo¹
1777 1210 1834 1239 pro
1851 1202 2040 1239 supradicto
2056 1204 2214 1241 magistro
2230 1213 2270 1234 ne

1265 1254 1517 1283 confirmaretur
1534 1253 1662 1287 electio,
1683 1254 1894 1292 appellatum,
1914 1260 1941 1285 et
1960 1256 2067 1294 ipsum
2090 1257 2270 1294 capitulum

1266 1315 1329 1335 non
1360 1307 1589 1336 confirmasset
1617 1307 1765 1341 eandem,
1799 1308 1945 1346 prefatus
1976 1318 2160 1347 processus,
2192 1311 2272 1349 quia

1265 1367 1328 1387 non
1356 1363 1470 1387 contra
1496 1359 1601 1396 ipsam
1628 1359 1882 1397 appellationem
1911 1360 1966 1390 sed
1991 1361 2172 1390 secundum
2198 1371 2269 1391 eam

1264 1412 1695 1450 00110510611110556601115,
1723 1422 1785 1441 non
1809 1413 1948 1443 debebat
1973 1413 2089 1443 irritus
2112 1415 2269 1453 reputari.

1264 1465 1332 1494 Nec
1346 1465 1409 1494 dici
1424 1465 1513 1504 juste
1532 1458 1658 1503 poterat
1675 1466 1779 1495 fuisse
1792 1475 1901 1495 coram
1919 1475 1981 1495 non
1997 1467 2109 1505 judice
2124 1467 2270 1504 habitus,

1265 1527 1338 1547 cum
1367 1523 1494 1547 constet
1524 1518 1705 1556 capitulum
1736 1518 1875 1548 ecclesie
1903 1520 2172 1557 metropolitane,
2199 1521 2272 1558 ipsa

1266 1576 1412 1604 vacante,
1437 1575 1630 1609 potestatem
1655 1571 1872 1600 confirmandi
1896 1571 1947 1601 vel
1968 1572 2159 1602 infirmandi
2185 1573 2271 1603 elec-

1266 1625 1388 1654 tionem
1404 1624 1542 1654 ecclesie
1559 1625 1768 1662 suffraganee
1785 1624 1935 1655 obtinere
1952 1625 1990 1655 de
2007 1625 2097 1664 jure,
2124 1635 2230 1665 neque
2254 1636 2273 1656 a

1264 1678 1495 1716 prosecutione
1521 1686 1619 1707 cause
1647 1678 1812 1716 predictus
1837 1678 1994 1715 magister
2015 1683 2084 1708 erat
2107 1679 2270 1714 exclusus,

1265 1731 1322 1760 sed
1338 1730 1447 1768 potius
1464 1731 1573 1760 fuerat
1593 1730 1633 1760 ab
1656 1730 1805 1760 auditore
1822 1731 1968 1769 predicto
1985 1740 2041 1769 per
2057 1731 2272 1762 interlocuto-

1265 1784 1348 1813 riam
1379 1784 1416 1813 ad
1444 1793 1516 1813 eam
1542 1784 1804 1822 prosequendam
1831 1784 2012 1818 admissus,
2042 1784 2119 1814 licet
2146 1789 2269 1822 postea,

1265 1836 1466 1875 expeditioni
1487 1845 1585 1866 cause
1612 1836 1822 1874 providentes
1846 1836 1962 1874 ipsius,
1991 1836 2201 1866 duxissemus
2231 1838 2271 1867 ad

1265 1890 1326 1919 1106
1343 1889 1444 1919 aliun]
1463 1889 1686 1919 statuendum.
1706 1890 1773 1919 Nos
1792 1890 1905 1927 igitur.
1929 1890 2101 1927 premissis
2120 1895 2151 1920 et
2167 1890 2272 1928 pluri-

1265 1944 1325 1973 bus
1343 1943 1418 1972 aliis
1436 1952 1492 1981 per
1504 1942 1705 1972 cardinalem
1718 1942 1859 1972 eundem
1876 1942 2053 1980 diligenter
2069 1943 2201 1979 auditis,
2218 1952 2269 1977 ne,

1264 1996 1437 2026 occasione
1458 1995 1577 2034 prefati
1598 1995 1638 2024 ad
1663 2004 1722 2025 nos
1748 1995 1937 2025 transmissi
1961 2004 2146 2033 processus,
2173 2005 2273 2026 causa

1265 2049 1337 2087 ipsa
1354 2049 1386 2078 111
1405 2058 1503 2086 grave
1520 2048 1730 2087 dispendium
1746 2048 1938 2078 Elborensis
1953 2048 2091 2078 ecclesie
2105 2049 2274 2087 protraha-

1266 2107 1329 2133 tur.
1347 2103 1482 2137 factum,
1506 2107 1601 2140 prout
1624 2102 1733 2131 extitit
1759 2102 1914 2140 utrinque
1942 2107 2122 2133 narratum,
2147 2106 2178 2131 et
2200 2111 2275 2140 pre-

1264 2155 1368 2185 dictas
1387 2155 1665 2193 interrogationes
1678 2159 1707 2184 et
1724 2155 1957 2193 responsiones
1971 2155 2010 2183 ad
2025 2163 2091 2185 eas,
2110 2163 2147 2184 ac
2163 2164 2273 2193 excep-

1265 2209 1372 2238 tiones
1395 2213 1426 2238 et
1453 2208 1644 2246 positiones,
1665 2208 1758 2237 vobis
1779 2208 1840 2237 sub
1866 2207 1955 2237 bulla
1979 2212 2091 2237 nostra
2111 2207 2274 2237 mittimus

1265 2261 1456 2297 interclusa,
1476 2261 1670 2291 discretioni
1689 2265 1807 2295 vestre,
1828 2260 1866 2290 de
1886 2269 2025 2290 assensu
2045 2260 2198 2298 partium,
2217 2269 2274 2298 per

1265 2314 1445 2353 apostolica
1461 2314 1583 2352 scripta
1600 2314 1796 2343 mandantes
1813 2318 1988 2352 quatenus,
2001 2314 2211 2351 assignantes
2224 2313 2272 2343 eis

1264 2368 1371 2398 1061110
1389 2368 1545 2397 idoneum
1563 2372 1593 2397 et
1610 2376 1775 2401 securum,
1791 2371 1821 2396 et
1839 2367 2001 2397 facientes
2014 2366 2163 2396 exhiberi
2180 2367 2272 2396 vobis

1264 2421 1437 2451 electionis
1460 2421 1639 2455 decretum,
1664 2420 1697 2449 in
1720 2420 1861 2457 negotio,
1889 2429 2043 2458 processu
2071 2420 2142 2457 ipso
2164 2424 2272 2449 trans-

1264 2474 1366 2503 misso
1385 2482 1594 2512 nequaquam
1616 2473 1778 2506 obstante,
1805 2472 1959 2513 ra[tione]
1982 2472 2131 2511 pre[via],
2159 2481 2271 2510 proce-

1264 2527 1360 2561 datis,
1372 2531 1413 2561 et,
1426 2527 1549 2556 auditis
1567 2535 1666 2564 super
1677 2526 1772 2556 electi
1785 2526 1904 2569 prefati
1916 2526 2056 2561 meritis,
2076 2526 2271 2563 eligentium

1264 2580 1396 2610 studiis.
1418 2588 1454 2609 ac
1475 2587 1629 2617 processu
1653 2578 1825 2608 electionis
1849 2582 1880 2608 et
1901 2578 1976 2607 aliis
2001 2578 2272 2615 contingentibus

1264 2632 1460 2663 electionem
1477 2631 1627 2667 eandem,
1645 2640 1708 2670 que
1725 2631 1907 2669 supradicti
1924 2631 2048 2661 electus
2065 2636 2096 2661 et
2114 2640 2270 2669 procura-

1264 2690 1314 2715 tor
1341 2684 1478 2723 capituli
1509 2684 1712 2717 Elborensis,
1741 2693 1776 2713 ac
1801 2683 1957 2722 P[etrus],
1984 2683 2271 2722 Compostellanus

1264 2738 1455 2773 canonicus,
1483 2746 1591 2767 coram
1613 2737 1705 2767 vobis
1728 2737 1882 2767 duxerint
1902 2737 2124 2775 proponenda,
2143 2737 2272 2767 electio-

1264 2801 1339 2822 nem
1356 2792 1472 2830 ipsam,
1491 2790 1519 2820 si
1537 2799 1607 2820 eam
1620 2789 1818 2820 inveneritis
1834 2789 1873 2819 de
1889 2798 2030 2828 persona
2045 2789 2164 2819 idonea
2177 2799 2271 2819 cano-

1265 2846 1337 2875 nice
1354 2844 1565 2879 celebratam,
1583 2844 1790 2878 confirmare,
1806 2842 1955 2882 alioquin
1973 2852 2115 2880 cassare,
2133 2843 2271 2873 auctori-

1298 2959 1320 2982 1.
1339 2958 1359 2982 11
1376 2958 1432 2982 saut
1449 2958 1582 2982 entendre
1601 2957 1635 2981 ici
1653 2964 1658 2980 :
1679 2965 1690 2979 «
1709 2958 1742 2980 ab
1759 2956 1855 2980 eodem
1871 2957 1992 2987 capituto
2011 2956 2242 2987 Compostellano.
2257 2964 2271 2978 1)

2118 3014 2145 3038 3Ἱ
