<?xml version="1.0" encoding="UTF-8"?>
<!DOCTYPE html PUBLIC "-//W3C//DTD XHTML 1.0 Transitional//EN"
    "http://www.w3.org/TR/xhtml1/DTD/xhtml1-transitional.dtd">
<html xmlns="http://www.w3.org/1999/xhtml" xml:lang="en" lang="en">
 <head>
  <title>
</title>
<meta http-equiv="Content-Type" content="text/html;charset=utf-8" />
  <meta name='ocr-system' content='tesseract 3.04.00' />
  <meta name='ocr-capabilities' content='ocr_page ocr_carea ocr_par ocr_line ocrx_word'/>
</head>
<body>
  <div class='ocr_page' id='page_1' title='image "./lesregistresdegr03cathuoft_0166.png"; bbox 0 0 2553 3526; ppageno 0'>
   <div class='ocr_carea' id='block_1_1' title="bbox 259 292 2359 334">
    <p class='ocr_par' dir='ltr' id='par_1_1' title="bbox 259 292 2359 334">
     <span class='ocr_line' id='line_1_1' title="bbox 259 292 2359 334; baseline -0.003 -1"><span class='ocrx_word' id='word_1_1' title='bbox 259 306 310 334; x_wconf 69' lang='lat'>:311</span> <span class='ocrx_word' id='word_1_2' title='bbox 988 300 1224 331; x_wconf 71' lang='lat' dir='ltr'>REGtsTnEs</span> <span class='ocrx_word' id='word_1_3' title='bbox 1248 299 1302 328; x_wconf 85' lang='lat' dir='ltr'>DE</span> <span class='ocrx_word' id='word_1_4' title='bbox 1325 292 1547 329; x_wconf 77' lang='lat' dir='ltr'><strong>GREG‹)1RE</strong></span> <span class='ocrx_word' id='word_1_5' title='bbox 1572 301 1628 329; x_wconf 77' lang='lat' dir='ltr'>ix.</span> <span class='ocrx_word' id='word_1_6' title='bbox 2302 300 2359 331; x_wconf 63' lang='lat'>312</span> 
     </span>
    </p>
   </div>
   <div class='ocr_carea' id='block_1_2' title="bbox 332 372 450 399">
    <p class='ocr_par' dir='ltr' id='par_1_2' title="bbox 332 372 450 399">
     <span class='ocr_line' id='line_1_2' title="bbox 332 372 450 399; baseline 0 0"><span class='ocrx_word' id='word_1_7' title='bbox 332 372 450 399; x_wconf 67' lang='lat'>5288</span> 
     </span>
    </p>
   </div>
   <div class='ocr_carea' id='block_1_3' title="bbox 296 430 1269 469">
    <p class='ocr_par' dir='ltr' id='par_1_3' title="bbox 296 430 1269 469">
     <span class='ocr_line' id='line_1_3' title="bbox 296 430 1269 469; baseline -0.007 -7"><span class='ocrx_word' id='word_1_8' title='bbox 296 436 367 469; x_wconf 69' lang='lat' dir='ltr'>Regi</span> <span class='ocrx_word' id='word_1_9' title='bbox 384 435 521 468; x_wconf 73' lang='lat' dir='ltr'>Angliae,</span> <span class='ocrx_word' id='word_1_10' title='bbox 538 434 573 460; x_wconf 88' lang='lat' dir='ltr'>de</span> <span class='ocrx_word' id='word_1_11' title='bbox 591 433 692 459; x_wconf 81' lang='lat' dir='ltr'>eadem</span> <span class='ocrx_word' id='word_1_12' title='bbox 711 441 740 458; x_wconf 88' lang='lat' dir='ltr'>re</span> <span class='ocrx_word' id='word_1_13' title='bbox 755 432 897 458; x_wconf 81' lang='lat' dir='ltr'>similiter</span> <span class='ocrx_word' id='word_1_14' title='bbox 917 431 1059 461; x_wconf 65' lang='lat' dir='ltr'>scribens,</span> <span class='ocrx_word' id='word_1_15' title='bbox 1076 430 1224 464; x_wconf 68' lang='lat' dir='ltr'>significat</span> <span class='ocrx_word' id='word_1_16' title='bbox 1240 438 1269 456; x_wconf 80' lang='lat' dir='ltr'>se</span> 
     </span>
    </p>
   </div>
   <div class='ocr_carea' id='block_1_4' title="bbox 824 367 1197 402">
    <p class='ocr_par' dir='ltr' id='par_1_4' title="bbox 824 367 1197 402">
     <span class='ocr_line' id='line_1_4' title="bbox 824 367 1197 402; baseline -0.011 -6"><span class='ocrx_word' id='word_1_17' title='bbox 824 370 943 399; x_wconf 85' lang='lat' dir='ltr'>Latran,</span> <span class='ocrx_word' id='word_1_18' title='bbox 957 369 990 395; x_wconf 73' lang='lat'>28</span> <span class='ocrx_word' id='word_1_19' title='bbox 1004 369 1102 402; x_wconf 72' lang='lat' dir='ltr'>juillet</span> <span class='ocrx_word' id='word_1_20' title='bbox 1120 367 1197 393; x_wconf 68' lang='lat'>1240.</span> 
     </span>
    </p>
   </div>
   <div class='ocr_carea' id='block_1_5' title="bbox 260 477 1267 563">
    <p class='ocr_par' dir='ltr' id='par_1_5' title="bbox 260 477 1267 563">
     <span class='ocr_line' id='line_1_5' title="bbox 260 477 1267 518; baseline -0.009 -6"><span class='ocrx_word' id='word_1_21' title='bbox 260 486 337 512; x_wconf 86' lang='lat' dir='ltr'>nolle</span> <span class='ocrx_word' id='word_1_22' title='bbox 354 493 367 510; x_wconf 74' lang='lat' dir='ltr'>(t</span> <span class='ocrx_word' id='word_1_23' title='bbox 382 488 414 511; x_wconf 91' lang='lat' dir='ltr'>ut</span> <span class='ocrx_word' id='word_1_24' title='bbox 430 492 480 518; x_wconf 85' lang='lat' dir='ltr'>pet·</span> <span class='ocrx_word' id='word_1_25' title='bbox 496 482 711 509; x_wconf 81' lang='lat' dir='ltr'>concessionem</span> <span class='ocrx_word' id='word_1_26' title='bbox 726 481 849 507; x_wconf 81' lang='lat' dir='ltr'>eandem</span> <span class='ocrx_word' id='word_1_27' title='bbox 863 480 966 506; x_wconf 84' lang='lat' dir='ltr'>honori</span> <span class='ocrx_word' id='word_1_28' title='bbox 981 480 1058 513; x_wconf 79' lang='lat' dir='ltr'>regio</span> <span class='ocrx_word' id='word_1_29' title='bbox 1071 477 1267 513; x_wconf 81' lang='lat' dir='ltr'>prejudicium</span> 
     </span>
     <span class='ocr_line' id='line_1_6' title="bbox 260 527 1194 563; baseline -0.006 -4"><span class='ocrx_word' id='word_1_30' title='bbox 260 543 273 559; x_wconf 70' lang='lat' dir='ltr'>n</span> <span class='ocrx_word' id='word_1_31' title='bbox 295 535 389 561; x_wconf 89' lang='lat' dir='ltr'>ullum</span> <span class='ocrx_word' id='word_1_32' title='bbox 407 534 457 560; x_wconf 85' lang='lat' dir='ltr'>fiat</span> <span class='ocrx_word' id='word_1_33' title='bbox 474 541 498 558; x_wconf 83' lang='lat'>».</span> <span class='ocrx_word' id='word_1_34' title='bbox 518 547 547 550; x_wconf 91' lang='lat'>—</span> <span class='ocrx_word' id='word_1_35' title='bbox 563 532 649 563; x_wconf 57' lang='lat' dir='ltr'>(Rae.</span> <span class='ocrx_word' id='word_1_36' title='bbox 666 530 712 563; x_wconf 76' lang='grc'>20,</span> <span class='ocrx_word' id='word_1_37' title='bbox 738 531 758 556; x_wconf 81' lang='lat' dir='ltr'>t.</span> <span class='ocrx_word' id='word_1_38' title='bbox 773 530 807 556; x_wconf 73' lang='lat'>27</span> <span class='ocrx_word' id='word_1_39' title='bbox 824 535 863 561; x_wconf 64' lang='lat'>1³⁰3</span> <span class='ocrx_word' id='word_1_40' title='bbox 880 538 950 556; x_wconf 90' lang='lat' dir='ltr'>ann.</span> <span class='ocrx_word' id='word_1_41' title='bbox 980 529 1062 560; x_wconf 74' lang='lat' dir='ltr'>xlv,</span> <span class='ocrx_word' id='word_1_42' title='bbox 1078 536 1102 554; x_wconf 82' lang='lat' dir='ltr'>c.</span> <span class='ocrx_word' id='word_1_43' title='bbox 1120 527 1194 558; x_wconf 85' lang='lat'>151.)</span> 
     </span>
    </p>
   </div>
   <div class='ocr_carea' id='block_1_6' title="bbox 259 635 1268 731">
    <p class='ocr_par' dir='ltr' id='par_1_6' title="bbox 259 635 1268 731">
     <span class='ocr_line' id='line_1_7' title="bbox 302 635 1268 677; baseline -0.006 -7"><span class='ocrx_word' id='word_1_44' title='bbox 302 655 313 667; x_wconf 71' lang='grc' dir='ltr'>α</span> <span class='ocrx_word' id='word_1_45' title='bbox 345 664 364 670; x_wconf 89' lang='grc'>..</span> <span class='ocrx_word' id='word_1_46' title='bbox 392 642 508 670; x_wconf 75' lang='lat' dir='ltr'>illustri</span> <span class='ocrx_word' id='word_1_47' title='bbox 535 641 598 677; x_wconf 60' lang='lat' dir='ltr'>regi</span> <span class='ocrx_word' id='word_1_48' title='bbox 622 640 738 675; x_wconf 64' lang='lat' dir='ltr'>Aizylie.</span> <span class='ocrx_word' id='word_1_49' title='bbox 769 638 858 667; x_wconf 78' lang='lat' dir='ltr'>Licet</span> <span class='ocrx_word' id='word_1_50' title='bbox 892 635 1075 673; x_wconf 80' lang='lat' dir='ltr'>venerabili</span> <span class='ocrx_word' id='word_1_51' title='bbox 1099 635 1193 665; x_wconf 83' lang='lat' dir='ltr'>fratri</span> <span class='ocrx_word' id='word_1_52' title='bbox 1220 652 1268 665; x_wconf 92' lang='lat'>—.</span> 
     </span>
     <span class='ocr_line' id='line_1_8' title="bbox 259 696 546 731; baseline -0.01 -8"><span class='ocrx_word' id='word_1_53' title='bbox 259 696 331 724; x_wconf 85' lang='lat' dir='ltr'>Dat.</span> <span class='ocrx_word' id='word_1_54' title='bbox 351 699 382 724; x_wconf 84' lang='lat' dir='ltr'>ut</span> <span class='ocrx_word' id='word_1_55' title='bbox 402 703 511 731; x_wconf 88' lang='lat' dir='ltr'>supra.</span> <span class='ocrx_word' id='word_1_56' title='bbox 535 705 546 717; x_wconf 70' lang='lat'>»</span> 
     </span>
    </p>
   </div>
   <div class='ocr_carea' id='block_1_7' title="bbox 329 872 447 901">
    <p class='ocr_par' dir='ltr' id='par_1_7' title="bbox 329 872 447 901">
     <span class='ocr_line' id='line_1_9' title="bbox 329 872 447 901; baseline -0.017 0"><span class='ocrx_word' id='word_1_57' title='bbox 329 872 447 901; x_wconf 70' lang='lat'>5289</span> 
     </span>
    </p>
   </div>
   <div class='ocr_carea' id='block_1_8' title="bbox 258 929 1271 1502">
    <p class='ocr_par' dir='ltr' id='par_1_8' title="bbox 258 929 1271 1502">
     <span class='ocr_line' id='line_1_10' title="bbox 294 929 1268 970; baseline -0.009 -7"><span class='ocrx_word' id='word_1_58' title='bbox 294 936 438 970; x_wconf 82' lang='lat' dir='ltr'>Episcopo</span> <span class='ocrx_word' id='word_1_59' title='bbox 453 933 698 960; x_wconf 61' lang='lat' dir='ltr'>XYratislaviensi</span> <span class='ocrx_word' id='word_1_60' title='bbox 717 931 756 967; x_wconf 89' lang='lat' dir='ltr'>[et</span> <span class='ocrx_word' id='word_1_61' title='bbox 775 931 919 959; x_wconf 78' lang='lat' dir='ltr'>Gerardo.</span> <span class='ocrx_word' id='word_1_62' title='bbox 937 929 1127 958; x_wconf 86' lang='lat' dir='ltr'>Cracoviensi</span> <span class='ocrx_word' id='word_1_63' title='bbox 1141 930 1268 955; x_wconf 86' lang='lat' dir='ltr'>scholas-</span> 
     </span>
     <span class='ocr_line' id='line_1_11' title="bbox 258 978 1270 1019; baseline -0.008 -7"><span class='ocrx_word' id='word_1_64' title='bbox 258 983 366 1019; x_wconf 70' lang='lat' dir='ltr'>tico&#39;7&#39;]</span> <span class='ocrx_word' id='word_1_65' title='bbox 380 984 502 1010; x_wconf 86' lang='lat' dir='ltr'>mandat</span> <span class='ocrx_word' id='word_1_66' title='bbox 513 985 658 1017; x_wconf 86' lang='lat' dir='ltr'>quatenus</span> <span class='ocrx_word' id='word_1_67' title='bbox 674 982 777 1008; x_wconf 87' lang='lat' dir='ltr'>ducem</span> <span class='ocrx_word' id='word_1_68' title='bbox 792 980 957 1011; x_wconf 75' lang='lat' dir='ltr'>Lancitiae,</span> <span class='ocrx_word' id='word_1_69' title='bbox 971 979 1020 1013; x_wconf 89' lang='lat' dir='ltr'>qui</span> <span class='ocrx_word' id='word_1_70' title='bbox 1038 980 1170 1006; x_wconf 86' lang='lat' dir='ltr'>immane</span> <span class='ocrx_word' id='word_1_71' title='bbox 1186 978 1270 1012; x_wconf 77' lang='lat' dir='ltr'>flagi-</span> 
     </span>
     <span class='ocr_line' id='line_1_12' title="bbox 259 1026 1270 1067; baseline -0.008 -6"><span class='ocrx_word' id='word_1_72' title='bbox 259 1035 334 1061; x_wconf 88' lang='lat' dir='ltr'>tium</span> <span class='ocrx_word' id='word_1_73' title='bbox 361 1035 591 1067; x_wconf 78' lang='lat' dir='ltr'>perpetraverat,</span> <span class='ocrx_word' id='word_1_74' title='bbox 619 1039 632 1056; x_wconf 76' lang='lat' dir='ltr'>t(</span> <span class='ocrx_word' id='word_1_75' title='bbox 659 1031 806 1064; x_wconf 88' lang='lat' dir='ltr'>quondam</span> <span class='ocrx_word' id='word_1_76' title='bbox 832 1026 1038 1064; x_wconf 81' lang='lat' dir='ltr'>J[0hannem],</span> <span class='ocrx_word' id='word_1_77' title='bbox 1067 1028 1219 1054; x_wconf 86' lang='lat' dir='ltr'>Plocensis</span> <span class='ocrx_word' id='word_1_78' title='bbox 1242 1029 1270 1053; x_wconf 87' lang='lat' dir='ltr'>et</span> 
     </span>
     <span class='ocr_line' id='line_1_13' title="bbox 260 1076 1270 1110; baseline -0.005 -3"><span class='ocrx_word' id='word_1_79' title='bbox 260 1092 273 1107; x_wconf 73' lang='lat' dir='ltr'>i)</span> <span class='ocrx_word' id='word_1_80' title='bbox 294 1081 555 1109; x_wconf 72' lang='lat' dir='ltr'>Wratislaviensis</span> <span class='ocrx_word' id='word_1_81' title='bbox 566 1080 757 1107; x_wconf 86' lang='lat' dir='ltr'>ecclesiarum</span> <span class='ocrx_word' id='word_1_82' title='bbox 774 1078 975 1109; x_wconf 83' lang='lat' dir='ltr'>scolasticum,</span> <span class='ocrx_word' id='word_1_83' title='bbox 989 1092 1019 1095; x_wconf 97' lang='lat'><strong>—</strong></span> <span class='ocrx_word' id='word_1_84' title='bbox 1034 1077 1064 1103; x_wconf 90' lang='lat' dir='ltr'>in</span> <span class='ocrx_word' id='word_1_85' title='bbox 1078 1076 1180 1103; x_wconf 88' lang='lat' dir='ltr'>mortis</span> <span class='ocrx_word' id='word_1_86' title='bbox 1192 1076 1270 1110; x_wconf 89' lang='lat' dir='ltr'>pati-</span> 
     </span>
     <span class='ocr_line' id='line_1_14' title="bbox 260 1125 1270 1165; baseline -0.007 -7"><span class='ocrx_word' id='word_1_87' title='bbox 260 1141 273 1156; x_wconf 90' lang='lat'>»</span> <span class='ocrx_word' id='word_1_88' title='bbox 295 1132 362 1158; x_wconf 90' lang='lat' dir='ltr'>bulo</span> <span class='ocrx_word' id='word_1_89' title='bbox 380 1130 552 1165; x_wconf 87' lang='lat' dir='ltr'>perimendo</span> <span class='ocrx_word' id='word_1_90' title='bbox 575 1138 600 1161; x_wconf 73' lang='lat' dir='ltr'>n,</span> <span class='ocrx_word' id='word_1_91' title='bbox 622 1129 683 1160; x_wconf 86' lang='lat' dir='ltr'>sed,</span> <span class='ocrx_word' id='word_1_92' title='bbox 704 1128 739 1154; x_wconf 89' lang='lat' dir='ltr'>ad</span> <span class='ocrx_word' id='word_1_93' title='bbox 760 1136 807 1154; x_wconf 83' lang='lat' dir='ltr'>cor</span> <span class='ocrx_word' id='word_1_94' title='bbox 828 1135 972 1157; x_wconf 77' lang='lat' dir='ltr'>reversus,</span> <span class='ocrx_word' id='word_1_95' title='bbox 996 1134 1046 1160; x_wconf 87' lang='lat' dir='ltr'>pro</span> <span class='ocrx_word' id='word_1_96' title='bbox 1066 1125 1270 1152; x_wconf 73' lang='lat' dir='ltr'>satisfactione</span> 
     </span>
     <span class='ocr_line' id='line_1_15' title="bbox 259 1173 1270 1214; baseline -0.008 -7"><span class='ocrx_word' id='word_1_97' title='bbox 259 1181 391 1214; x_wconf 82' lang='lat' dir='ltr'>ejusdem</span> <span class='ocrx_word' id='word_1_98' title='bbox 406 1179 535 1207; x_wconf 75' lang='lat' dir='ltr'>sceleris.</span> <span class='ocrx_word' id='word_1_99' title='bbox 549 1177 726 1207; x_wconf 70' lang='lat' dir='ltr'>Gneznensi,</span> <span class='ocrx_word' id='word_1_100' title='bbox 744 1175 917 1210; x_wconf 81' lang='lat' dir='ltr'>Cujaviensi</span> <span class='ocrx_word' id='word_1_101' title='bbox 935 1178 962 1201; x_wconf 94' lang='lat' dir='ltr'>et</span> <span class='ocrx_word' id='word_1_102' title='bbox 980 1174 1116 1202; x_wconf 76' lang='lat' dir='ltr'>plocensi</span> <span class='ocrx_word' id='word_1_103' title='bbox 1137 1173 1270 1200; x_wconf 87' lang='lat' dir='ltr'>ecclesiis</span> 
     </span>
     <span class='ocr_line' id='line_1_16' title="bbox 259 1222 1270 1263; baseline -0.008 -7"><span class='ocrx_word' id='word_1_104' title='bbox 259 1238 418 1263; x_wconf 88' lang='lat' dir='ltr'>earumque</span> <span class='ocrx_word' id='word_1_105' title='bbox 444 1227 614 1254; x_wconf 83' lang='lat' dir='ltr'>hominibus</span> <span class='ocrx_word' id='word_1_106' title='bbox 640 1229 667 1253; x_wconf 87' lang='lat' dir='ltr'>et</span> <span class='ocrx_word' id='word_1_107' title='bbox 692 1225 774 1252; x_wconf 82' lang='lat' dir='ltr'>villis</span> <span class='ocrx_word' id='word_1_108' title='bbox 805 1225 967 1251; x_wconf 81' lang='lat' dir='ltr'>maximam</span> <span class='ocrx_word' id='word_1_109' title='bbox 992 1224 1158 1250; x_wconf 76' lang='lat' dir='ltr'>contulerat</span> <span class='ocrx_word' id='word_1_110' title='bbox 1181 1222 1270 1248; x_wconf 87' lang='lat' dir='ltr'>liber-</span> 
     </span>
     <span class='ocr_line' id='line_1_17' title="bbox 258 1271 1271 1310; baseline -0.008 -5"><span class='ocrx_word' id='word_1_111' title='bbox 258 1281 362 1310; x_wconf 82' lang='lat' dir='ltr'>tatem,</span> <span class='ocrx_word' id='word_1_112' title='bbox 381 1277 417 1304; x_wconf 85' lang='lat' dir='ltr'>ab</span> <span class='ocrx_word' id='word_1_113' title='bbox 438 1275 747 1303; x_wconf 77' lang='lat' dir='ltr'>excommunicatione</span> <span class='ocrx_word' id='word_1_114' title='bbox 763 1274 929 1304; x_wconf 78' lang='lat' dir='ltr'>absolvant,</span> <span class='ocrx_word' id='word_1_115' title='bbox 948 1272 1033 1306; x_wconf 80' lang='lat' dir='ltr'>cique</span> <span class='ocrx_word' id='word_1_116' title='bbox 1056 1272 1145 1298; x_wconf 85' lang='lat' dir='ltr'>talem</span> <span class='ocrx_word' id='word_1_117' title='bbox 1168 1271 1271 1305; x_wconf 86' lang='lat' dir='ltr'>paeni-</span> 
     </span>
     <span class='ocr_line' id='line_1_18' title="bbox 259 1320 1271 1359; baseline -0.008 -6"><span class='ocrx_word' id='word_1_118' title='bbox 259 1327 384 1353; x_wconf 79' lang='lat' dir='ltr'>tentiam</span> <span class='ocrx_word' id='word_1_119' title='bbox 401 1326 571 1359; x_wconf 83' lang='lat' dir='ltr'>injungant,</span> <span class='ocrx_word' id='word_1_120' title='bbox 587 1332 600 1349; x_wconf 87' lang='lat'>«</span> <span class='ocrx_word' id='word_1_121' title='bbox 622 1323 697 1358; x_wconf 88' lang='lat' dir='ltr'>quod</span> <span class='ocrx_word' id='word_1_122' title='bbox 721 1326 781 1350; x_wconf 85' lang='lat' dir='ltr'>tam</span> <span class='ocrx_word' id='word_1_123' title='bbox 800 1323 863 1356; x_wconf 85' lang='lat' dir='ltr'>ipse</span> <span class='ocrx_word' id='word_1_124' title='bbox 881 1330 968 1355; x_wconf 87' lang='lat' dir='ltr'>quam</span> <span class='ocrx_word' id='word_1_125' title='bbox 991 1320 1043 1347; x_wconf 85' lang='lat' dir='ltr'>alii</span> <span class='ocrx_word' id='word_1_126' title='bbox 1066 1323 1145 1346; x_wconf 89' lang='lat' dir='ltr'>metu</span> <span class='ocrx_word' id='word_1_127' title='bbox 1167 1328 1240 1354; x_wconf 85' lang='lat' dir='ltr'>pene</span> <span class='ocrx_word' id='word_1_128' title='bbox 1255 1328 1271 1346; x_wconf 85' lang='lat' dir='ltr'>a</span> 
     </span>
     <span class='ocr_line' id='line_1_19' title="bbox 260 1369 1270 1403; baseline -0.008 -1"><span class='ocrx_word' id='word_1_129' title='bbox 260 1385 273 1400; x_wconf 83' lang='lat'>»</span> <span class='ocrx_word' id='word_1_130' title='bbox 294 1374 445 1402; x_wconf 76' lang='lat' dir='ltr'>similibus</span> <span class='ocrx_word' id='word_1_131' title='bbox 467 1376 623 1400; x_wconf 84' lang='lat' dir='ltr'>arceantur</span> <span class='ocrx_word' id='word_1_132' title='bbox 644 1380 669 1398; x_wconf 87' lang='grc'>».</span> <span class='ocrx_word' id='word_1_133' title='bbox 692 1386 723 1390; x_wconf 78' lang='lat'>—</span> <span class='ocrx_word' id='word_1_134' title='bbox 747 1372 834 1403; x_wconf 63' lang='lat' dir='ltr'>(Rea.</span> <span class='ocrx_word' id='word_1_135' title='bbox 859 1370 904 1402; x_wconf 73' lang='lat'>20,</span> <span class='ocrx_word' id='word_1_136' title='bbox 926 1371 945 1396; x_wconf 82' lang='lat' dir='ltr'>t.</span> <span class='ocrx_word' id='word_1_137' title='bbox 970 1370 1004 1396; x_wconf 73' lang='lat'>27</span> <span class='ocrx_word' id='word_1_138' title='bbox 1029 1372 1066 1400; x_wconf 78' lang='lat' dir='ltr'>r⁰;</span> <span class='ocrx_word' id='word_1_139' title='bbox 1095 1377 1165 1395; x_wconf 88' lang='lat' dir='ltr'>ann.</span> <span class='ocrx_word' id='word_1_140' title='bbox 1188 1369 1270 1399; x_wconf 84' lang='lat' dir='ltr'>XIV,</span> 
     </span>
     <span class='ocr_line' id='line_1_20' title="bbox 259 1418 1271 1455; baseline -0.002 -5"><span class='ocrx_word' id='word_1_141' title='bbox 259 1434 284 1450; x_wconf 77' lang='lat' dir='ltr'>c.</span> <span class='ocrx_word' id='word_1_142' title='bbox 304 1424 369 1455; x_wconf 74' lang='lat'>1523</span> <span class='ocrx_word' id='word_1_143' title='bbox 386 1438 416 1442; x_wconf 80' lang='lat'>—</span> <span class='ocrx_word' id='word_1_144' title='bbox 434 1423 566 1450; x_wconf 64' lang='lat' dir='ltr'>Monam:</span> <span class='ocrx_word' id='word_1_145' title='bbox 582 1421 660 1453; x_wconf 84' lang='lat'>1193,</span> <span class='ocrx_word' id='word_1_146' title='bbox 682 1422 701 1447; x_wconf 82' lang='lat' dir='ltr'>f.</span> <span class='ocrx_word' id='word_1_147' title='bbox 720 1421 764 1452; x_wconf 80' lang='grc'>91,</span> <span class='ocrx_word' id='word_1_148' title='bbox 780 1421 884 1452; x_wconf 68' lang='lat' dir='ltr'>partim</span> <span class='ocrx_word' id='word_1_149' title='bbox 901 1427 936 1445; x_wconf 80' lang='lat' dir='ltr'>ex</span> <span class='ocrx_word' id='word_1_150' title='bbox 957 1419 1134 1449; x_wconf 62' lang='lat' dir='ltr'><strong>RAYNALDOE</strong></span> <span class='ocrx_word' id='word_1_151' title='bbox 1152 1433 1183 1436; x_wconf 75' lang='lat'><em>-</em></span> <span class='ocrx_word' id='word_1_152' title='bbox 1198 1418 1271 1444; x_wconf 76' lang='lat' dir='ltr'>Por-</span> 
     </span>
     <span class='ocr_line' id='line_1_21' title="bbox 259 1472 478 1502; baseline -0.009 -2"><span class='ocrx_word' id='word_1_153' title='bbox 259 1481 353 1500; x_wconf 66' lang='grc' dir='ltr'>τιιΑςτ</span> <span class='ocrx_word' id='word_1_154' title='bbox 370 1472 478 1502; x_wconf 71' lang='grc'>10924.)</span> 
     </span>
    </p>
   </div>
   <div class='ocr_carea' id='block_1_9' title="bbox 745 866 1196 900">
    <p class='ocr_par' dir='ltr' id='par_1_9' title="bbox 745 866 1196 900">
     <span class='ocr_line' id='line_1_22' title="bbox 745 866 1196 900; baseline -0.007 -4"><span class='ocrx_word' id='word_1_155' title='bbox 745 870 850 897; x_wconf 87' lang='lat' dir='ltr'>Grotta</span> <span class='ocrx_word' id='word_1_156' title='bbox 861 869 992 900; x_wconf 86' lang='lat' dir='ltr'>Ferrata,</span> <span class='ocrx_word' id='word_1_157' title='bbox 1006 869 1022 894; x_wconf 84' lang='lat'>5</span> <span class='ocrx_word' id='word_1_158' title='bbox 1036 870 1103 894; x_wconf 83' lang='lat' dir='ltr'>aout</span> <span class='ocrx_word' id='word_1_159' title='bbox 1118 866 1196 893; x_wconf 74' lang='lat'>1240.</span> 
     </span>
    </p>
   </div>
   <div class='ocr_carea' id='block_1_10' title="bbox 261 1575 1273 1724">
    <p class='ocr_par' dir='ltr' id='par_1_10' title="bbox 261 1575 1273 1724">
     <span class='ocr_line' id='line_1_23' title="bbox 303 1575 1271 1618; baseline -0.006 -8"><span class='ocrx_word' id='word_1_160' title='bbox 303 1594 314 1607; x_wconf 84' lang='lat'>«</span> <span class='ocrx_word' id='word_1_161' title='bbox 345 1604 364 1610; x_wconf 90' lang='lat'>..</span> <span class='ocrx_word' id='word_1_162' title='bbox 388 1581 521 1618; x_wconf 78' lang='lat' dir='ltr'>episcopo</span> <span class='ocrx_word' id='word_1_163' title='bbox 546 1579 803 1608; x_wconf 70' lang='lat' dir='ltr'>Wratislaoiensi.</span> <span class='ocrx_word' id='word_1_164' title='bbox 828 1577 918 1606; x_wconf 82' lang='lat' dir='ltr'>Licet</span> <span class='ocrx_word' id='word_1_165' title='bbox 949 1576 1071 1614; x_wconf 70' lang='lat' dir='ltr'>grande</span> <span class='ocrx_word' id='word_1_166' title='bbox 1095 1575 1204 1605; x_wconf 84' lang='lat' dir='ltr'>scelus</span> <span class='ocrx_word' id='word_1_167' title='bbox 1222 1593 1271 1603; x_wconf 91' lang='lat'>—.</span> 
     </span>
     <span class='ocr_line' id='line_1_24' title="bbox 261 1628 1273 1672; baseline -0.007 -8"><span class='ocrx_word' id='word_1_168' title='bbox 261 1636 334 1664; x_wconf 87' lang='lat' dir='ltr'>Dat.</span> <span class='ocrx_word' id='word_1_169' title='bbox 359 1633 444 1672; x_wconf 88' lang='lat' dir='ltr'>apud</span> <span class='ocrx_word' id='word_1_170' title='bbox 467 1633 613 1671; x_wconf 86' lang='lat' dir='ltr'>Criptam</span> <span class='ocrx_word' id='word_1_171' title='bbox 638 1633 818 1662; x_wconf 70' lang='lat' dir='ltr'>Feri-atam.</span> <span class='ocrx_word' id='word_1_172' title='bbox 848 1630 945 1660; x_wconf 91' lang='lat' dir='ltr'>nonis</span> <span class='ocrx_word' id='word_1_173' title='bbox 970 1629 1114 1667; x_wconf 79' lang='lat' dir='ltr'>augusti,</span> <span class='ocrx_word' id='word_1_174' title='bbox 1139 1628 1273 1667; x_wconf 85' lang='lat' dir='ltr'>pontifi-</span> 
     </span>
     <span class='ocr_line' id='line_1_25' title="bbox 261 1683 893 1724; baseline -0.009 -7"><span class='ocrx_word' id='word_1_175' title='bbox 261 1693 354 1717; x_wconf 88' lang='lat' dir='ltr'>catus</span> <span class='ocrx_word' id='word_1_176' title='bbox 372 1686 475 1716; x_wconf 87' lang='lat' dir='ltr'>nostri</span> <span class='ocrx_word' id='word_1_177' title='bbox 494 1694 581 1714; x_wconf 89' lang='lat' dir='ltr'>anno</span> <span class='ocrx_word' id='word_1_178' title='bbox 598 1683 857 1724; x_wconf 87' lang='lat' dir='ltr'>quartodecimo.</span> <span class='ocrx_word' id='word_1_179' title='bbox 881 1695 893 1708; x_wconf 69' lang='grc' dir='ltr'>ι)</span> 
     </span>
    </p>
   </div>
   <div class='ocr_carea' id='block_1_11' title="bbox 333 1872 456 1900">
    <p class='ocr_par' dir='ltr' id='par_1_11' title="bbox 333 1872 456 1900">
     <span class='ocr_line' id='line_1_26' title="bbox 333 1872 456 1900; baseline 0 -1"><span class='ocrx_word' id='word_1_180' title='bbox 333 1872 456 1900; x_wconf 69' lang='lat'>5290</span> 
     </span>
    </p>
   </div>
   <div class='ocr_carea' id='block_1_12' title="bbox 262 1931 1274 2116">
    <p class='ocr_par' dir='ltr' id='par_1_12' title="bbox 262 1931 1274 2116">
     <span class='ocr_line' id='line_1_27' title="bbox 297 1931 1274 1969; baseline -0.005 -7"><span class='ocrx_word' id='word_1_181' title='bbox 297 1935 436 1969; x_wconf 85' lang='lat' dir='ltr'>Capitulo</span> <span class='ocrx_word' id='word_1_182' title='bbox 453 1933 648 1961; x_wconf 84' lang='lat' dir='ltr'>Dunelmensi</span> <span class='ocrx_word' id='word_1_183' title='bbox 665 1932 814 1966; x_wconf 78' lang='lat' dir='ltr'>significat</span> <span class='ocrx_word' id='word_1_184' title='bbox 834 1941 863 1958; x_wconf 87' lang='lat' dir='ltr'>se</span> <span class='ocrx_word' id='word_1_185' title='bbox 884 1932 1116 1959; x_wconf 86' lang='lat' dir='ltr'>Dunelmensem</span> <span class='ocrx_word' id='word_1_186' title='bbox 1138 1931 1274 1965; x_wconf 88' lang='lat' dir='ltr'>supprio-</span> 
     </span>
     <span class='ocr_line' id='line_1_28' title="bbox 262 1981 1272 2016; baseline -0.004 -6"><span class='ocrx_word' id='word_1_187' title='bbox 262 1993 333 2016; x_wconf 74' lang='lat' dir='ltr'>rein,</span> <span class='ocrx_word' id='word_1_188' title='bbox 349 1992 401 2010; x_wconf 87' lang='lat' dir='ltr'>nec</span> <span class='ocrx_word' id='word_1_189' title='bbox 414 1991 470 2009; x_wconf 87' lang='lat' dir='ltr'>non</span> <span class='ocrx_word' id='word_1_190' title='bbox 486 1983 522 2009; x_wconf 80' lang='lat' dir='ltr'>A.</span> <span class='ocrx_word' id='word_1_191' title='bbox 536 1985 564 2009; x_wconf 91' lang='lat' dir='ltr'>et</span> <span class='ocrx_word' id='word_1_192' title='bbox 577 1982 608 2008; x_wconf 89' lang='lat' dir='ltr'>L.</span> <span class='ocrx_word' id='word_1_193' title='bbox 625 1982 794 2012; x_wconf 76' lang='lat' dir='ltr'>monachos,</span> <span class='ocrx_word' id='word_1_194' title='bbox 808 1981 902 2015; x_wconf 85' lang='lat' dir='ltr'>ipsius</span> <span class='ocrx_word' id='word_1_195' title='bbox 916 1981 1043 2015; x_wconf 86' lang='lat' dir='ltr'>capituli</span> <span class='ocrx_word' id='word_1_196' title='bbox 1060 1983 1272 2014; x_wconf 88' lang='lat' dir='ltr'>procuratores,</span> 
     </span>
     <span class='ocr_line' id='line_1_29' title="bbox 263 2028 1273 2066; baseline -0.004 -6"><span class='ocrx_word' id='word_1_197' title='bbox 263 2033 388 2066; x_wconf 81' lang='lat' dir='ltr'>benigne</span> <span class='ocrx_word' id='word_1_198' title='bbox 399 2032 553 2066; x_wconf 78' lang='lat' dir='ltr'>recepisse,</span> <span class='ocrx_word' id='word_1_199' title='bbox 565 2035 593 2058; x_wconf 88' lang='lat' dir='ltr'>et</span> <span class='ocrx_word' id='word_1_200' title='bbox 605 2031 720 2057; x_wconf 79' lang='lat' dir='ltr'>eosdem</span> <span class='ocrx_word' id='word_1_201' title='bbox 733 2033 946 2064; x_wconf 69' lang='lat' dir='ltr'>procuratores,</span> <span class='ocrx_word' id='word_1_202' title='bbox 958 2038 974 2056; x_wconf 91' lang='lat' dir='ltr'>a</span> <span class='ocrx_word' id='word_1_203' title='bbox 986 2028 1043 2065; x_wconf 79' lang='lat' dir='ltr'>[T.]</span> <span class='ocrx_word' id='word_1_204' title='bbox 1057 2030 1152 2064; x_wconf 85' lang='lat' dir='ltr'>priore</span> <span class='ocrx_word' id='word_1_205' title='bbox 1164 2029 1273 2056; x_wconf 89' lang='lat' dir='ltr'>Dunel-</span> 
     </span>
     <span class='ocr_line' id='line_1_30' title="bbox 263 2079 1273 2116; baseline -0.004 -7"><span class='ocrx_word' id='word_1_206' title='bbox 263 2082 358 2109; x_wconf 87' lang='lat' dir='ltr'>mensi</span> <span class='ocrx_word' id='word_1_207' title='bbox 375 2083 496 2116; x_wconf 89' lang='lat' dir='ltr'>plenum</span> <span class='ocrx_word' id='word_1_208' title='bbox 514 2080 687 2107; x_wconf 88' lang='lat' dir='ltr'>mandatum</span> <span class='ocrx_word' id='word_1_209' title='bbox 707 2080 859 2111; x_wconf 84' lang='lat' dir='ltr'>habentes,</span> <span class='ocrx_word' id='word_1_210' title='bbox 872 2080 901 2106; x_wconf 91' lang='lat' dir='ltr'>in</span> <span class='ocrx_word' id='word_1_211' title='bbox 915 2079 1009 2113; x_wconf 88' lang='lat' dir='ltr'>ipsius</span> <span class='ocrx_word' id='word_1_212' title='bbox 1028 2087 1121 2113; x_wconf 86' lang='lat' dir='ltr'>papae</span> <span class='ocrx_word' id='word_1_213' title='bbox 1136 2079 1273 2105; x_wconf 86' lang='lat' dir='ltr'>manibus</span> 
     </span>
    </p>
   </div>
   <div class='ocr_carea' id='block_1_13' title="bbox 724 1868 1201 1901">
    <p class='ocr_par' dir='ltr' id='par_1_13' title="bbox 724 1868 1201 1901">
     <span class='ocr_line' id='line_1_31' title="bbox 724 1868 1201 1901; baseline -0.004 -4"><span class='ocrx_word' id='word_1_214' title='bbox 724 1870 828 1897; x_wconf 86' lang='lat' dir='ltr'>Grotta</span> <span class='ocrx_word' id='word_1_215' title='bbox 843 1870 974 1901; x_wconf 77' lang='lat' dir='ltr'>Ferrata,</span> <span class='ocrx_word' id='word_1_216' title='bbox 989 1868 1022 1895; x_wconf 88' lang='lat'>18</span> <span class='ocrx_word' id='word_1_217' title='bbox 1038 1871 1106 1895; x_wconf 81' lang='lat' dir='ltr'>aout</span> <span class='ocrx_word' id='word_1_218' title='bbox 1122 1868 1201 1895; x_wconf 71' lang='lat'>1240.</span> 
     </span>
    </p>
   </div>
   <div class='ocr_carea' id='block_1_14' title="bbox 262 2128 1274 2313">
    <p class='ocr_par' dir='ltr' id='par_1_14' title="bbox 262 2128 1274 2313">
     <span class='ocr_line' id='line_1_32' title="bbox 262 2128 1274 2165; baseline -0.004 -7"><span class='ocrx_word' id='word_1_219' title='bbox 262 2132 426 2165; x_wconf 80' lang='lat' dir='ltr'>resignasse</span> <span class='ocrx_word' id='word_1_220' title='bbox 441 2131 487 2164; x_wconf 81' lang='lat' dir='ltr'>jus</span> <span class='ocrx_word' id='word_1_221' title='bbox 510 2130 586 2164; x_wconf 85' lang='lat' dir='ltr'>quod</span> <span class='ocrx_word' id='word_1_222' title='bbox 610 2129 688 2156; x_wconf 85' lang='lat' dir='ltr'>idem</span> <span class='ocrx_word' id='word_1_223' title='bbox 715 2129 794 2163; x_wconf 89' lang='lat' dir='ltr'>prior</span> <span class='ocrx_word' id='word_1_224' title='bbox 817 2129 924 2155; x_wconf 85' lang='lat' dir='ltr'>habere</span> <span class='ocrx_word' id='word_1_225' title='bbox 941 2131 1055 2162; x_wconf 89' lang='lat' dir='ltr'>poterat</span> <span class='ocrx_word' id='word_1_226' title='bbox 1079 2129 1108 2154; x_wconf 90' lang='lat' dir='ltr'>in</span> <span class='ocrx_word' id='word_1_227' title='bbox 1130 2128 1274 2155; x_wconf 85' lang='lat' dir='ltr'>electione</span> 
     </span>
     <span class='ocr_line' id='line_1_33' title="bbox 262 2177 1274 2214; baseline -0.004 -7"><span class='ocrx_word' id='word_1_228' title='bbox 262 2188 349 2214; x_wconf 85' lang='lat' dir='ltr'>quan]</span> <span class='ocrx_word' id='word_1_229' title='bbox 367 2179 531 2213; x_wconf 87' lang='lat' dir='ltr'>capitulum</span> <span class='ocrx_word' id='word_1_230' title='bbox 549 2178 584 2204; x_wconf 91' lang='lat' dir='ltr'>de</span> <span class='ocrx_word' id='word_1_231' title='bbox 600 2178 662 2212; x_wconf 89' lang='lat' dir='ltr'>ipso</span> <span class='ocrx_word' id='word_1_232' title='bbox 679 2178 804 2209; x_wconf 77' lang='lat' dir='ltr'>fecerat&#39;;</span> <span class='ocrx_word' id='word_1_233' title='bbox 821 2177 900 2204; x_wconf 87' lang='lat' dir='ltr'>unde</span> <span class='ocrx_word' id='word_1_234' title='bbox 918 2186 964 2204; x_wconf 91' lang='lat' dir='ltr'>eos</span> <span class='ocrx_word' id='word_1_235' title='bbox 984 2180 1082 2203; x_wconf 83' lang='lat' dir='ltr'>monet</span> <span class='ocrx_word' id='word_1_236' title='bbox 1099 2179 1126 2203; x_wconf 87' lang='lat' dir='ltr'>et</span> <span class='ocrx_word' id='word_1_237' title='bbox 1140 2177 1274 2203; x_wconf 78' lang='lat' dir='ltr'>hortatur</span> 
     </span>
     <span class='ocr_line' id='line_1_34' title="bbox 263 2225 1273 2263; baseline -0.003 -8"><span class='ocrx_word' id='word_1_238' title='bbox 263 2232 408 2263; x_wconf 87' lang='lat' dir='ltr'>quatenus</span> <span class='ocrx_word' id='word_1_239' title='bbox 430 2228 465 2254; x_wconf 88' lang='lat' dir='ltr'>de</span> <span class='ocrx_word' id='word_1_240' title='bbox 486 2235 609 2262; x_wconf 85' lang='lat' dir='ltr'>persona</span> <span class='ocrx_word' id='word_1_241' title='bbox 632 2226 737 2253; x_wconf 83' lang='lat' dir='ltr'>idonea</span> <span class='ocrx_word' id='word_1_242' title='bbox 761 2226 817 2252; x_wconf 89' lang='lat' dir='ltr'>sibi</span> <span class='ocrx_word' id='word_1_243' title='bbox 837 2234 886 2260; x_wconf 88' lang='lat' dir='ltr'>per</span> <span class='ocrx_word' id='word_1_244' title='bbox 907 2226 1081 2252; x_wconf 84' lang='lat' dir='ltr'>electionem</span> <span class='ocrx_word' id='word_1_245' title='bbox 1099 2225 1273 2252; x_wconf 84' lang='lat' dir='ltr'>canonicam</span> 
     </span>
     <span class='ocr_line' id='line_1_35' title="bbox 263 2274 1273 2313; baseline -0.004 -8"><span class='ocrx_word' id='word_1_246' title='bbox 263 2287 313 2305; x_wconf 88' lang='lat' dir='ltr'>seu</span> <span class='ocrx_word' id='word_1_247' title='bbox 338 2277 566 2313; x_wconf 83' lang='lat' dir='ltr'>postulationem</span> <span class='ocrx_word' id='word_1_248' title='bbox 594 2277 624 2302; x_wconf 91' lang='lat' dir='ltr'>in</span> <span class='ocrx_word' id='word_1_249' title='bbox 651 2276 820 2310; x_wconf 88' lang='lat' dir='ltr'>episcopum</span> <span class='ocrx_word' id='word_1_250' title='bbox 844 2275 1031 2310; x_wconf 73' lang='lat' dir='ltr'>provideant.</span> <span class='ocrx_word' id='word_1_251' title='bbox 1062 2290 1093 2293; x_wconf 98' lang='lat'><strong>—</strong></span> <span class='ocrx_word' id='word_1_252' title='bbox 1118 2275 1205 2306; x_wconf 67' lang='lat' dir='ltr'>(Rae.</span> <span class='ocrx_word' id='word_1_253' title='bbox 1229 2274 1273 2307; x_wconf 78' lang='lat'>20,</span> 
     </span>
    </p>
   </div>
   <div class='ocr_carea' id='block_1_15' title="bbox 264 2404 1277 3011">
    <p class='ocr_par' dir='ltr' id='par_1_15' title="bbox 264 2404 1277 3011">
     <span class='ocr_line' id='line_1_36' title="bbox 297 2404 1275 2435; baseline -0.003 -5"><span class='ocrx_word' id='word_1_254' title='bbox 297 2407 317 2430; x_wconf 83' lang='lat' dir='ltr'>l.</span> <span class='ocrx_word' id='word_1_255' title='bbox 335 2407 354 2430; x_wconf 87' lang='lat' dir='ltr'>ll</span> <span class='ocrx_word' id='word_1_256' title='bbox 371 2411 412 2430; x_wconf 82' lang='lat' dir='ltr'>est</span> <span class='ocrx_word' id='word_1_257' title='bbox 428 2406 532 2429; x_wconf 83' lang='lat' dir='ltr'>certain</span> <span class='ocrx_word' id='word_1_258' title='bbox 546 2412 598 2435; x_wconf 85' lang='lat' dir='ltr'>que</span> <span class='ocrx_word' id='word_1_259' title='bbox 612 2408 682 2428; x_wconf 82' lang='lat' dir='ltr'>cette</span> <span class='ocrx_word' id='word_1_260' title='bbox 696 2405 785 2433; x_wconf 80' lang='lat' dir='ltr'>lettre,</span> <span class='ocrx_word' id='word_1_261' title='bbox 800 2410 905 2427; x_wconf 87' lang='lat' dir='ltr'>comme</span> <span class='ocrx_word' id='word_1_262' title='bbox 919 2404 943 2426; x_wconf 91' lang='lat' dir='ltr'>le</span> <span class='ocrx_word' id='word_1_263' title='bbox 959 2406 1095 2433; x_wconf 89' lang='lat' dir='ltr'>prouvent</span> <span class='ocrx_word' id='word_1_264' title='bbox 1108 2404 1147 2426; x_wconf 87' lang='lat' dir='ltr'>les</span> <span class='ocrx_word' id='word_1_265' title='bbox 1162 2410 1275 2434; x_wconf 83' lang='lat' dir='ltr'>expres-</span> 
     </span>
     <span class='ocr_line' id='line_1_37' title="bbox 264 2449 1276 2480; baseline -0.004 -5"><span class='ocrx_word' id='word_1_266' title='bbox 264 2453 340 2475; x_wconf 85' lang='lat' dir='ltr'>sions</span> <span class='ocrx_word' id='word_1_267' title='bbox 365 2452 561 2480; x_wconf 75' lang='lat' dir='ltr'>impendentes</span> <span class='ocrx_word' id='word_1_268' title='bbox 573 2469 578 2477; x_wconf 88' lang='grc'>,</span> <span class='ocrx_word' id='word_1_269' title='bbox 603 2463 633 2466; x_wconf 94' lang='grc'><strong>-</strong></span> <span class='ocrx_word' id='word_1_270' title='bbox 659 2451 857 2478; x_wconf 58' lang='lat' dir='ltr'>injungentes,</span> <span class='ocrx_word' id='word_1_271' title='bbox 882 2461 914 2465; x_wconf 91' lang='lat'>-—</span> <span class='ocrx_word' id='word_1_272' title='bbox 937 2450 1129 2477; x_wconf 61' lang='lat' dir='ltr'>compellans,</span> <span class='ocrx_word' id='word_1_273' title='bbox 1156 2461 1184 2465; x_wconf 85' lang='lat'><em>-</em></span> <span class='ocrx_word' id='word_1_274' title='bbox 1210 2449 1276 2471; x_wconf 79' lang='lat' dir='ltr'>etait</span> 
     </span>
     <span class='ocr_line' id='line_1_38' title="bbox 265 2492 1276 2524; baseline -0.004 -6"><span class='ocrx_word' id='word_1_275' title='bbox 265 2496 393 2518; x_wconf 79' lang='lat' dir='ltr'>adressee</span> <span class='ocrx_word' id='word_1_276' title='bbox 409 2495 423 2518; x_wconf 73' lang='grc' dir='ltr'>ἐι</span> <span class='ocrx_word' id='word_1_277' title='bbox 439 2494 511 2517; x_wconf 80' lang='lat' dir='ltr'>deux</span> <span class='ocrx_word' id='word_1_278' title='bbox 534 2500 686 2524; x_wconf 79' lang='lat' dir='ltr'>personnes</span> <span class='ocrx_word' id='word_1_279' title='bbox 703 2501 736 2516; x_wconf 88' lang='lat' dir='ltr'>au</span> <span class='ocrx_word' id='word_1_280' title='bbox 755 2493 859 2521; x_wconf 80' lang='lat' dir='ltr'>nioins;</span> <span class='ocrx_word' id='word_1_281' title='bbox 881 2492 1050 2522; x_wconf 80' lang='lat' dir='ltr'>cependant,</span> <span class='ocrx_word' id='word_1_282' title='bbox 1072 2492 1139 2515; x_wconf 82' lang='lat' dir='ltr'>dans</span> <span class='ocrx_word' id='word_1_283' title='bbox 1159 2492 1183 2515; x_wconf 77' lang='lat' dir='ltr'>la</span> <span class='ocrx_word' id='word_1_284' title='bbox 1204 2493 1276 2515; x_wconf 80' lang='lat' dir='ltr'>table</span> 
     </span>
     <span class='ocr_line' id='line_1_39' title="bbox 265 2536 1275 2569; baseline -0.002 -7"><span class='ocrx_word' id='word_1_285' title='bbox 265 2540 313 2563; x_wconf 88' lang='lat' dir='ltr'>des</span> <span class='ocrx_word' id='word_1_286' title='bbox 330 2540 473 2569; x_wconf 84' lang='lat' dir='ltr'>rubriques</span> <span class='ocrx_word' id='word_1_287' title='bbox 487 2545 589 2561; x_wconf 84' lang='lat' dir='ltr'>comme</span> <span class='ocrx_word' id='word_1_288' title='bbox 604 2538 671 2561; x_wconf 81' lang='lat' dir='ltr'>dans</span> <span class='ocrx_word' id='word_1_289' title='bbox 685 2538 710 2560; x_wconf 78' lang='lat' dir='ltr'>la</span> <span class='ocrx_word' id='word_1_290' title='bbox 725 2537 855 2567; x_wconf 83' lang='lat' dir='ltr'>rubrique</span> <span class='ocrx_word' id='word_1_291' title='bbox 871 2537 967 2565; x_wconf 86' lang='lat' dir='ltr'>me&#39;me,</span> <span class='ocrx_word' id='word_1_292' title='bbox 981 2536 1105 2566; x_wconf 75' lang='lat' dir='ltr'>l&#39;eveque</span> <span class='ocrx_word' id='word_1_293' title='bbox 1116 2536 1149 2559; x_wconf 90' lang='lat' dir='ltr'>de</span> <span class='ocrx_word' id='word_1_294' title='bbox 1162 2536 1275 2560; x_wconf 76' lang='lat' dir='ltr'>Breslau</span> 
     </span>
     <span class='ocr_line' id='line_1_40' title="bbox 265 2580 1277 2612; baseline -0.004 -5"><span class='ocrx_word' id='word_1_295' title='bbox 265 2588 305 2607; x_wconf 76' lang='lat' dir='ltr'>est</span> <span class='ocrx_word' id='word_1_296' title='bbox 322 2584 346 2606; x_wconf 84' lang='lat' dir='ltr'>le</span> <span class='ocrx_word' id='word_1_297' title='bbox 362 2584 419 2606; x_wconf 80' lang='lat' dir='ltr'>seul</span> <span class='ocrx_word' id='word_1_298' title='bbox 437 2583 615 2606; x_wconf 73' lang='lat' dir='ltr'>destinataire</span> <span class='ocrx_word' id='word_1_299' title='bbox 632 2581 755 2612; x_wconf 75' lang='lat' dir='ltr'>indique.</span> <span class='ocrx_word' id='word_1_300' title='bbox 769 2595 796 2598; x_wconf 88' lang='lat'>-—</span> <span class='ocrx_word' id='word_1_301' title='bbox 807 2581 879 2604; x_wconf 75' lang='lat' dir='ltr'>C&#39;cst</span> <span class='ocrx_word' id='word_1_302' title='bbox 898 2580 1246 2604; x_wconf 59' lang='lat' dir='ltr'>tresvraisemblablement</span> <span class='ocrx_word' id='word_1_303' title='bbox 1262 2580 1277 2603; x_wconf 71' lang='lat' dir='ltr'>a</span> 
     </span>
     <span class='ocr_line' id='line_1_41' title="bbox 264 2624 1275 2654; baseline -0.004 -3"><span class='ocrx_word' id='word_1_304' title='bbox 264 2628 404 2651; x_wconf 73' lang='lat' dir='ltr'>l&#39;Histoi-ia</span> <span class='ocrx_word' id='word_1_305' title='bbox 417 2629 547 2650; x_wconf 76' lang='lat' dir='ltr'>Polonica</span> <span class='ocrx_word' id='word_1_306' title='bbox 561 2626 594 2649; x_wconf 84' lang='lat' dir='ltr'>do</span> <span class='ocrx_word' id='word_1_307' title='bbox 607 2626 738 2649; x_wconf 79' lang='lat' dir='ltr'>DLL&#39;Gosz</span> <span class='ocrx_word' id='word_1_308' title='bbox 750 2625 884 2652; x_wconf 57' lang='lat' dir='ltr'>iJoannes</span> <span class='ocrx_word' id='word_1_309' title='bbox 894 2624 1047 2654; x_wconf 87' lang='lat' dir='ltr'>Dlugossus</span> <span class='ocrx_word' id='word_1_310' title='bbox 1059 2631 1108 2647; x_wconf 86' lang='lat' dir='ltr'>seu</span> <span class='ocrx_word' id='word_1_311' title='bbox 1123 2624 1275 2654; x_wconf 83' lang='lat' dir='ltr'>Longinus)</span> 
     </span>
     <span class='ocr_line' id='line_1_42' title="bbox 266 2669 1276 2702; baseline -0.003 -7"><span class='ocrx_word' id='word_1_312' title='bbox 266 2679 318 2702; x_wconf 83' lang='lat' dir='ltr'>que</span> <span class='ocrx_word' id='word_1_313' title='bbox 332 2672 477 2695; x_wconf 65' lang='lat' dir='ltr'>RAYNALoi</span> <span class='ocrx_word' id='word_1_314' title='bbox 495 2673 638 2698; x_wconf 75' lang='lat' dir='ltr'>(Annales,</span> <span class='ocrx_word' id='word_1_315' title='bbox 658 2677 721 2694; x_wconf 90' lang='lat' dir='ltr'>ann.</span> <span class='ocrx_word' id='word_1_316' title='bbox 744 2669 812 2698; x_wconf 64' lang='lat'>1240,</span> <span class='ocrx_word' id='word_1_317' title='bbox 831 2670 842 2699; x_wconf 72' lang='grc' dir='ltr'>Ξ</span> <span class='ocrx_word' id='word_1_318' title='bbox 862 2669 899 2698; x_wconf 81' lang='grc'>37)</span> <span class='ocrx_word' id='word_1_319' title='bbox 921 2677 936 2692; x_wconf 89' lang='lat' dir='ltr'>a</span> <span class='ocrx_word' id='word_1_320' title='bbox 952 2669 1096 2699; x_wconf 78' lang='lat' dir='ltr'>emprunte</span> <span class='ocrx_word' id='word_1_321' title='bbox 1111 2669 1137 2692; x_wconf 85' lang='lat' dir='ltr'>la</span> <span class='ocrx_word' id='word_1_322' title='bbox 1153 2670 1276 2693; x_wconf 79' lang='lat' dir='ltr'>mention</span> 
     </span>
     <span class='ocr_line' id='line_1_43' title="bbox 267 2713 1274 2743; baseline -0.003 -4"><span class='ocrx_word' id='word_1_323' title='bbox 267 2717 300 2739; x_wconf 81' lang='lat' dir='ltr'>de</span> <span class='ocrx_word' id='word_1_324' title='bbox 314 2723 343 2739; x_wconf 88' lang='lat' dir='ltr'>ee</span> <span class='ocrx_word' id='word_1_325' title='bbox 360 2717 509 2743; x_wconf 76' lang='lat' dir='ltr'>Gerar-dus,</span> <span class='ocrx_word' id='word_1_326' title='bbox 526 2715 711 2738; x_wconf 78' lang='lat' dir='ltr'>scholasticus</span> <span class='ocrx_word' id='word_1_327' title='bbox 726 2714 803 2743; x_wconf 83' lang='lat' dir='ltr'>(dont</span> <span class='ocrx_word' id='word_1_328' title='bbox 826 2714 842 2736; x_wconf 86' lang='lat' dir='ltr'>il</span> <span class='ocrx_word' id='word_1_329' title='bbox 865 2714 913 2736; x_wconf 83' lang='lat' dir='ltr'>fait</span> <span class='ocrx_word' id='word_1_330' title='bbox 933 2720 969 2736; x_wconf 88' lang='lat' dir='ltr'>un</span> <span class='ocrx_word' id='word_1_331' title='bbox 992 2713 1089 2743; x_wconf 79' lang='lat' dir='ltr'>simple</span> <span class='ocrx_word' id='word_1_332' title='bbox 1108 2714 1274 2742; x_wconf 75' lang='lat' dir='ltr'>canonicus)</span> 
     </span>
     <span class='ocr_line' id='line_1_44' title="bbox 267 2757 1275 2787; baseline -0.003 -4"><span class='ocrx_word' id='word_1_333' title='bbox 267 2761 470 2784; x_wconf 79' lang='lat' dir='ltr'>Cracovieusis.</span> <span class='ocrx_word' id='word_1_334' title='bbox 487 2758 529 2782; x_wconf 89' lang='lat' dir='ltr'>On</span> <span class='ocrx_word' id='word_1_335' title='bbox 545 2759 585 2787; x_wconf 77' lang='lat' dir='ltr'>lit,</span> <span class='ocrx_word' id='word_1_336' title='bbox 603 2765 635 2781; x_wconf 81' lang='lat' dir='ltr'>en</span> <span class='ocrx_word' id='word_1_337' title='bbox 652 2758 723 2781; x_wconf 79' lang='lat' dir='ltr'>effet.</span> <span class='ocrx_word' id='word_1_338' title='bbox 741 2758 809 2780; x_wconf 87' lang='lat' dir='ltr'>dans</span> <span class='ocrx_word' id='word_1_339' title='bbox 826 2757 966 2785; x_wconf 67' lang='lat' dir='ltr'>DLL&#39;Gosz,</span> <span class='ocrx_word' id='word_1_340' title='bbox 984 2761 1000 2780; x_wconf 88' lang='lat' dir='ltr'>t.</span> <span class='ocrx_word' id='word_1_341' title='bbox 1019 2757 1028 2780; x_wconf 88' lang='lat' dir='ltr'>I</span> <span class='ocrx_word' id='word_1_342' title='bbox 1047 2757 1178 2787; x_wconf 78' lang='lat' dir='ltr'>(Leipzig.</span> <span class='ocrx_word' id='word_1_343' title='bbox 1199 2757 1275 2786; x_wconf 78' lang='lat'>1711),</span> 
     </span>
     <span class='ocr_line' id='line_1_45' title="bbox 267 2801 1276 2832; baseline -0.003 -4"><span class='ocrx_word' id='word_1_344' title='bbox 267 2805 318 2828; x_wconf 86' lang='lat' dir='ltr'>col.</span> <span class='ocrx_word' id='word_1_345' title='bbox 337 2805 382 2828; x_wconf 82' lang='grc'>666</span> <span class='ocrx_word' id='word_1_346' title='bbox 400 2804 429 2831; x_wconf 83' lang='grc' dir='ltr'>Β,</span> <span class='ocrx_word' id='word_1_347' title='bbox 446 2811 509 2826; x_wconf 84' lang='lat' dir='ltr'>ann.</span> <span class='ocrx_word' id='word_1_348' title='bbox 536 2803 593 2827; x_wconf 66' lang='lat'>1240</span> <span class='ocrx_word' id='word_1_349' title='bbox 612 2810 617 2826; x_wconf 76' lang='lat' dir='ltr'>t</span> <span class='ocrx_word' id='word_1_350' title='bbox 640 2812 650 2825; x_wconf 60' lang='grc' dir='ltr'>α</span> <span class='ocrx_word' id='word_1_351' title='bbox 674 2803 825 2832; x_wconf 80' lang='lat' dir='ltr'>Gregorius</span> <span class='ocrx_word' id='word_1_352' title='bbox 846 2809 966 2825; x_wconf 66' lang='lat' dir='ltr'>nonus...</span> <span class='ocrx_word' id='word_1_353' title='bbox 987 2801 1107 2825; x_wconf 80' lang='lat' dir='ltr'>Thomae</span> <span class='ocrx_word' id='word_1_354' title='bbox 1131 2801 1276 2825; x_wconf 83' lang='lat' dir='ltr'>Wratisla-</span> 
     </span>
     <span class='ocr_line' id='line_1_46' title="bbox 267 2846 1274 2879; baseline -0.003 -7"><span class='ocrx_word' id='word_1_355' title='bbox 267 2850 355 2872; x_wconf 77' lang='lat' dir='ltr'>viensi</span> <span class='ocrx_word' id='word_1_356' title='bbox 369 2849 500 2879; x_wconf 84' lang='lat' dir='ltr'>episcopo</span> <span class='ocrx_word' id='word_1_357' title='bbox 517 2851 542 2871; x_wconf 88' lang='lat' dir='ltr'>et</span> <span class='ocrx_word' id='word_1_358' title='bbox 554 2847 676 2871; x_wconf 85' lang='lat' dir='ltr'>Gerardo</span> <span class='ocrx_word' id='word_1_359' title='bbox 693 2847 871 2870; x_wconf 78' lang='lat' dir='ltr'>Cracoviensi</span> <span class='ocrx_word' id='word_1_360' title='bbox 888 2846 1053 2870; x_wconf 82' lang='lat' dir='ltr'>scholastico</span> <span class='ocrx_word' id='word_1_361' title='bbox 1069 2846 1144 2870; x_wconf 81' lang='lat' dir='ltr'>dedit</span> <span class='ocrx_word' id='word_1_362' title='bbox 1159 2846 1186 2869; x_wconf 90' lang='lat' dir='ltr'>in</span> <span class='ocrx_word' id='word_1_363' title='bbox 1199 2853 1274 2869; x_wconf 85' lang='lat' dir='ltr'>man-</span> 
     </span>
     <span class='ocr_line' id='line_1_47' title="bbox 267 2890 1275 2923; baseline -0.003 -7"><span class='ocrx_word' id='word_1_364' title='bbox 267 2894 349 2922; x_wconf 82' lang='lat' dir='ltr'>datis,</span> <span class='ocrx_word' id='word_1_365' title='bbox 365 2897 404 2921; x_wconf 86' lang='lat' dir='ltr'>ut,</span> <span class='ocrx_word' id='word_1_366' title='bbox 416 2896 525 2923; x_wconf 83' lang='lat' dir='ltr'>recepta</span> <span class='ocrx_word' id='word_1_367' title='bbox 541 2899 555 2915; x_wconf 86' lang='lat' dir='ltr'>a</span> <span class='ocrx_word' id='word_1_368' title='bbox 567 2892 637 2914; x_wconf 88' lang='lat' dir='ltr'>duce</span> <span class='ocrx_word' id='word_1_369' title='bbox 653 2890 781 2915; x_wconf 87' lang='lat' dir='ltr'>Conrado</span> <span class='ocrx_word' id='word_1_370' title='bbox 798 2890 935 2920; x_wconf 79' lang='lat' dir='ltr'>condigna</span> <span class='ocrx_word' id='word_1_371' title='bbox 950 2890 1150 2919; x_wconf 76' lang='lat' dir='ltr'>satisfactione,</span> <span class='ocrx_word' id='word_1_372' title='bbox 1164 2890 1275 2913; x_wconf 76' lang='lat' dir='ltr'>absolu-</span> 
     </span>
     <span class='ocr_line' id='line_1_48' title="bbox 267 2934 1275 2966; baseline -0.003 -5"><span class='ocrx_word' id='word_1_373' title='bbox 267 2939 350 2961; x_wconf 70' lang='lat' dir='ltr'>tionis</span> <span class='ocrx_word' id='word_1_374' title='bbox 363 2937 524 2960; x_wconf 85' lang='lat' dir='ltr'>beneficium</span> <span class='ocrx_word' id='word_1_375' title='bbox 538 2936 626 2959; x_wconf 84' lang='lat' dir='ltr'>eidem</span> <span class='ocrx_word' id='word_1_376' title='bbox 639 2935 862 2966; x_wconf 75' lang='lat' dir='ltr'>impenderent.»</span> <span class='ocrx_word' id='word_1_377' title='bbox 875 2934 1015 2962; x_wconf 72' lang='lat' dir='ltr'>THEINER,</span> <span class='ocrx_word' id='word_1_378' title='bbox 1026 2937 1152 2958; x_wconf 75' lang='lat' dir='ltr'>Menum.</span> <span class='ocrx_word' id='word_1_379' title='bbox 1168 2936 1275 2961; x_wconf 72' lang='lat' dir='ltr'>Polou..</span> 
     </span>
     <span class='ocr_line' id='line_1_49' title="bbox 268 2979 1063 3011; baseline -0.005 -5"><span class='ocrx_word' id='word_1_380' title='bbox 268 2983 288 3009; x_wconf 83' lang='grc' dir='ltr'>Ι,</span> <span class='ocrx_word' id='word_1_381' title='bbox 305 2982 343 3011; x_wconf 74' lang='lat'>35,</span> <span class='ocrx_word' id='word_1_382' title='bbox 359 2987 386 3005; x_wconf 90' lang='lat' dir='ltr'>n·</span> <span class='ocrx_word' id='word_1_383' title='bbox 402 2981 440 3010; x_wconf 74' lang='lat'>74,</span> <span class='ocrx_word' id='word_1_384' title='bbox 457 2988 490 3004; x_wconf 88' lang='lat' dir='ltr'>ne</span> <span class='ocrx_word' id='word_1_385' title='bbox 507 2981 664 3004; x_wconf 85' lang='lat' dir='ltr'>mentioune</span> <span class='ocrx_word' id='word_1_386' title='bbox 681 2987 734 3010; x_wconf 85' lang='lat' dir='ltr'>que</span> <span class='ocrx_word' id='word_1_387' title='bbox 751 2980 874 3010; x_wconf 57' lang='lat' dir='ltr'>leveque</span> <span class='ocrx_word' id='word_1_388' title='bbox 891 2979 923 3002; x_wconf 88' lang='lat' dir='ltr'>de</span> <span class='ocrx_word' id='word_1_389' title='bbox 940 2979 1063 3003; x_wconf 78' lang='lat' dir='ltr'>Breslau.</span> 
     </span>
    </p>
   </div>
   <div class='ocr_carea' id='block_1_16' title="bbox 1352 366 2360 446">
    <p class='ocr_par' dir='ltr' id='par_1_16' title="bbox 1352 366 2360 446">
     <span class='ocr_line' id='line_1_50' title="bbox 1352 366 2360 401; baseline 0.003 -9"><span class='ocrx_word' id='word_1_390' title='bbox 1352 367 1372 392; x_wconf 63' lang='grc' dir='ltr'>Γ.</span> <span class='ocrx_word' id='word_1_391' title='bbox 1389 366 1422 392; x_wconf 67' lang='lat'>27</span> <span class='ocrx_word' id='word_1_392' title='bbox 1439 370 1481 397; x_wconf 73' lang='lat' dir='ltr'>v“;</span> <span class='ocrx_word' id='word_1_393' title='bbox 1499 375 1568 393; x_wconf 86' lang='lat' dir='ltr'>ann.</span> <span class='ocrx_word' id='word_1_394' title='bbox 1587 367 1670 397; x_wconf 75' lang='lat' dir='ltr'>XIV.</span> <span class='ocrx_word' id='word_1_395' title='bbox 1688 376 1712 394; x_wconf 85' lang='lat' dir='ltr'>c.</span> <span class='ocrx_word' id='word_1_396' title='bbox 1730 368 1797 399; x_wconf 83' lang='lat'>153;</span> <span class='ocrx_word' id='word_1_397' title='bbox 1817 383 1848 386; x_wconf 95' lang='lat'><strong>—</strong></span> <span class='ocrx_word' id='word_1_398' title='bbox 1869 369 1906 394; x_wconf 81' lang='lat' dir='ltr'>et.</span> <span class='ocrx_word' id='word_1_399' title='bbox 1924 375 2020 400; x_wconf 80' lang='lat' dir='ltr'>supra,</span> <span class='ocrx_word' id='word_1_400' title='bbox 2042 376 2070 394; x_wconf 87' lang='lat'>11.</span> <span class='ocrx_word' id='word_1_401' title='bbox 2089 368 2168 401; x_wconf 68' lang='lat'>4313,</span> <span class='ocrx_word' id='word_1_402' title='bbox 2188 368 2267 401; x_wconf 82' lang='lat'>4314,</span> <span class='ocrx_word' id='word_1_403' title='bbox 2290 368 2360 395; x_wconf 84' lang='lat'>4548</span> 
     </span>
     <span class='ocr_line' id='line_1_51' title="bbox 1352 415 1487 446; baseline 0.007 -5"><span class='ocrx_word' id='word_1_404' title='bbox 1352 418 1379 441; x_wconf 87' lang='lat' dir='ltr'>et</span> <span class='ocrx_word' id='word_1_405' title='bbox 1394 415 1487 446; x_wconf 85' lang='lat'>4946.)</span> 
     </span>
    </p>
   </div>
   <div class='ocr_carea' id='block_1_17' title="bbox 1352 524 2360 668">
    <p class='ocr_par' dir='ltr' id='par_1_17' title="bbox 1352 524 2360 668">
     <span class='ocr_line' id='line_1_52' title="bbox 1393 524 2358 564; baseline 0.003 -12"><span class='ocrx_word' id='word_1_406' title='bbox 1393 536 1404 549; x_wconf 88' lang='lat'>«</span> <span class='ocrx_word' id='word_1_407' title='bbox 1430 525 1570 561; x_wconf 70' lang='lat' dir='ltr'>Capitale</span> <span class='ocrx_word' id='word_1_408' title='bbox 1593 525 1799 553; x_wconf 78' lang='lat' dir='ltr'>Dzmelmensi.</span> <span class='ocrx_word' id='word_1_409' title='bbox 1821 524 1912 554; x_wconf 87' lang='lat' dir='ltr'>Bone</span> <span class='ocrx_word' id='word_1_410' title='bbox 1934 525 2091 555; x_wconf 85' lang='lat' dir='ltr'>memorie</span> <span class='ocrx_word' id='word_1_411' title='bbox 2110 549 2129 554; x_wconf 92' lang='lat'>..</span> <span class='ocrx_word' id='word_1_412' title='bbox 2153 526 2358 564; x_wconf 80' lang='lat' dir='ltr'>suppriorem</span> 
     </span>
     <span class='ocr_line' id='line_1_53' title="bbox 1352 577 2360 617; baseline 0.003 -12"><span class='ocrx_word' id='word_1_413' title='bbox 1352 593 1397 605; x_wconf 84' lang='lat'>—.</span> <span class='ocrx_word' id='word_1_414' title='bbox 1418 578 1490 606; x_wconf 83' lang='lat' dir='ltr'>Dat.</span> <span class='ocrx_word' id='word_1_415' title='bbox 1521 577 1605 615; x_wconf 85' lang='lat' dir='ltr'>apud</span> <span class='ocrx_word' id='word_1_416' title='bbox 1631 577 1777 615; x_wconf 84' lang='lat' dir='ltr'>Criptam</span> <span class='ocrx_word' id='word_1_417' title='bbox 1803 578 1984 607; x_wconf 70' lang='lat' dir='ltr'>Feri-atam.</span> <span class='ocrx_word' id='word_1_418' title='bbox 2013 578 2073 608; x_wconf 74' lang='lat' dir='ltr'>XV</span> <span class='ocrx_word' id='word_1_419' title='bbox 2100 578 2259 608; x_wconf 80' lang='lat' dir='ltr'>kalendas</span> <span class='ocrx_word' id='word_1_420' title='bbox 2286 588 2360 617; x_wconf 86' lang='lat' dir='ltr'>sep-</span> 
     </span>
     <span class='ocr_line' id='line_1_54' title="bbox 1352 630 1914 668; baseline -0.004 -10"><span class='ocrx_word' id='word_1_421' title='bbox 1352 630 1500 664; x_wconf 84' lang='lat' dir='ltr'>tembris.</span> <span class='ocrx_word' id='word_1_422' title='bbox 1519 639 1604 660; x_wconf 88' lang='lat' dir='ltr'>anno</span> <span class='ocrx_word' id='word_1_423' title='bbox 1622 630 1878 668; x_wconf 80' lang='lat' dir='ltr'>quartodecimo.</span> <span class='ocrx_word' id='word_1_424' title='bbox 1901 642 1914 656; x_wconf 85' lang='lat'>»</span> 
     </span>
    </p>
   </div>
   <div class='ocr_carea' id='block_1_18' title="bbox 1421 837 1535 865">
    <p class='ocr_par' dir='ltr' id='par_1_18' title="bbox 1421 837 1535 865">
     <span class='ocr_line' id='line_1_55' title="bbox 1421 837 1535 865; baseline -0.009 0"><span class='ocrx_word' id='word_1_425' title='bbox 1421 837 1535 865; x_wconf 71' lang='lat'>529¹</span> 
     </span>
    </p>
   </div>
   <div class='ocr_carea' id='block_1_19' title="bbox 1351 899 2362 1224">
    <p class='ocr_par' dir='ltr' id='par_1_19' title="bbox 1351 899 2362 1224">
     <span class='ocr_line' id='line_1_56' title="bbox 1387 899 2361 934; baseline 0.002 -9"><span class='ocrx_word' id='word_1_426' title='bbox 1387 899 1537 926; x_wconf 85' lang='lat' dir='ltr'>Decanum</span> <span class='ocrx_word' id='word_1_427' title='bbox 1558 903 1585 926; x_wconf 88' lang='lat' dir='ltr'>et</span> <span class='ocrx_word' id='word_1_428' title='bbox 1606 900 1770 934; x_wconf 87' lang='lat' dir='ltr'>capitulum</span> <span class='ocrx_word' id='word_1_429' title='bbox 1791 900 2011 927; x_wconf 88' lang='lat' dir='ltr'>Londonienses</span> <span class='ocrx_word' id='word_1_430' title='bbox 2032 904 2129 927; x_wconf 89' lang='lat' dir='ltr'>monet</span> <span class='ocrx_word' id='word_1_431' title='bbox 2148 904 2175 927; x_wconf 89' lang='lat' dir='ltr'>et</span> <span class='ocrx_word' id='word_1_432' title='bbox 2191 903 2271 934; x_wconf 78' lang='lat' dir='ltr'>rogat</span> <span class='ocrx_word' id='word_1_433' title='bbox 2288 909 2361 934; x_wconf 88' lang='lat' dir='ltr'>qua-</span> 
     </span>
     <span class='ocr_line' id='line_1_57' title="bbox 1351 948 2361 983; baseline 0.002 -9"><span class='ocrx_word' id='word_1_434' title='bbox 1351 953 1436 975; x_wconf 84' lang='lat' dir='ltr'>tenus</span> <span class='ocrx_word' id='word_1_435' title='bbox 1454 948 1543 983; x_wconf 86' lang='lat' dir='ltr'>priori</span> <span class='ocrx_word' id='word_1_436' title='bbox 1561 951 1589 975; x_wconf 86' lang='lat' dir='ltr'>et</span> <span class='ocrx_word' id='word_1_437' title='bbox 1604 949 1754 975; x_wconf 84' lang='lat' dir='ltr'>canonicis</span> <span class='ocrx_word' id='word_1_438' title='bbox 1771 949 1912 976; x_wconf 86' lang='lat' dir='ltr'>ecclesiae</span> <span class='ocrx_word' id='word_1_439' title='bbox 1929 949 2055 976; x_wconf 80' lang='lat' dir='ltr'>Sanctae</span> <span class='ocrx_word' id='word_1_440' title='bbox 2071 949 2228 976; x_wconf 79' lang='lat' dir='ltr'>Trinitatis</span> <span class='ocrx_word' id='word_1_441' title='bbox 2245 950 2361 976; x_wconf 90' lang='lat' dir='ltr'>Londo—</span> 
     </span>
     <span class='ocr_line' id='line_1_58' title="bbox 1352 998 2361 1031; baseline 0.001 -7"><span class='ocrx_word' id='word_1_442' title='bbox 1352 998 1464 1024; x_wconf 80' lang='lat' dir='ltr'>niensis</span> <span class='ocrx_word' id='word_1_443' title='bbox 1480 1005 1566 1031; x_wconf 90' lang='lat' dir='ltr'>super</span> <span class='ocrx_word' id='word_1_444' title='bbox 1583 998 1768 1024; x_wconf 84' lang='lat' dir='ltr'>concessione</span> <span class='ocrx_word' id='word_1_445' title='bbox 1789 998 1884 1024; x_wconf 85' lang='lat' dir='ltr'>eidem</span> <span class='ocrx_word' id='word_1_446' title='bbox 1902 998 2043 1025; x_wconf 77' lang='lat' dir='ltr'>ecclesiae</span> <span class='ocrx_word' id='word_1_447' title='bbox 2060 998 2188 1025; x_wconf 87' lang='lat' dir='ltr'>Sanctae</span> <span class='ocrx_word' id='word_1_448' title='bbox 2203 998 2361 1025; x_wconf 85' lang='lat' dir='ltr'>Trinitatis</span> 
     </span>
     <span class='ocr_line' id='line_1_59' title="bbox 1351 1047 2362 1081; baseline 0.002 -9"><span class='ocrx_word' id='word_1_449' title='bbox 1351 1047 1422 1072; x_wconf 84' lang='lat' dir='ltr'>olim</span> <span class='ocrx_word' id='word_1_450' title='bbox 1446 1056 1463 1073; x_wconf 82' lang='lat' dir='ltr'>a</span> <span class='ocrx_word' id='word_1_451' title='bbox 1485 1047 1621 1076; x_wconf 71' lang='lat' dir='ltr'>Roberto.</span> <span class='ocrx_word' id='word_1_452' title='bbox 1645 1047 1846 1074; x_wconf 82' lang='lat' dir='ltr'>Londoniensi</span> <span class='ocrx_word' id='word_1_453' title='bbox 1869 1047 2016 1081; x_wconf 84' lang='lat' dir='ltr'>episcopo,</span> <span class='ocrx_word' id='word_1_454' title='bbox 2038 1048 2116 1074; x_wconf 86' lang='lat' dir='ltr'>facta</span> <span class='ocrx_word' id='word_1_455' title='bbox 2134 1047 2170 1073; x_wconf 89' lang='lat' dir='ltr'>de</span> <span class='ocrx_word' id='word_1_456' title='bbox 2186 1048 2310 1074; x_wconf 89' lang='lat' dir='ltr'>ecclesia</span> <span class='ocrx_word' id='word_1_457' title='bbox 2326 1047 2362 1073; x_wconf 88' lang='lat' dir='ltr'>de</span> 
     </span>
     <span class='ocr_line' id='line_1_60' title="bbox 1353 1095 2362 1127; baseline 0.002 -6"><span class='ocrx_word' id='word_1_458' title='bbox 1353 1095 1505 1121; x_wconf 84' lang='lat' dir='ltr'>Bromteld</span> <span class='ocrx_word' id='word_1_459' title='bbox 1529 1097 1574 1127; x_wconf 69' lang='grc' dir='ltr'>(τ-</span> <span class='ocrx_word' id='word_1_460' title='bbox 1596 1095 1797 1127; x_wconf 84' lang='lat' dir='ltr'>Broomfield),</span> <span class='ocrx_word' id='word_1_461' title='bbox 1819 1095 2034 1122; x_wconf 86' lang='lat' dir='ltr'>Londoniensis</span> <span class='ocrx_word' id='word_1_462' title='bbox 2053 1096 2205 1124; x_wconf 79' lang='lat' dir='ltr'>dioecesis.</span> <span class='ocrx_word' id='word_1_463' title='bbox 2227 1096 2362 1123; x_wconf 85' lang='lat' dir='ltr'>testimo-</span> 
     </span>
     <span class='ocr_line' id='line_1_61' title="bbox 1353 1143 2360 1176; baseline 0.002 -7"><span class='ocrx_word' id='word_1_464' title='bbox 1353 1143 1447 1169; x_wconf 84' lang='lat' dir='ltr'>niales</span> <span class='ocrx_word' id='word_1_465' title='bbox 1469 1151 1536 1170; x_wconf 88' lang='lat' dir='ltr'>suas</span> <span class='ocrx_word' id='word_1_466' title='bbox 1555 1143 1669 1170; x_wconf 84' lang='lat' dir='ltr'>litteras</span> <span class='ocrx_word' id='word_1_467' title='bbox 1695 1143 1866 1170; x_wconf 85' lang='lat' dir='ltr'>concedant.</span> <span class='ocrx_word' id='word_1_468' title='bbox 1891 1158 1921 1162; x_wconf 78' lang='lat'>——</span> <span class='ocrx_word' id='word_1_469' title='bbox 1945 1144 2032 1175; x_wconf 70' lang='lat' dir='ltr'>(Rae.</span> <span class='ocrx_word' id='word_1_470' title='bbox 2053 1143 2098 1176; x_wconf 78' lang='lat'>20,</span> <span class='ocrx_word' id='word_1_471' title='bbox 2120 1145 2140 1170; x_wconf 84' lang='lat' dir='ltr'>t.</span> <span class='ocrx_word' id='word_1_472' title='bbox 2164 1144 2198 1170; x_wconf 77' lang='lat'>‘27</span> <span class='ocrx_word' id='word_1_473' title='bbox 2220 1147 2266 1176; x_wconf 58' lang='grc' dir='ltr'>νος</span> <span class='ocrx_word' id='word_1_474' title='bbox 2291 1153 2360 1171; x_wconf 86' lang='lat' dir='ltr'>aun.</span> 
     </span>
     <span class='ocr_line' id='line_1_62' title="bbox 1353 1193 1573 1224; baseline 0.005 -6"><span class='ocrx_word' id='word_1_475' title='bbox 1353 1193 1436 1224; x_wconf 82' lang='lat' dir='ltr'>XIV,</span> <span class='ocrx_word' id='word_1_476' title='bbox 1455 1201 1479 1218; x_wconf 88' lang='lat' dir='ltr'>c.</span> <span class='ocrx_word' id='word_1_477' title='bbox 1499 1193 1573 1223; x_wconf 27' lang='lat'>15⁷1.)</span> 
     </span>
    </p>
   </div>
   <div class='ocr_carea' id='block_1_20' title="bbox 1729 838 2286 872">
    <p class='ocr_par' dir='ltr' id='par_1_20' title="bbox 1729 838 2286 872">
     <span class='ocr_line' id='line_1_63' title="bbox 1729 838 2286 872; baseline 0 -7"><span class='ocrx_word' id='word_1_478' title='bbox 1729 839 1835 865; x_wconf 83' lang='lat' dir='ltr'>Grotta</span> <span class='ocrx_word' id='word_1_479' title='bbox 1850 839 1980 867; x_wconf 79' lang='lat' dir='ltr'>Ferrata,</span> <span class='ocrx_word' id='word_1_480' title='bbox 1997 839 2012 865; x_wconf 87' lang='lat'>3</span> <span class='ocrx_word' id='word_1_481' title='bbox 2028 838 2194 872; x_wconf 85' lang='lat' dir='ltr'>septembre</span> <span class='ocrx_word' id='word_1_482' title='bbox 2208 839 2286 865; x_wconf 68' lang='lat'>1240.</span> 
     </span>
    </p>
   </div>
   <div class='ocr_carea' id='block_1_21' title="bbox 1355 1302 2368 2348">
    <p class='ocr_par' dir='ltr' id='par_1_21' title="bbox 1355 1302 2368 2348">
     <span class='ocr_line' id='line_1_64' title="bbox 1396 1302 2365 1340; baseline 0.001 -10"><span class='ocrx_word' id='word_1_483' title='bbox 1396 1314 1408 1327; x_wconf 73' lang='grc' dir='ltr'><em>α</em></span> <span class='ocrx_word' id='word_1_484' title='bbox 1430 1325 1449 1330; x_wconf 89' lang='grc'>..</span> <span class='ocrx_word' id='word_1_485' title='bbox 1467 1302 1577 1331; x_wconf 76' lang='lat' dir='ltr'>decano</span> <span class='ocrx_word' id='word_1_486' title='bbox 1595 1307 1620 1331; x_wconf 81' lang='lat' dir='ltr'>et</span> <span class='ocrx_word' id='word_1_487' title='bbox 1638 1303 1772 1340; x_wconf 77' lang='lat' dir='ltr'>capituto</span> <span class='ocrx_word' id='word_1_488' title='bbox 1788 1302 2053 1331; x_wconf 75' lang='lat' dir='ltr'>Londoniensz&#39;bus.</span> <span class='ocrx_word' id='word_1_489' title='bbox 2070 1303 2142 1332; x_wconf 84' lang='lat' dir='ltr'>Non</span> <span class='ocrx_word' id='word_1_490' title='bbox 2160 1302 2289 1340; x_wconf 79' lang='lat' dir='ltr'>expedit</span> <span class='ocrx_word' id='word_1_491' title='bbox 2305 1310 2365 1332; x_wconf 87' lang='lat' dir='ltr'>ne·-</span> 
     </span>
     <span class='ocr_line' id='line_1_65' title="bbox 1355 1355 2364 1393; baseline 0 -9"><span class='ocrx_word' id='word_1_492' title='bbox 1355 1364 1418 1393; x_wconf 85' lang='lat' dir='ltr'>que</span> <span class='ocrx_word' id='word_1_493' title='bbox 1436 1373 1484 1384; x_wconf 87' lang='lat'>-—.</span> <span class='ocrx_word' id='word_1_494' title='bbox 1506 1355 1588 1385; x_wconf 89' lang='lat' dir='ltr'>Cum</span> <span class='ocrx_word' id='word_1_495' title='bbox 1615 1355 1719 1392; x_wconf 79' lang='lat' dir='ltr'>igitur</span> <span class='ocrx_word' id='word_1_496' title='bbox 1746 1355 1830 1385; x_wconf 83' lang='lat' dir='ltr'>bone</span> <span class='ocrx_word' id='word_1_497' title='bbox 1852 1355 2009 1384; x_wconf 82' lang='lat' dir='ltr'>memorie</span> <span class='ocrx_word' id='word_1_498' title='bbox 2031 1355 2208 1385; x_wconf 77' lang='lat' dir='ltr'>Robertus.</span> <span class='ocrx_word' id='word_1_499' title='bbox 2237 1355 2364 1384; x_wconf 83' lang='lat' dir='ltr'>Londo-</span> 
     </span>
     <span class='ocr_line' id='line_1_66' title="bbox 1356 1407 2362 1446; baseline 0 -10"><span class='ocrx_word' id='word_1_500' title='bbox 1356 1407 1484 1437; x_wconf 85' lang='lat' dir='ltr'>niensis</span> <span class='ocrx_word' id='word_1_501' title='bbox 1502 1407 1686 1446; x_wconf 83' lang='lat' dir='ltr'>episcopus.</span> <span class='ocrx_word' id='word_1_502' title='bbox 1710 1412 1937 1446; x_wconf 78' lang='lat' dir='ltr'>paupertatem</span> <span class='ocrx_word' id='word_1_503' title='bbox 1963 1407 2158 1437; x_wconf 82' lang='lat' dir='ltr'>dilectorum</span> <span class='ocrx_word' id='word_1_504' title='bbox 2178 1407 2324 1437; x_wconf 88' lang='lat' dir='ltr'>filiorum</span> <span class='ocrx_word' id='word_1_505' title='bbox 2342 1431 2362 1436; x_wconf 94' lang='lat'>..</span> 
     </span>
     <span class='ocr_line' id='line_1_67' title="bbox 1355 1461 2365 1499; baseline 0.001 -9"><span class='ocrx_word' id='word_1_506' title='bbox 1355 1461 1475 1499; x_wconf 83' lang='lat' dir='ltr'>prioris</span> <span class='ocrx_word' id='word_1_507' title='bbox 1493 1466 1524 1491; x_wconf 90' lang='lat' dir='ltr'>et</span> <span class='ocrx_word' id='word_1_508' title='bbox 1543 1461 1778 1491; x_wconf 84' lang='lat' dir='ltr'>canonicorum</span> <span class='ocrx_word' id='word_1_509' title='bbox 1797 1461 1935 1491; x_wconf 84' lang='lat' dir='ltr'>ecclesie</span> <span class='ocrx_word' id='word_1_510' title='bbox 1953 1462 2072 1492; x_wconf 82' lang='lat' dir='ltr'>Sancte</span> <span class='ocrx_word' id='word_1_511' title='bbox 2087 1462 2261 1491; x_wconf 82' lang='lat' dir='ltr'>Trinitatis</span> <span class='ocrx_word' id='word_1_512' title='bbox 2278 1463 2365 1492; x_wconf 91' lang='lat' dir='ltr'>Lon-</span> 
     </span>
     <span class='ocr_line' id='line_1_68' title="bbox 1355 1514 2365 1552; baseline 0.001 -9"><span class='ocrx_word' id='word_1_513' title='bbox 1355 1514 1538 1546; x_wconf 74' lang='lat' dir='ltr'>doniensis,</span> <span class='ocrx_word' id='word_1_514' title='bbox 1562 1514 1690 1544; x_wconf 89' lang='lat' dir='ltr'>ordinis</span> <span class='ocrx_word' id='word_1_515' title='bbox 1718 1514 1825 1544; x_wconf 87' lang='lat' dir='ltr'>sancti</span> <span class='ocrx_word' id='word_1_516' title='bbox 1850 1515 2041 1552; x_wconf 73' lang='lat' dir='ltr'>Augustini,</span> <span class='ocrx_word' id='word_1_517' title='bbox 2072 1515 2125 1552; x_wconf 87' lang='lat' dir='ltr'>pia</span> <span class='ocrx_word' id='word_1_518' title='bbox 2151 1515 2365 1545; x_wconf 81' lang='lat' dir='ltr'>meditatione</span> 
     </span>
     <span class='ocr_line' id='line_1_69' title="bbox 1356 1567 2366 1606; baseline 0.001 -10"><span class='ocrx_word' id='word_1_519' title='bbox 1356 1567 1583 1598; x_wconf 82' lang='lat' dir='ltr'>considerans.</span> <span class='ocrx_word' id='word_1_520' title='bbox 1605 1568 1690 1597; x_wconf 84' lang='lat' dir='ltr'>sicut</span> <span class='ocrx_word' id='word_1_521' title='bbox 1714 1576 1827 1597; x_wconf 86' lang='lat' dir='ltr'>eorum</span> <span class='ocrx_word' id='word_1_522' title='bbox 1851 1567 1947 1596; x_wconf 88' lang='lat' dir='ltr'>nobis</span> <span class='ocrx_word' id='word_1_523' title='bbox 1965 1567 2111 1597; x_wconf 81' lang='lat' dir='ltr'>exhibita</span> <span class='ocrx_word' id='word_1_524' title='bbox 2128 1567 2242 1606; x_wconf 81' lang='lat' dir='ltr'>petitio</span> <span class='ocrx_word' id='word_1_525' title='bbox 2259 1568 2366 1597; x_wconf 87' lang='lat' dir='ltr'>conti-</span> 
     </span>
     <span class='ocr_line' id='line_1_70' title="bbox 1357 1620 2364 1653; baseline 0 -3"><span class='ocrx_word' id='word_1_526' title='bbox 1357 1620 1466 1650; x_wconf 86' lang='lat' dir='ltr'>nebat.</span> <span class='ocrx_word' id='word_1_527' title='bbox 1485 1620 1659 1650; x_wconf 86' lang='lat' dir='ltr'>ecclesiam</span> <span class='ocrx_word' id='word_1_528' title='bbox 1686 1620 1723 1649; x_wconf 89' lang='lat' dir='ltr'>de</span> <span class='ocrx_word' id='word_1_529' title='bbox 1746 1620 1926 1649; x_wconf 85' lang='lat' dir='ltr'>Bromfeld.</span> <span class='ocrx_word' id='word_1_530' title='bbox 1950 1620 2193 1650; x_wconf 85' lang='lat' dir='ltr'>Londoniensis</span> <span class='ocrx_word' id='word_1_531' title='bbox 2210 1621 2364 1653; x_wconf 80' lang='lat' dir='ltr'>diocesis.</span> 
     </span>
     <span class='ocr_line' id='line_1_71' title="bbox 1358 1673 2366 1712; baseline 0.001 -10"><span class='ocrx_word' id='word_1_532' title='bbox 1358 1697 1378 1702; x_wconf 91' lang='lat'>..</span> <span class='ocrx_word' id='word_1_533' title='bbox 1396 1674 1534 1703; x_wconf 84' lang='lat' dir='ltr'>rectoris</span> <span class='ocrx_word' id='word_1_534' title='bbox 1551 1678 1580 1703; x_wconf 87' lang='lat' dir='ltr'>et</span> <span class='ocrx_word' id='word_1_535' title='bbox 1595 1696 1614 1702; x_wconf 91' lang='lat'>..</span> <span class='ocrx_word' id='word_1_536' title='bbox 1630 1673 1761 1711; x_wconf 86' lang='lat' dir='ltr'>patroni</span> <span class='ocrx_word' id='word_1_537' title='bbox 1775 1673 1881 1711; x_wconf 88' lang='lat' dir='ltr'>ipsius</span> <span class='ocrx_word' id='word_1_538' title='bbox 1894 1673 2067 1703; x_wconf 78' lang='lat' dir='ltr'>accedente</span> <span class='ocrx_word' id='word_1_539' title='bbox 2080 1682 2256 1704; x_wconf 83' lang='lat' dir='ltr'>consensu.</span> <span class='ocrx_word' id='word_1_540' title='bbox 2272 1674 2366 1712; x_wconf 85' lang='lat' dir='ltr'>quin-</span> 
     </span>
     <span class='ocr_line' id='line_1_72' title="bbox 1357 1725 2366 1765; baseline 0 -9"><span class='ocrx_word' id='word_1_541' title='bbox 1357 1727 1516 1765; x_wconf 79' lang='lat' dir='ltr'>quaginta</span> <span class='ocrx_word' id='word_1_542' title='bbox 1533 1726 1630 1756; x_wconf 89' lang='lat' dir='ltr'>annis</span> <span class='ocrx_word' id='word_1_543' title='bbox 1641 1732 1671 1756; x_wconf 92' lang='lat' dir='ltr'>et</span> <span class='ocrx_word' id='word_1_544' title='bbox 1684 1725 1826 1764; x_wconf 86' lang='lat' dir='ltr'>amplius</span> <span class='ocrx_word' id='word_1_545' title='bbox 1840 1726 1908 1765; x_wconf 85' lang='lat' dir='ltr'>jam</span> <span class='ocrx_word' id='word_1_546' title='bbox 1926 1725 2059 1763; x_wconf 84' lang='lat' dir='ltr'>elapsis.</span> <span class='ocrx_word' id='word_1_547' title='bbox 2074 1726 2108 1754; x_wconf 91' lang='lat' dir='ltr'>in</span> <span class='ocrx_word' id='word_1_548' title='bbox 2121 1735 2202 1756; x_wconf 85' lang='lat' dir='ltr'>usus</span> <span class='ocrx_word' id='word_1_549' title='bbox 2216 1726 2366 1764; x_wconf 88' lang='lat' dir='ltr'>proprios</span> 
     </span>
     <span class='ocr_line' id='line_1_73' title="bbox 1356 1779 2363 1818; baseline -0.001 -9"><span class='ocrx_word' id='word_1_550' title='bbox 1356 1784 1513 1818; x_wconf 87' lang='lat' dir='ltr'>perpetuo</span> <span class='ocrx_word' id='word_1_551' title='bbox 1525 1779 1702 1809; x_wconf 87' lang='lat' dir='ltr'>tenendam</span> <span class='ocrx_word' id='word_1_552' title='bbox 1712 1779 1977 1809; x_wconf 83' lang='lat' dir='ltr'>consideratione</span> <span class='ocrx_word' id='word_1_553' title='bbox 1990 1779 2125 1817; x_wconf 78' lang='lat' dir='ltr'>provida</span> <span class='ocrx_word' id='word_1_554' title='bbox 2134 1779 2363 1815; x_wconf 76' lang='lat' dir='ltr'>concessisset,</span> 
     </span>
     <span class='ocr_line' id='line_1_74' title="bbox 1357 1831 2367 1870; baseline -0.002 -8"><span class='ocrx_word' id='word_1_555' title='bbox 1357 1838 1388 1862; x_wconf 87' lang='lat' dir='ltr'>et</span> <span class='ocrx_word' id='word_1_556' title='bbox 1410 1832 1544 1862; x_wconf 78' lang='lat' dir='ltr'>fecisset</span> <span class='ocrx_word' id='word_1_557' title='bbox 1571 1842 1625 1862; x_wconf 88' lang='lat' dir='ltr'>eos</span> <span class='ocrx_word' id='word_1_558' title='bbox 1646 1841 1702 1870; x_wconf 88' lang='lat' dir='ltr'>per</span> <span class='ocrx_word' id='word_1_559' title='bbox 1727 1831 1790 1862; x_wconf 85' lang='lat' dir='ltr'>loci</span> <span class='ocrx_word' id='word_1_560' title='bbox 1814 1831 2086 1861; x_wconf 82' lang='lat' dir='ltr'>archidiaconum</span> <span class='ocrx_word' id='word_1_561' title='bbox 2107 1832 2140 1861; x_wconf 91' lang='lat' dir='ltr'>in</span> <span class='ocrx_word' id='word_1_562' title='bbox 2164 1831 2367 1869; x_wconf 84' lang='lat' dir='ltr'>corporalem</span> 
     </span>
     <span class='ocr_line' id='line_1_75' title="bbox 1356 1885 2367 1924; baseline -0.001 -9"><span class='ocrx_word' id='word_1_563' title='bbox 1356 1886 1502 1924; x_wconf 82' lang='lat' dir='ltr'>predicte</span> <span class='ocrx_word' id='word_1_564' title='bbox 1524 1885 1663 1915; x_wconf 82' lang='lat' dir='ltr'>ecclesie</span> <span class='ocrx_word' id='word_1_565' title='bbox 1685 1885 1930 1924; x_wconf 85' lang='lat' dir='ltr'>possessionem</span> <span class='ocrx_word' id='word_1_566' title='bbox 1952 1885 2066 1914; x_wconf 87' lang='lat' dir='ltr'>induci</span> <span class='ocrx_word' id='word_1_567' title='bbox 2082 1902 2118 1906; x_wconf 91' lang='lat'><strong>—</strong></span> <span class='ocrx_word' id='word_1_568' title='bbox 2137 1895 2143 1913; x_wconf 75' lang='grc' dir='ltr'>ε</span> <span class='ocrx_word' id='word_1_569' title='bbox 2165 1885 2367 1915; x_wconf 80' lang='lat' dir='ltr'>universita-</span> 
     </span>
     <span class='ocr_line' id='line_1_76' title="bbox 1358 1938 2367 1977; baseline 0 -9"><span class='ocrx_word' id='word_1_570' title='bbox 1358 1944 1421 1968; x_wconf 84' lang='lat' dir='ltr'>tem</span> <span class='ocrx_word' id='word_1_571' title='bbox 1442 1943 1586 1968; x_wconf 83' lang='lat' dir='ltr'>vestram</span> <span class='ocrx_word' id='word_1_572' title='bbox 1607 1947 1780 1968; x_wconf 85' lang='lat' dir='ltr'>monemus</span> <span class='ocrx_word' id='word_1_573' title='bbox 1801 1956 1839 1959; x_wconf 97' lang='lat'><strong>—</strong></span> <span class='ocrx_word' id='word_1_574' title='bbox 1861 1943 2026 1977; x_wconf 82' lang='lat' dir='ltr'>quatenus</span> <span class='ocrx_word' id='word_1_575' title='bbox 2047 1938 2255 1968; x_wconf 85' lang='lat' dir='ltr'>concessioni</span> <span class='ocrx_word' id='word_1_576' title='bbox 2279 1938 2367 1976; x_wconf 87' lang='lat' dir='ltr'>epis-</span> 
     </span>
     <span class='ocr_line' id='line_1_77' title="bbox 1357 1992 2368 2030; baseline -0.001 -8"><span class='ocrx_word' id='word_1_577' title='bbox 1357 1992 1429 2030; x_wconf 86' lang='lat' dir='ltr'>copi</span> <span class='ocrx_word' id='word_1_578' title='bbox 1448 1992 1630 2030; x_wconf 86' lang='lat' dir='ltr'>supradicti</span> <span class='ocrx_word' id='word_1_579' title='bbox 1649 2010 1687 2013; x_wconf 90' lang='lat'>——</span> <span class='ocrx_word' id='word_1_580' title='bbox 1702 1992 1885 2029; x_wconf 76' lang='lat' dir='ltr'>benignum</span> <span class='ocrx_word' id='word_1_581' title='bbox 1898 1992 2051 2030; x_wconf 85' lang='lat' dir='ltr'>prestetis</span> <span class='ocrx_word' id='word_1_582' title='bbox 2064 2001 2249 2022; x_wconf 77' lang='lat' dir='ltr'>assensum.</span> <span class='ocrx_word' id='word_1_583' title='bbox 2268 2001 2368 2030; x_wconf 81' lang='lat' dir='ltr'>super</span> 
     </span>
     <span class='ocr_line' id='line_1_78' title="bbox 1357 2044 2367 2083; baseline 0 -9"><span class='ocrx_word' id='word_1_584' title='bbox 1357 2045 1418 2074; x_wconf 90' lang='lat' dir='ltr'>hoc</span> <span class='ocrx_word' id='word_1_585' title='bbox 1436 2045 1592 2083; x_wconf 87' lang='lat' dir='ltr'>predictis</span> <span class='ocrx_word' id='word_1_586' title='bbox 1608 2045 1711 2082; x_wconf 88' lang='lat' dir='ltr'>priori</span> <span class='ocrx_word' id='word_1_587' title='bbox 1735 2049 1766 2074; x_wconf 88' lang='lat' dir='ltr'>et</span> <span class='ocrx_word' id='word_1_588' title='bbox 1789 2045 1959 2074; x_wconf 80' lang='lat' dir='ltr'>canonicis</span> <span class='ocrx_word' id='word_1_589' title='bbox 1978 2050 2105 2074; x_wconf 80' lang='lat' dir='ltr'>vestras</span> <span class='ocrx_word' id='word_1_590' title='bbox 2124 2044 2367 2075; x_wconf 84' lang='lat' dir='ltr'>testimoniales</span> 
     </span>
     <span class='ocr_line' id='line_1_79' title="bbox 1357 2097 2367 2136; baseline 0.001 -9"><span class='ocrx_word' id='word_1_591' title='bbox 1357 2098 1486 2128; x_wconf 85' lang='lat' dir='ltr'>litteras</span> <span class='ocrx_word' id='word_1_592' title='bbox 1509 2098 1727 2127; x_wconf 86' lang='lat' dir='ltr'>concedentes</span> <span class='ocrx_word' id='word_1_593' title='bbox 1749 2108 1801 2133; x_wconf 65' lang='grc' dir='ltr'>-ς</span> <span class='ocrx_word' id='word_1_594' title='bbox 1829 2097 1978 2136; x_wconf 81' lang='lat' dir='ltr'>alioquin</span> <span class='ocrx_word' id='word_1_595' title='bbox 1997 2115 2032 2119; x_wconf 85' lang='lat'>——</span> <span class='ocrx_word' id='word_1_596' title='bbox 2050 2098 2142 2127; x_wconf 76' lang='lat' dir='ltr'>vobis</span> <span class='ocrx_word' id='word_1_597' title='bbox 2158 2116 2196 2119; x_wconf 97' lang='lat'><strong>—</strong></span> <span class='ocrx_word' id='word_1_598' title='bbox 2212 2098 2367 2128; x_wconf 86' lang='lat' dir='ltr'>duximus</span> 
     </span>
     <span class='ocr_line' id='line_1_80' title="bbox 1357 2151 2367 2190; baseline 0.001 -10"><span class='ocrx_word' id='word_1_599' title='bbox 1357 2151 1601 2190; x_wconf 81' lang='lat' dir='ltr'>injungendum</span> <span class='ocrx_word' id='word_1_600' title='bbox 1633 2156 1668 2181; x_wconf 89' lang='lat' dir='ltr'>ut</span> <span class='ocrx_word' id='word_1_601' title='bbox 1701 2160 1800 2189; x_wconf 85' lang='lat' dir='ltr'>super</span> <span class='ocrx_word' id='word_1_602' title='bbox 1825 2151 1938 2181; x_wconf 90' lang='lat' dir='ltr'>eadem</span> <span class='ocrx_word' id='word_1_603' title='bbox 1965 2151 2105 2181; x_wconf 82' lang='lat' dir='ltr'>ecclesia</span> <span class='ocrx_word' id='word_1_604' title='bbox 2132 2152 2170 2181; x_wconf 89' lang='lat' dir='ltr'>de</span> <span class='ocrx_word' id='word_1_605' title='bbox 2198 2151 2367 2181; x_wconf 87' lang='lat' dir='ltr'>Bromfeld</span> 
     </span>
     <span class='ocr_line' id='line_1_81' title="bbox 1357 2204 2367 2243; baseline -0.001 -9"><span class='ocrx_word' id='word_1_606' title='bbox 1357 2205 1462 2234; x_wconf 84' lang='lat' dir='ltr'>dictos</span> <span class='ocrx_word' id='word_1_607' title='bbox 1480 2205 1624 2243; x_wconf 90' lang='lat' dir='ltr'>priorem</span> <span class='ocrx_word' id='word_1_608' title='bbox 1649 2209 1679 2234; x_wconf 88' lang='lat' dir='ltr'>et</span> <span class='ocrx_word' id='word_1_609' title='bbox 1702 2205 1880 2234; x_wconf 86' lang='lat' dir='ltr'>canonicos</span> <span class='ocrx_word' id='word_1_610' title='bbox 1903 2213 1968 2234; x_wconf 90' lang='lat' dir='ltr'>non</span> <span class='ocrx_word' id='word_1_611' title='bbox 1994 2205 2194 2243; x_wconf 86' lang='lat' dir='ltr'>presumatis</span> <span class='ocrx_word' id='word_1_612' title='bbox 2219 2204 2367 2234; x_wconf 84' lang='lat' dir='ltr'>indebite</span> 
     </span>
     <span class='ocr_line' id='line_1_82' title="bbox 1358 2257 2367 2296; baseline 0.001 -10"><span class='ocrx_word' id='word_1_613' title='bbox 1358 2257 1533 2288; x_wconf 88' lang='lat' dir='ltr'>molestare</span> <span class='ocrx_word' id='word_1_614' title='bbox 1550 2275 1597 2287; x_wconf 89' lang='lat'>—.</span> <span class='ocrx_word' id='word_1_615' title='bbox 1619 2259 1692 2287; x_wconf 91' lang='lat' dir='ltr'>Dat.</span> <span class='ocrx_word' id='word_1_616' title='bbox 1718 2258 1803 2296; x_wconf 87' lang='lat' dir='ltr'>apud</span> <span class='ocrx_word' id='word_1_617' title='bbox 1826 2258 1974 2296; x_wconf 87' lang='lat' dir='ltr'>Criptam</span> <span class='ocrx_word' id='word_1_618' title='bbox 1997 2259 2176 2292; x_wconf 85' lang='lat' dir='ltr'>Ferratam,</span> <span class='ocrx_word' id='word_1_619' title='bbox 2196 2258 2244 2287; x_wconf 92' lang='lat' dir='ltr'>III</span> <span class='ocrx_word' id='word_1_620' title='bbox 2261 2266 2367 2287; x_wconf 89' lang='lat' dir='ltr'>nonas</span> 
     </span>
     <span class='ocr_line' id='line_1_83' title="bbox 1358 2310 1986 2348; baseline -0.005 -9"><span class='ocrx_word' id='word_1_621' title='bbox 1358 2310 1567 2348; x_wconf 85' lang='lat' dir='ltr'>septembris.</span> <span class='ocrx_word' id='word_1_622' title='bbox 1588 2319 1674 2339; x_wconf 89' lang='lat' dir='ltr'>anno</span> <span class='ocrx_word' id='word_1_623' title='bbox 1692 2310 1951 2348; x_wconf 86' lang='lat' dir='ltr'>quartodecimo.</span> <span class='ocrx_word' id='word_1_624' title='bbox 1975 2323 1986 2336; x_wconf 84' lang='lat'>»</span> 
     </span>
    </p>
   </div>
   <div class='ocr_carea' id='block_1_22' title="bbox 1428 2515 1545 2544">
    <p class='ocr_par' dir='ltr' id='par_1_22' title="bbox 1428 2515 1545 2544">
     <span class='ocr_line' id='line_1_84' title="bbox 1428 2515 1545 2544; baseline 0.009 -1"><span class='ocrx_word' id='word_1_625' title='bbox 1428 2515 1545 2544; x_wconf 70' lang='lat'>5292</span> 
     </span>
    </p>
   </div>
   <div class='ocr_carea' id='block_1_23' title="bbox 1357 2577 2371 2898">
    <p class='ocr_par' dir='ltr' id='par_1_23' title="bbox 1357 2577 2371 2898">
     <span class='ocr_line' id='line_1_85' title="bbox 1393 2577 2369 2612; baseline 0.002 -9"><span class='ocrx_word' id='word_1_626' title='bbox 1393 2577 1550 2609; x_wconf 80' lang='lat' dir='ltr'>Potestati,</span> <span class='ocrx_word' id='word_1_627' title='bbox 1570 2577 1694 2604; x_wconf 90' lang='lat' dir='ltr'>consilio</span> <span class='ocrx_word' id='word_1_628' title='bbox 1714 2579 1743 2604; x_wconf 88' lang='lat' dir='ltr'>et</span> <span class='ocrx_word' id='word_1_629' title='bbox 1763 2578 1870 2612; x_wconf 86' lang='lat' dir='ltr'>populo</span> <span class='ocrx_word' id='word_1_630' title='bbox 1892 2577 2072 2612; x_wconf 73' lang='lat' dir='ltr'>Spoletanis,</span> <span class='ocrx_word' id='word_1_631' title='bbox 2089 2578 2120 2604; x_wconf 89' lang='lat' dir='ltr'>in</span> <span class='ocrx_word' id='word_1_632' title='bbox 2137 2578 2293 2605; x_wconf 83' lang='lat' dir='ltr'>devotione</span> <span class='ocrx_word' id='word_1_633' title='bbox 2310 2579 2369 2605; x_wconf 83' lang='lat' dir='ltr'>Ro-</span> 
     </span>
     <span class='ocr_line' id='line_1_86' title="bbox 1359 2625 2369 2660; baseline 0.002 -9"><span class='ocrx_word' id='word_1_634' title='bbox 1359 2633 1464 2652; x_wconf 86' lang='lat' dir='ltr'>manae</span> <span class='ocrx_word' id='word_1_635' title='bbox 1479 2625 1630 2652; x_wconf 85' lang='lat' dir='ltr'>Ecclesiae</span> <span class='ocrx_word' id='word_1_636' title='bbox 1646 2625 1886 2660; x_wconf 88' lang='lat' dir='ltr'>persistentibus,</span> <span class='ocrx_word' id='word_1_637' title='bbox 1904 2625 2038 2652; x_wconf 89' lang='lat' dir='ltr'>redditus</span> <span class='ocrx_word' id='word_1_638' title='bbox 2059 2634 2130 2660; x_wconf 89' lang='lat' dir='ltr'>quos</span> <span class='ocrx_word' id='word_1_639' title='bbox 2146 2626 2246 2653; x_wconf 88' lang='lat' dir='ltr'>eadem</span> <span class='ocrx_word' id='word_1_640' title='bbox 2266 2626 2369 2654; x_wconf 90' lang='lat' dir='ltr'>Eccle-</span> 
     </span>
     <span class='ocr_line' id='line_1_87' title="bbox 1357 2674 2368 2708; baseline 0.002 -8"><span class='ocrx_word' id='word_1_641' title='bbox 1357 2674 1401 2701; x_wconf 86' lang='lat' dir='ltr'>sia</span> <span class='ocrx_word' id='word_1_642' title='bbox 1424 2674 1455 2700; x_wconf 91' lang='lat' dir='ltr'>in</span> <span class='ocrx_word' id='word_1_643' title='bbox 1474 2674 1601 2700; x_wconf 85' lang='lat' dir='ltr'>dioecesi</span> <span class='ocrx_word' id='word_1_644' title='bbox 1625 2674 1787 2708; x_wconf 84' lang='lat' dir='ltr'>Spoletana</span> <span class='ocrx_word' id='word_1_645' title='bbox 1811 2674 1975 2706; x_wconf 84' lang='lat' dir='ltr'>obtinebat,</span> <span class='ocrx_word' id='word_1_646' title='bbox 1997 2674 2128 2708; x_wconf 81' lang='lat' dir='ltr'>exceptis</span> <span class='ocrx_word' id='word_1_647' title='bbox 2151 2675 2316 2702; x_wconf 88' lang='lat' dir='ltr'>redditibus</span> <span class='ocrx_word' id='word_1_648' title='bbox 2332 2676 2368 2702; x_wconf 89' lang='lat' dir='ltr'>ad</span> 
     </span>
     <span class='ocr_line' id='line_1_88' title="bbox 1358 2722 2369 2757; baseline 0.002 -8"><span class='ocrx_word' id='word_1_649' title='bbox 1358 2723 1451 2757; x_wconf 90' lang='lat' dir='ltr'>ipsius</span> <span class='ocrx_word' id='word_1_650' title='bbox 1468 2722 1618 2749; x_wconf 85' lang='lat' dir='ltr'>Ecclesiae</span> <span class='ocrx_word' id='word_1_651' title='bbox 1634 2722 1838 2749; x_wconf 85' lang='lat' dir='ltr'>munitionum</span> <span class='ocrx_word' id='word_1_652' title='bbox 1859 2722 2023 2750; x_wconf 87' lang='lat' dir='ltr'>custodiam</span> <span class='ocrx_word' id='word_1_653' title='bbox 2043 2723 2204 2757; x_wconf 84' lang='lat' dir='ltr'>deputatis,</span> <span class='ocrx_word' id='word_1_654' title='bbox 2221 2724 2369 2751; x_wconf 90' lang='lat' dir='ltr'>concedit.</span> 
     </span>
     <span class='ocr_line' id='line_1_89' title="bbox 1358 2765 2371 2804; baseline 0.002 -7"><span class='ocrx_word' id='word_1_655' title='bbox 1358 2786 1390 2789; x_wconf 83' lang='lat'>—</span> <span class='ocrx_word' id='word_1_656' title='bbox 1411 2772 1498 2803; x_wconf 57' lang='lat' dir='ltr'>(aaa.</span> <span class='ocrx_word' id='word_1_657' title='bbox 1521 2770 1565 2803; x_wconf 78' lang='lat'>20,</span> <span class='ocrx_word' id='word_1_658' title='bbox 1590 2772 1610 2797; x_wconf 79' lang='lat' dir='ltr'>f.</span> <span class='ocrx_word' id='word_1_659' title='bbox 1635 2771 1668 2797; x_wconf 79' lang='lat'>27</span> <span class='ocrx_word' id='word_1_660' title='bbox 1691 2774 1737 2801; x_wconf 74' lang='lat' dir='ltr'>v0;</span> <span class='ocrx_word' id='word_1_661' title='bbox 1759 2779 1829 2798; x_wconf 78' lang='lat' dir='ltr'>ann.</span> <span class='ocrx_word' id='word_1_662' title='bbox 1853 2771 1937 2804; x_wconf 78' lang='lat' dir='ltr'>xw,</span> <span class='ocrx_word' id='word_1_663' title='bbox 1955 2779 1979 2798; x_wconf 75' lang='lat' dir='ltr'>c.</span> <span class='ocrx_word' id='word_1_664' title='bbox 2002 2771 2069 2803; x_wconf 88' lang='lat'>155;</span> <span class='ocrx_word' id='word_1_665' title='bbox 2087 2771 2267 2799; x_wconf 61' lang='lat' dir='ltr'>—Mommn</span> <span class='ocrx_word' id='word_1_666' title='bbox 2288 2765 2371 2804; x_wconf 72' lang='lat'>1193,</span> 
     </span>
     <span class='ocr_line' id='line_1_90' title="bbox 1358 2819 2369 2852; baseline 0.001 -6"><span class='ocrx_word' id='word_1_667' title='bbox 1358 2822 1378 2846; x_wconf 77' lang='lat' dir='ltr'>t.</span> <span class='ocrx_word' id='word_1_668' title='bbox 1404 2819 1470 2851; x_wconf 79' lang='lat'>212;</span> <span class='ocrx_word' id='word_1_669' title='bbox 1496 2820 1573 2852; x_wconf 57' lang='lat' dir='ltr'>wid„</span> <span class='ocrx_word' id='word_1_670' title='bbox 1595 2820 1615 2846; x_wconf 78' lang='lat' dir='ltr'>t.</span> <span class='ocrx_word' id='word_1_671' title='bbox 1641 2819 1701 2852; x_wconf 76' lang='lat'>107,</span> <span class='ocrx_word' id='word_1_672' title='bbox 1723 2827 1758 2846; x_wconf 84' lang='lat' dir='ltr'>ex</span> <span class='ocrx_word' id='word_1_673' title='bbox 1784 2820 1962 2851; x_wconf 62' lang='lat' dir='ltr'>Ruminoe</span> <span class='ocrx_word' id='word_1_674' title='bbox 1981 2834 2013 2837; x_wconf 84' lang='lat'>—</span> <span class='ocrx_word' id='word_1_675' title='bbox 2037 2820 2194 2847; x_wconf 74' lang='lat' dir='ltr'>POTTHAST</span> <span class='ocrx_word' id='word_1_676' title='bbox 2213 2820 2318 2852; x_wconf 84' lang='lat'>10936;</span> <span class='ocrx_word' id='word_1_677' title='bbox 2337 2835 2369 2839; x_wconf 90' lang='lat'>—</span> 
     </span>
     <span class='ocr_line' id='line_1_91' title="bbox 1359 2867 1630 2898; baseline -0.004 -3"><span class='ocrx_word' id='word_1_678' title='bbox 1359 2869 1542 2895; x_wconf 65' lang='lat' dir='ltr'>Ronssnnsno</span> <span class='ocrx_word' id='word_1_679' title='bbox 1554 2867 1630 2898; x_wconf 76' lang='lat'>783.)</span> 
     </span>
    </p>
   </div>
   <div class='ocr_carea' id='block_1_24' title="bbox 1714 2516 2294 2550">
    <p class='ocr_par' dir='ltr' id='par_1_24' title="bbox 1714 2516 2294 2550">
     <span class='ocr_line' id='line_1_92' title="bbox 1714 2516 2294 2550; baseline 0.003 -8"><span class='ocrx_word' id='word_1_680' title='bbox 1714 2516 1819 2543; x_wconf 87' lang='lat' dir='ltr'>Grotta</span> <span class='ocrx_word' id='word_1_681' title='bbox 1835 2516 1967 2548; x_wconf 74' lang='lat' dir='ltr'>Ferrata,</span> <span class='ocrx_word' id='word_1_682' title='bbox 1984 2516 2019 2542; x_wconf 63' lang='lat'>1⁸</span> <span class='ocrx_word' id='word_1_683' title='bbox 2034 2516 2200 2550; x_wconf 86' lang='lat' dir='ltr'>septembre</span> <span class='ocrx_word' id='word_1_684' title='bbox 2215 2517 2294 2544; x_wconf 72' lang='lat'>1240.</span> 
     </span>
    </p>
   </div>
   <div class='ocr_carea' id='block_1_25' title="bbox 1400 2969 2369 3007">
    <p class='ocr_par' dir='ltr' id='par_1_25' title="bbox 1400 2969 2369 3007">
     <span class='ocr_line' id='line_1_93' title="bbox 1400 2969 2369 3007; baseline 0.003 -10"><span class='ocrx_word' id='word_1_685' title='bbox 1400 2981 1413 2996; x_wconf 77' lang='lat' dir='ltr'>u</span> <span class='ocrx_word' id='word_1_686' title='bbox 1434 2992 1452 2997; x_wconf 94' lang='lat'>..</span> <span class='ocrx_word' id='word_1_687' title='bbox 1469 2969 1619 3007; x_wconf 74' lang='lat' dir='ltr'>potestati,</span> <span class='ocrx_word' id='word_1_688' title='bbox 1648 2969 1776 2998; x_wconf 80' lang='lat' dir='ltr'>consilio</span> <span class='ocrx_word' id='word_1_689' title='bbox 1798 2974 1824 2998; x_wconf 83' lang='lat' dir='ltr'>et</span> <span class='ocrx_word' id='word_1_690' title='bbox 1842 2970 1953 3007; x_wconf 76' lang='lat' dir='ltr'>populo</span> <span class='ocrx_word' id='word_1_691' title='bbox 1975 2969 2158 3007; x_wconf 79' lang='lat' dir='ltr'>Spoletanis.</span> <span class='ocrx_word' id='word_1_692' title='bbox 2178 2969 2369 3000; x_wconf 88' lang='lat' dir='ltr'>Gaudemus</span> 
     </span>
    </p>
   </div>
  </div>
 </body>
</html>
