2553 3526
141 2929 157 2937 ο

191 318 248 347 589
978 314 1194 346 REGISTRE
1216 314 1271 344 DE
1295 307 1505 346 PEROUSE.
2234 324 2292 353 590

188 387 239 413 ter
269 382 429 421 puniendi
457 382 651 412 discretioni
683 387 736 411 tue
767 382 962 411 auctoritate
994 381 1197 419 presentium

186 435 401 465 concedimus
418 435 620 465 facultatem.
638 436 710 465 Dat.
729 439 764 464 ut
780 444 893 473 supra,
916 447 928 460 ι)

260 608 380 637 6140

227 670 365 698 Scabinis
383 672 411 697 et
427 670 533 704 populo
552 669 778 697 Coloniensibus
794 668 942 701 significat
959 677 988 694 se
1002 667 1103 694 mirari
1123 667 1198 700 quod

189 719 299 746 litteris
313 719 420 753 quibus
436 719 517 750 Otto,
536 718 639 745 Sancti
655 717 771 744 Nicolai
788 717 818 743 in
838 717 962 744 Carcere
977 717 1116 743 Tulliano
1134 716 1200 743 dia-

187 776 279 795 conus
291 768 464 799 cardinalis,
477 767 665 801 Apostolicae
678 766 763 793 Sedis
776 767 887 800 legatus
902 764 943 800 [in
957 765 1090 799 partibus
1103 766 1199 792 Theu-

187 814 310 850 toniaeL
336 824 383 843 eos
401 816 438 842 ad
459 815 616 842 servitium
637 815 691 842 Dei
712 817 740 841 et
761 814 911 841 Ecclesiae
932 814 1103 840 exhortatus
1124 817 1197 844 erat,

189 873 247 891 non
271 864 490 898 responderint;
515 873 561 890 eos
582 866 662 897 rogat
685 866 712 890 et
734 866 833 890 monet
856 866 1011 897 quatenus,
1034 863 1063 889 in
1088 863 1144 889 fide
1165 871 1197 889 ac

185 913 346 940 devotione
363 913 448 940 Sedis
464 912 663 946 Apostolicae,
681 912 728 938 cui
746 913 887 938 hactenus
901 914 1070 938 constanter
1088 911 1198 937 adbae—

185 964 298 994 serant,
313 961 514 996 persistentes,
526 961 620 987 eidem
633 962 727 994 legato
739 960 885 987 auxilium
899 963 927 986 et
940 962 1068 986 savorem
1083 960 1122 986 im
1129 968 1196 993 pen-

185 1010 271 1038 dant.
289 1008 319 1029 3'-
337 1011 424 1042 (Rae.
443 1011 517 1037 PER.
536 1011 556 1036 f.
574 1009 607 1036 10
620 1012 660 1042 v‘¹‚
678 1013 706 1035 n⁰
722 1009 779 1040 40.)

685 608 822 640 Perouse,
838 608 854 633 5
869 606 1034 640 septembre
1048 606 1127 632 1229.

231 1123 244 1138 «
268 1112 407 1142 Scabinis
430 1116 457 1140 et
476 1112 587 1149 populo
613 1111 850 1140 Coloniensibus.
877 1110 1041 1140 Constans
1065 1109 1145 1139 fides
1168 1113 1199 1139 et

187 1163 297 1194 fidelis
321 1164 508 1194 constantia
526 1172 592 1202 qua
607 1162 818 1193 Coloniensis
835 1162 953 1191 civitas
970 1162 1116 1192 Ecclesie
1133 1163 1199 1192 Ro-

188 1226 287 1248 mane
310 1221 479 1256 tamquam
497 1217 614 1247 devota
629 1216 699 1245 filia
720 1215 772 1254 pie
795 1215 893 1245 matri
910 1224 1039 1253 semper
1056 1215 1197 1249 adhesit,

186 1269 343 1300 obtinens
372 1270 412 1300 ab
437 1279 475 1300 ea
499 1269 596 1308 quasi
621 1278 713 1298 arras
740 1268 903 1305 insignes,
933 1267 1086 1297 videlicet
1111 1267 1199 1297 beati

188 1323 280 1354 Petri
295 1318 451 1353 baculum
468 1321 677 1360 pastoralem,
694 1330 799 1359 usque
817 1321 857 1350 ad
874 1321 956 1349 fines
974 1325 1059 1350 terre
1077 1320 1199 1350 celebri

186 1376 344 1415 preconio
369 1376 548 1414 predicata,
569 1375 676 1413 ipsam
698 1374 806 1404 reddit
827 1373 1059 1411 multipliciter
1078 1373 1200 1411 glorio-

186 1438 274 1465 sam3
297 1433 328 1459 et
351 1429 510 1463 Ecclesia,
530 1427 667 1466 speciali
683 1427 858 1457 affectione
880 1426 1101 1464 complectens
1121 1436 1200 1456 ean-

186 1481 274 1517 dem,
292 1481 448 1520 gratuitis
473 1489 547 1511 eam
569 1480 788 1510 beneficentie
809 1488 867 1509 sue
890 1479 1076 1517 privilegiis
1097 1483 1128 1508 et
1147 1479 1200 1508 in-

187 1534 371 1572 dulgentiis
397 1533 574 1568 decoravit,
605 1533 689 1563 alias
714 1533 755 1562 ad
782 1532 942 1562 honorem
964 1537 995 1562 et
1017 1533 1199 1570 profectum

186 1587 295 1626 ipsius
311 1587 454 1617 sollicite
473 1586 662 1624 aspirando.
686 1586 783 1617 Unde
807 1595 871 1615 non
893 1586 965 1615 sine
982 1594 1082 1615 causa
1100 1585 1201 1614 mira-

188 1649 264 1670 mur
283 1643 315 1670 et
337 1639 502 1669 mirantur
526 1639 585 1669 alii
606 1639 822 1669 vehementer
844 1638 941 1676 quod,
962 1647 1036 1667 cum
1060 1638 1200 1667 dilectus

186 1692 278 1723 filius
298 1697 410 1723 noster
426 1692 538 1732 O[tto],
559 1692 671 1722 Sancti
694 1691 825 1722 Nicolai
841 1691 875 1720 in
892 1691 1031 1721 Carcere
1047 1690 1200 1720 Tulliano

186 1746 348 1776 diaconus
367 1745 559 1783 cardinalis,
578 1744 766 1783 Apostolice
783 1744 877 1774 Sedis
894 1744 1033 1781 legatus.
1054 1754 1111 1773 vos
1131 1744 1200 1773 vice

188 1803 303 1829 nostra
325 1799 395 1829 suis
414 1798 537 1828 litteris
559 1797 716 1832 visitarit,
741 1797 968 1826 sinceritatem
992 1801 1134 1826 vestram
1161 1797 1201 1826 ad

187 1849 303 1882 Dei'et
321 1851 468 1882 Ecclesie
495 1850 669 1881 servitium
693 1849 873 1880 salul‘uiter
894 1849 1107 1879 cxbortando.
1130 1858 1197 1884 vos,

188 1905 358 1936 nescimus
375 1913 439 1943 quo
455 1904 575 1942 spiritu
587 1903 755 1937 fascinati,
774 1903 803 1932 ei
816 1903 953 1932 minime
969 1903 1199 1940 respondistis.

186 1958 283 1996 Quod
311 1958 446 1997 quidem
477 1961 568 1986 tanto
597 1956 632 1986 in
665 1956 757 1985 vobis
787 1956 921 1985 facilius
959 1960 1007 1985 est
1039 1960 1199 1990 notatum,

186 2015 313 2050 quanto
336 2010 465 2040 modica
483 2009 668 2047 nigredinis
690 2009 820 2038 macula
840 2009 1050 2046 conspectius
1067 2013 1201 2047 apparet

188 2064 225 2093 in
241 2063 425 2094 albedinis¹
441 2063 536 2092 nivee
550 2062 705 2100 puritate.
724 2062 768 2092 Ut
787 2061 900 2097 igitur.
922 2061 1115 2099 hujusmodi
1132 2070 1202 2090 ma-

187 2117 265 2147 cula
285 2116 426 2151 sublata,
451 2115 604 2146 celeriter
623 2115 701 2145 fidei
724 2117 850 2144 vesu-02
869 2115 966 2144 decor
986 2115 1127 2153 pristina
1150 2124 1202 2144 re-

188 2170 304 2200 floreat
332 2173 524 2203 venustate,
558 2168 812 2198 universitatem
839 2172 982 2197 vestram
1015 2168 1104 2197 omni
1138 2177 1203 2207 qua

189 2231 368 2262 possumus
386 2222 559 2252 affectione
571 2230 738 2259 rogamus,
755 2229 926 2250 monemus
939 2225 969 2250 et
986 2221 1202 2251 hortamurin

191 2276 344 2310 Domino,
363 2284 420 2313 per
436 2274 616 2313 apostolica
631 2273 725 2303 vobis
744 2274 867 2311 scripta
883 2274 1078 2303 mandantes
1094 2274 1203 2312 quati-

192 2338 268 2364 nus,
286 2329 321 2358 in
336 2328 400 2358 fide
417 2337 453 2357 ac
470 2328 643 2358 devotione
659 2326 848 2365 Apostolice
865 2327 960 2356 Sedis
977 2332 1008 2356 et
1025 2331 1137 2357 nostra
1156 2327 1204 2356 in-

190 2381 355 2412 flexibiles
371 2381 599 2419 persistentes,
621 2379 724 2409 nullis
747 2389 804 2409 vos
829 2380 1003 2417 patiamini
1027 2381 1204 2410 contrariis

190 2434 465 2473 suggestionibus
486 2432 730 2467 circumscribi,
756 2433 934 2471 quominus
958 2433 1064 2463 eidem
1083 2433 1202 2470 legato,

192 2488 295 2517 immo
319 2487 416 2517 nobis
439 2487 473 2515 in
497 2486 580 2524 ipso,
607 2485 807 2523 impendatis
831 2485 1020 2520 consilium,
1042 2485 1204 2515 auxilium

190 2545 225 2570 et
238 2541 395 2575 favorem,
416 2540 464 2569 ita
479 2539 566 2578 quod
582 2538 698 2568 exinde
716 2537 808 2567 vobis
826 2539 1009 2567 Romanam
1021 2538 1203 2567 Ecclesiam

190 2593 407 2624 constituatis
424 2596 581 2630 perpetuo
598 2591 804 2621 debitricem.
822 2591 895 2619 Dat.
917 2595 951 2619 ut
967 2600 1077 2629 supra.
1099 2603 1111 2618 n

267 2764 377 2793 (3141

229 2827 323 2855 Ducis
338 2827 504 2857 Bawariae,
530 2826 579 2860 qui
603 2825 755 2857 Ottonem,
775 2825 877 2852 Sancti
900 2825 1017 2851 Nicolai
1035 2825 1064 2852 in
1083 2825 1206 2852 Carcere

692 2764 828 2794 Perouse,
843 2763 858 2789 5
872 2763 1038 2797 septembre
1054 2763 1132 2790 1229.

230 2942 252 2966 1.
268 2944 318 2966 Ms.
335 2951 342 2965 .·
358 2941 513 2965 albedunis.

225 2986 252 3010 2.
271 2988 319 3010 Ms.
338 2994 344 3010 :
365 2986 457 3010 vestri.

1280 379 1420 407 Tulliano
1435 382 1592 409 diaconum
1611 385 1804 417 cardinalem,
1822 388 2014 419 apostolicum
2029 389 2154 421 legatum
2169 390 2209 425 [in
2224 400 2288 425 par-

1280 428 1359 455 tibus
1375 429 1580 466 TbeutoniaeL
1594 432 1666 459 bene
1680 439 1838 467 receperat,
1856 435 2029 462 fidelitatem
2045 446 2111 467 ersa
2123 439 2285 465 Romanam

1280 476 1443 504 Ecclesiam
1456 480 1616 513 collaudat,
1629 490 1754 515 eumque
1770 485 1850 516 rogat
1863 487 1890 509 et
1904 486 2001 510 monet
2015 488 2168 518 quamnim,
2186 487 2215 512 in
2233 488 2289 513 fide

1280 533 1314 551 ac
1329 525 1485 553 devotione
1496 528 1684 561 Apostolieae
1697 530 1781 556 Sedis
1793 538 1994 564 perseverans,
2008 534 2090 559 nulla
2104 535 2288 567 suggestione

1281 574 1429 601 contraria
1440 584 1469 601 se
1478 577 1585 603 tentari
1597 578 1760 611 permittat.
1776 593 1806 597 —
1816 580 1903 610 (Rm.
1915 580 1989 607 PER,
2002 582 2020 607 f.
2033 581 2063 607 11
2077 585 2108 613 1¹⁰,
2121 590 2148 608 n.
2161 581 2289 617 *lu-nm.)

1324 686 1336 699 «
1356 675 1455 704 Nobili
1472 677 1538 705 viro
1556 699 1575 705 ..
1594 678 1664 706 duci
1684 679 1832 707 Bawarie.
1857 680 1993 709 Gratum
2017 681 2162 718 gerimus
2187 686 2217 711 et
2237 692 2290 712 ac-

1281 731 1409 764 ceptum
1430 729 1525 766 quody
1546 729 1632 759 sicut
1652 730 1792 761 dilectus
1812 731 1901 761 filius
1918 737 2029 762 noster
2048 733 2159 772 O[tt0],
2178 736 2291 765 Sancti

1282 779 1411 809 Nicolai
1428 781 1460 809 in
1478 782 1617 812 Carcere
1634 783 1786 813 Tulliano
1803 784 1962 815 diaconus
1977 787 2166 822 cardinalis,
2187 789 2290 826 Apos-

1281 831 1378 875 tolice
1398 834 1492 864 Sedis
1509 834 1646 872 legatus,
1665 836 1735 866 suis
1753 838 1848 867 nobis
1866 838 1986 867 litteris
2005 839 2134 869 ilariter
2155 841 2291 870 intima-

1282 885 1339 920 vit,
1358 895 1435 923 erga
1458 888 1640 918 Romanam
1664 889 1857 925 Ecclesiam,
1879 896 2016 921 matrem
2043 897 2142 927 tuam,
2168 894 2290 923 invicte

1282 938 1357 968 fidei
1374 943 1405 968 et
1421 940 1588 970 indefesse
1606 951 1724 979 gerens
1737 943 1922 974 devotionis
1935 945 2099 979 affectum,
2115 955 2189 975 eum
2206 946 2292 976 mul-

1283 990 1387 1028 tiplici
1404 992 1522 1022 effectu
1539 993 1698 1029 declaras,
1720 995 1858 1032 predicti
1875 997 2055 1027 cardinalis
2074 998 2291 1037 beneplacitis

1281 1044 1467 1082 intrepidus
1484 1045 1707 1084 obsequendo,
1726 1053 1859 1085 paratus
1877 1059 1933 1087 pro
1958 1050 2104 1080 Ecclesia
2123 1056 2209 1081 stare
2233 1061 2290 1090 po-

1282 1101 1389 1126 tenter
1407 1102 1437 1126 et
1454 1098 1656 1127 adversariis
1673 1100 1815 1130 viriliter
1831 1101 2012 1131 adversari.
2031 1104 2136 1141 Super
2152 1113 2215 1142 quo
2233 1114 2292 1134 no-

1282 1148 1405 1178 bilitati
1425 1154 1478 1180 tue
1496 1151 1678 1187 gratiarum
1701 1154 1882 1183 referentes
1908 1155 2026 1184 uberes
2045 1156 2203 1191 actiones,
2222 1158 2293 1186 sin-

1282 1202 1452 1231 ceritatem
1468 1207 1557 1232 tuam
1570 1204 1748 1235 affectuose
1761 1215 1914 1243 rogamus
1927 1212 1957 1236 et
1969 1212 2092 1238 attente
2107 1218 2291 1245 monemus,

1282 1263 1339 1291 per
1372 1255 1553 1292 apostolica
1585 1257 1707 1295 scripta
1736 1259 1931 1289 mandantes
1964 1261 2139 1298 quatinus.
2172 1262 2292 1291 virtute

1283 1308 1468 1337 constantie
1491 1308 1675 1343 roboratus,
1703 1310 1737 1339 in
1763 1311 1824 1341 fide
1848 1321 1884 1341 ac
1910 1312 2081 1343 devotione
2105 1315 2292 1352 Apostolicc

1284 1360 1378 1403 Sedis
1395 1366 1426 1390 et
1443 1366 1555 1391 nostra
1572 1362 1716 1393 finaliter
1733 1373 1960 1401 perseverans.
1976 1366 2065 1395 nulla
2079 1371 2106 1395 tc
2121 1367 2292 1404 permittas

1283 1414 1449 1443 contraria
1466 1416 1679 1452 suggestione
1698 1418 1863 1455 temptari.
1887 1423 1995 1448 certus
2017 1419 2120 1449 modis
2137 1420 2292 1449 omnibus

1283 1471 1313 1496 et
1331 1476 1479 1501 securus,
1498 1469 1584 1506 quod
1596 1469 1692 1498 nobis
1712 1470 1853 1499 fideliter
1869 1471 2104 1501 assistentibus
2122 1481 2292 1510 nunquam

1283 1521 1462 1551 deerimus.
1486 1522 1542 1551 sed
1565 1523 1764 1553 omnimodis
1789 1524 1923 1554 auxiliis
1947 1525 2153 1561 assistemus,
2178 1535 2290 1563 prose-

1284 1574 1414 1612 quendo
1438 1575 1612 1604 universos
1633 1580 1663 1604 et
1689 1576 1838 1613 singulos
1864 1576 1963 1614 digna
1984 1578 2090 1614 gratia
2115 1583 2145 1607 et
2168 1579 2291 1608 favore.

1284 1626 1379 1656 Absit
1408 1627 1496 1657 euim
1520 1632 1555 1657 ut
1578 1628 1628 1658 vel
1651 1629 1796 1658 membra
1824 1630 1923 1667 capiti
1948 1630 1997 1660 vel
2019 1635 2115 1668 caput
2135 1632 2293 1661 membris

1284 1679 1427 1709 invicem
1447 1680 1511 1709 sibi
1533 1681 1652 1715 desint,
1680 1682 1760 1720 quin
1785 1682 1916 1720 integra
1938 1683 2071 1720 vigeant
2086 1684 2226 1719 unitate,
2245 1685 2291 1714 si-

1284 1731 1383 1770 bique
1400 1733 1525 1763 mutuis
1542 1734 1688 1769 auxiliis,
1716 1735 1792 1764 totis
1810 1735 1983 1765 affectibus
2005 1736 2147 1775 totisque
2165 1737 2292 1767 viribus

1284 1785 1520 1823 suffragentur.
1539 1787 1612 1816 Dat.
1630 1792 1666 1816 ut
1685 1796 1793 1825 supra.
1814 1800 1826 1813 2>

1321 1909 1433 1932 81⁴2.
1452 1921 1482 1924 —
1502 1907 1532 1932 In
1550 1906 1674 1932 eundem
1694 1907 1812 1933 modum
1835 1929 1858 1933 ..
1882 1908 2256 1941 Treverenssarchiepiscopo.

1274 1972 1277 1973 ν
1321 1958 1433 1980 6¹⁴3.
1452 1969 1487 1988 -.
1500 1954 1531 1980 In
1549 1955 1674 1981 eundem
1695 1955 1813 1981 modum
1836 1977 1859 1982 ..
1880 1963 1998 1989 epzscopo
2012 1958 2214 1989 Aryetili'nensi.

1321 2007 1433 2029 (31⁴⁴.
1452 2018 1483 2021 —
1501 2004 1532 2030 In
1550 2004 1674 2030 eundem
1694 2004 1812 2030 modum
1835 2026 1858 2031 ..
1878 2005 2136 2037 cluet·Lothorz‘nyie.

1321 2056 1433 2078 (3¹⁴5.
1453 2067 1484 2070 -
1502 2051 1533 2078 In
1551 2052 1676 2079 eundem
1697 2053 1815 2079 modun]
1838 2075 1862 2080 ..
1881 2054 1945 2077 [luci
1962 2054 2116 2079 Brabtzntie.

1321 2105 1433 2127 6146,
1452 2116 1484 2118 -
1501 2102 1533 2127 In
1550 2102 1675 2128 eundem
1694 2102 1813 2128 modum
1836 2102 1920 2127 nobili
1940 2104 1999 2127 viro
2020 2101 2041 2136 [.
2054 2101 2075 2137 .]
2098 2103 2296 2135 [αιιίνῃναυῐυῑ.

1321 2153 1434 2175 (3¹⁴7.
1454 2148 1533 2175 —In
1551 2149 1675 2175 eundem
1696 2149 1815 2175 modum
1840 2150 1926 2174 nobili
1950 2151 2007 2175 viro
2039 2171 2062 2176 ..
2094 2151 2188 2175 emnia·
2214 2151 2297 2175 Pata-

1287 2198 1372 2222 tcno2.

1357 2371 1475 2399 (3¹48
1743 2372 1879 2403 Perouse,
1898 2372 1930 2398 10
1947 2372 2105 2398 novembre
2122 2370 2225 2406 [1229]

1321 2435 1469 2465 Tliomae,
1502 2435 1584 2461 tituli
1619 2434 1746 2461 Sanctae
1778 2430 1906 2460 Sabinae
1935 2433 2106 2468 presbytero
2138 2434 2297 2467 cardinali,

1286 2483 1474 2517 Apostolicae
1496 2483 1581 2509 Sedis
1607 2484 1711 2516 legato,
1739 2483 1910 2508 facultatem
1936 2482 2069 2508 concedit
2099 2482 2296 2515 Fridericum,

1286 2531 1400 2558 dictum
1431 2531 1651 2565 imperatorem,
1679 2530 1862 2557 absolvendi.
1888 2545 1919 2548 —-
1945 2531 2031 2562 (Res.
2055 2531 2129 2556 PER.
2157 2531 2176 2556 ἰ.
2203 2530 2234 2556 11
2261 2535 2295 2562 1¹¹¹,

1288 2582 1316 2604 11¹³
1337 2579 1394 2608 48.)

1330 2692 1342 2705 «
1367 2679 1524 2718 [T[lt0me],
1552 2679 1635 2706 tituli
1657 2678 1763 2707 Sancte
1786 2678 1894 2707 Sabine
1915 2677 2091 2716 p[resbiler0
2115 2677 2296 2716 cardinali],

1287 2732 1452 2769 Apostolice
1474 2732 1559 2759 Sedis
1584 2732 1719 2768 leqszl0³.]
1746 2731 1792 2760 De
1813 2735 1865 2760 tue
1884 2730 1960 2760 fidei
1980 2731 2135 2768 puritate,
2154 2730 2298 2759 circum-

1322 2849 1343 2873 1.
1363 2849 1546 2879 Lantegravio
1560 2848 1702 2878 Turingie.

1320 2893 1344 2917 2.
1358 2893 1459 2917 Comiti
1477 2893 1597 2924 palatino
1615 2892 1712 2916 Rheni.

1322 2938 1344 2961 3.
1365 2938 1387 2961 Α
1403 2938 1488 2968 partir
1502 2937 1534 2960 de
1547 2939 1618 2960 cette
1632 2936 1709 2967 piece
1721 2936 1789 2964 6148,
1800 2937 1838 2960 les
1851 2936 1996 2966 rubriques
2009 2936 2081 2958 n'ont
2098 2936 2158 2965 plus
2175 2935 2216 2959 ete
2230 2936 2300 2959 ecri-

1291 2986 1346 3012 tes3
1363 2981 1432 3004 ainsi
1449 2988 1502 3012 que
1515 2983 1542 3011 je
1561 2981 1692 3011 l'indique
1709 2980 1776 3003 dans
1792 2980 2030 3010 l'Avantqu'opos,
2043 2981 2068 3010 je
2086 2980 2125 3002 les
2141 2980 2165 3002 ai
2182 2981 2302 3011 rempla-
