2553 3526
127 308 182 338 273
933 296 1243 340 QUATORZIEME
1266 297 1421 334 ANNEE.
2169 317 2223 345 0-,4

126 374 261 404 testium
274 377 305 402 et
320 372 581 401 instrumentum
593 371 768 409 quoddam,
788 380 918 409 perque
933 371 998 400 sibi
1009 370 1136 408 objecta

125 426 324 457 videbantur
346 424 443 463 plene
466 424 613 462 probata,
638 424 677 454 de
700 424 835 462 speciali
852 424 1008 454 mandato
1025 428 1136 452 nostro

127 479 316 509 admittens.
335 478 483 517 predicto
503 477 614 507 abbati
636 478 707 507 suis
723 477 845 507 litteris
866 477 1085 516 injuncxisset
1102 481 1135 505 ut

127 536 228 562 testes
251 540 333 570 quos
355 531 443 561 idem
468 540 567 569 super
590 530 741 560 articulis
762 531 792 560 ei
813 530 874 560 sub
901 529 1012 567 sigillo
1028 534 1137 559 trans-

125 584 240 614 missis
270 584 450 622 producere
475 583 618 619 volebat,
652 583 823 621 reciperet.
855 587 885 612 et
910 591 1024 612 eorum
1051 582 1138 611 dicta

126 637 217 667 infra
235 641 362 667 eertum
386 636 567 666 terminum
592 636 632 666 ab
655 635 768 665 eodem
791 635 941 665 auditore
966 635 1136 673 prefixum.

127 691 167 720 ad
182 691 293 729 ipsum
308 690 478 720 remittere
501 693 691 727 procuraret
710 699 716 717 :
737 688 844 717 dictus
862 688 1045 726 episcopus.
1064 697 1138 726 pre-

126 744 207 774 fati¹
237 743 399 773 auditoris
429 742 551 772 litteris
582 742 720 771 minime
748 742 959 779 presentatis.
992 750 1078 770 anno
1109 746 1139 770 et

127 796 265 826 dimidio
296 796 350 836 [et]
376 795 518 834 amplius
534 795 603 834 jam
629 795 752 833 elapso.
778 795 945 833 prioribus
976 795 1140 824 deteriora

127 849 315 880 committit.
344 849 394 879 Ne
418 849 522 886 igitur
549 848 657 878 dictus
684 848 858 886 episcopus
884 848 922 877 de
947 857 1005 878 sua
1036 848 1140 886 possit

127 903 256 933 malitia
268 902 415 941 gloriari,
430 901 643 940 precipiendo
656 901 852 930 mandamus
867 906 1040 940 quatenus,
1062 910 1140 931 eun-

127 957 201 987 dem
217 956 408 995 episcopum
430 955 470 985 ab
489 955 598 985 officio
619 960 649 985 et
673 955 834 985 beneficio
850 956 1045 985 auctoritate
1064 964 1140 985 nos-

128 1015 179 1039 tra
195 1009 413 1048 suspendens,
432 1009 541 1046 ipsum
561 1013 597 1037 ut
609 1008 698 1037 infra
715 1013 780 1038 tres
798 1017 929 1038 menses
944 1013 1014 1046 post
1031 1017 1140 1046 recep-

129 1063 253 1093 tionem
274 1062 482 1100 presentium
508 1070 543 1091 se
569 1066 681 1091 nostro
704 1062 896 1099 conspectui
922 1066 1138 1099 representet.

127 1124 246 1155 penam
269 1124 326 1154 pro
352 1115 483 1145 meritis
512 1120 726 1153 recepturus.
754 1115 937 1145 monitione
964 1115 1137 1152 premissa.

127 1169 242 1200 eadem
260 1168 469 1202 auctoritate,
494 1168 716 1206 appellatione
738 1173 874 1203 remota,
897 1168 1086 1206 compellas.
1105 1169 1139 1198 Si

126 1231 203 1253 vero
219 1222 327 1252 dictus
343 1221 527 1260 episcopus.
548 1221 684 1251 omnino
702 1222 737 1250 in
754 1230 813 1250 sua
830 1221 1054 1251 obstinatione
1072 1230 1140 1259 per-

126 1275 262 1310 sistens,
279 1275 369 1304 infra
385 1274 466 1304 duos
490 1282 624 1304 menses
644 1273 683 1303 ad
704 1273 927 1311 Apostolicam
950 1273 1068 1303 Sedem
1085 1282 1140 1303 ve-

126 1329 199 1359 nire
212 1328 459 1367 contempserit,
471 1328 561 1367 quia.
576 1332 745 1358 crescente
758 1327 976 1363 contumacia,
992 1336 1140 1357 crescere

125 1382 222 1412 debet
237 1386 269 1412 et
290 1390 386 1420 pena,
413 1386 531 1411 extunc
557 1380 739 1419 capitulum
756 1386 787 1410 et
803 1380 928 1410 clerum
945 1381 1140 1418 Vigintimi-

125 1435 250 1466 lienses
267 1439 298 1465 et
314 1434 397 1464 alios
414 1435 485 1473 ejus
500 1434 651 1464 subditos
668 1433 707 1463 ab
724 1433 915 1464 obedientia
928 1439 959 1463 et
972 1434 1140 1472 juramen-

127 1488 170 1518 tis
186 1488 222 1517 in
239 1487 361 1527 quibus
377 1492 534 1518 tenentur
552 1487 670 1522 eidem,
690 1486 861 1517 absolvere
885 1487 1077 1526 [procures].
1096 1492 1138 1517 et.

127 1541 230 1572 donec
242 1540 333 1571 aliud
346 1541 627 1571 mandaverimus.
641 1541 749 1570 omnis
764 1541 872 1570 mutui
884 1545 915 1571 et
926 1541 1140 1571 alienationis

126 1598 332 1624 contractum
354 1594 419 1624 sibi
438 1594 572 1632 penitus
597 1593 789 1623 interdicas.
814 1595 885 1623 Dat.
912 1594 1077 1625 Laterani.
1095 1595 1140 1624 VI

126 1647 287 1678 kalendas
299 1647 388 1687 julii,
407 1656 494 1678 anno
511 1647 771 1686 quartodecimo.
791 1660 803 1673 n

197 1873 319 1902 5234

161 1936 272 1964 Abbati
286 1940 315 1964 et
328 1937 489 1964 conventui
506 1938 679 1964 monasterii
693 1939 781 1964 Altae
795 1938 937 1969 Cumbae,
959 1938 1140 1965 Cistercien-

125 1985 166 2012 sis
176 1985 300 2018 ordinis,
311 1985 516 2013 Gebennensis
527 1986 679 2019 dioecesis,
692 2002 726 2004 ὴ
738 1995 860 2020 quorum
874 1987 1139 2018 monaste1·iu1n‚in

127 2043 183 2069 quo
198 2034 291 2062 bonae
307 2034 468 2061 memoriae
488 2035 660 2061 Leodiensis
677 2036 798 2065 electus,
814 2039 984 2069 procurator
999 2036 1140 2062 ecclesiae

126 2084 317 2116 Valentinae,
334 2084 518 2118 sepulturam
542 2084 680 2118 elegerat,
699 2084 835 2110 nonnulli
858 2084 926 2110 laici
947 2085 1139 2115 Viennensis,

126 2133 307 2160 Valentinae
324 2135 353 2159 et
374 2133 579 2160 Gebennensis
602 2133 794 2165 dioecesium,
812 2137 966 2167 praetextu
985 2134 1138 2167 cujusdam

126 2182 364 2214 consuetudinis,
381 2182 524 2209 videlicet
544 2182 621 2216 quod
643 2182 802 2209 creditores
824 2183 963 2209 ecclesias
987 2183 1016 2209 in
1034 2183 1141 2216 quibus

127 2231 311 2265 sepeliantur
322 2239 439 2258 suorum
457 2231 624 2258 debitorum
640 2239 770 2265 corpora,
787 2232 919 2258 valerent
935 2240 1022 2265 super
1032 2232 1141 2258 debitis

126 2279 187 2306 suis
211 2280 381 2312 convenire,
409 2280 612 2314 aggravabant
633 2283 661 2307 et
682 2280 890 2313 molestabant,
909 2296 940 2298 —
958 2281 1093 2315 indulget
1109 2284 1141 2307 ut

127 2331 282 2363 praetextu
298 2329 466 2363 praedictae
480 2329 704 2356 consuetudinis
720 2338 737 2356 a
752 2330 834 2356 nullo
848 2330 962 2364 possint
975 2330 1140 2357 conveniri.

127 2392 160 2396 —
173 2378 260 2410 (Rae.
277 2377 321 2411 20,
343 2379 364 2404 f.
382 2378 414 2405 18
428 2381 474 2409 v⁰;
491 2386 561 2404 ann.
579 2378 662 2411 XIV,
680 2387 704 2404 c.
722 2378 790 2409 103;
804 2394 838 2396 —
853 2379 878 2406 J.
895 2379 928 2406 P.
947 2379 1076 2411 Kmscn,
1089 2380 1142 2404 Das

129 2426 267 2452 Liitcicher
281 2426 406 2453 Schisma
427 2434 488 2453 vom
503 2426 587 2452 Jahre
612 2428 696 2458 1238,
719 2427 749 2453 in
771 2427 908 2453 Rb'rm'sche
924 2428 1142 2460 Quartalschrist

126 2475 176 2507 fiir
185 2475 344 2501 christliche
363 2476 625 2501 Alterthumskunde
642 2476 699 2501 und
710 2476 761 2508 fiir
771 2476 1049 2509 Kirchenqeschichle,
1065 2480 1086 2503 t.
1101 2477 1141 2504 111

127 2523 230 2556 (1889),
247 2532 276 2558 p.
293 2524 355 2557 201,
373 2528 402 2551 n⁰
418 2525 469 2556 17;
486 2539 518 2542 —
538 2525 563 2552 J.
584 2525 770 2556 Bmxoum,
786 2525 851 2550 Acta
867 2525 1030 2557 Pontificum
1048 2525 1142 2551 Helve-

127 2575 191 2607 tica,
209 2576 229 2601 t.
246 2574 268 2607 I,
286 2582 314 2608 p.
329 2574 458 2606 143-144,
476 2577 505 2600 n⁰
519 2574 594 2605 213.)

722 1875 843 1905 Latran,
858 1875 892 1901 ‘22
907 1876 971 1909 juin
989 1875 1067 1902 1240.

168 2700 182 2716 (ι
210 2712 227 2718 ..
253 2690 354 2718 abbati
376 2695 402 2718 et
427 2690 592 2719 conventui
611 2690 794 2718 monasterii
810 2691 875 2718 Alte
891 2690 1010 2720 Cunibe.
1029 2691 1141 2719 Cister-

125 2742 237 2771 ciensis
259 2743 398 2779 ordinis,
428 2743 626 2772 Gebennensis
651 2743 789 2771 diocesis.
819 2741 1006 2780 Religionis
1031 2747 1140 2773 vestre

125 2795 220 2824 favor
233 2812 283 2824 —.
298 2796 372 2825 Dat..
388 2795 555 2830 Laterani,
573 2796 604 2825 X
620 2794 780 2825 kalendas
795 2794 884 2834 julii,
903 2804 990 2825 anno
1006 2799 1141 2834 quarto-

127 2847 267 2878 decimo.
287 2860 300 2874 »

160 2987 182 3011 1.
198 2990 248 3012 Ms.
267 2997 273 3011 :
290 2988 414 3018 prefatis.

250 3038 438 3070 GREGOIRE
458 3046 508 3074 1x,
528 3050 545 3070 t,
567 3046 614 3069 111.

2171 329 2199 344 al

1290 371 1411 398 5235
1808 376 1927 404 Latran.
1947 378 1978 403 15
1994 379 2055 410 juin
2073 380 2152 406 1240.

1255 434 1373 461 Eisdem
1395 437 1529 463 concedit
1553 442 1582 463 ut
1609 437 1638 463 in
1666 438 1793 471 ipsorum
1821 440 1952 472 grangia,
1976 450 2048 474 quae
2068 443 2222 470 Bruerium

1221 484 1456 517 nuncupabatur,
1481 485 1656 512 Bellicensis
1674 487 1826 518 dioecesis,
1844 496 1955 522 «super
1970 490 2061 516 altar»
2081 491 2223 518 viaticum

1222 540 1234 556 »
1252 532 1382 565 privatas
1396 533 1499 559 missas
1509 534 1648 561 iratribus
1659 538 1685 561 et
1696 536 1844 562 conversis
1854 536 1964 563 ibidem
1975 540 2226 567 commorantibus

1222 588 1234 605 ›)
1252 581 1398 608 celebrare
1411 590 1424 607 ι)
1442 583 1564 616 possint.
1582 598 1613 601 —
1631 584 1717 615 (Hm.
1734 584 1778 615 20,
1797 586 1815 611 s.
1831 585 1863 611 18
1876 588 1918 615 v¹‘;
1937 587 2100 617 ann.X1V,
2118 597 2141 613 c.
2160 588 2225 619 10-1;

1222 644 1252 646 —
1269 630 1294 657 J.
1310 630 1493 658 Bam-omn.
1505 632 1569 656 Acta
1583 632 1743 664 Pontificum
1756 633 1900 666 iletrecica,
1916 637 1936 660 t.
1952 635 1973 665 Ι,
1990 643 2015 668 p.
2035 636 2094 666 143,
2113 639 2141 661 n⁰
2152 636 2227 666 212.)

1264 744 1274 756 α
1295 732 1424 760 Eisdem.
1442 733 1570 762 Vestris
1587 733 1712 763 devotis
1729 734 1883 771 precibus
1899 752 1947 762 —.
1967 736 2038 764 Dat.
2061 737 2225 767 Laterani.

1222 784 1316 813 XVII
1334 784 1491 814 kalendas
1505 785 1591 823 julii.
1613 795 1699 816 anno
1716 787 1973 824 quartodecimo.
1995 800 2007 813 ι»

1292 956 1409 984 5238

1258 1019 1398 1053 Gregorio
1427 1020 1462 1046 de
1492 1020 1594 1046 Monte
1622 1021 1736 1053 Longo,
1765 1021 1943 1048 subdiacono
1971 1026 1998 1049 et
2026 1024 2138 1050 notario
2166 1033 2227 1055 suo,

1222 1068 1407 1102 Apostolicae
1424 1068 1509 1095 Sedis
1533 1070 1642 1102 legato.
1666 1070 1787 1096 mandat
1810 1074 1965 1103 quatenus,
1984 1080 2048 1097 cum
2068 1071 2133 1099 Ph..
2151 1073 2228 1099 vica-

1223 1117 1283 1143 rius
1296 1117 1449 1150 potestatis
1462 1117 1623 1149 Cumanae,
1635 1126 1651 1144 a
1664 1118 1787 1145 civitate
1799 1119 1933 1146 Cumana
1948 1120 2126 1151 recessisset,
2140 1122 2228 1148 inter>

1222 1164 1335 1191 dictum
1353 1165 1400 1191 cui
1413 1164 1564 1191 Cumanus
1576 1165 1728 1199 episcopus
1741 1166 1893 1193 civitatem
1907 1167 2029 1193 eandem
2043 1168 2228 1195 demandato

1812 960 1931 986 Latran.
1950 960 1983 986 28
1998 961 2061 994 juin
2079 962 2155 988 1210.

1222 1213 1316 1247 ipsius
1333 1214 1466 1247 Gregorii
1481 1214 1516 1240 sle
1530 1214 1632 1240 Monte
1647 1215 1744 1248 Longo
1761 1219 1962 1249 supposuerat,
1981 1217 2102 1248 relaxet,
2118 1221 2145 1243 et
2161 1226 2227 1244 cum

1223 1262 1338 1289 clericis
1362 1262 1422 1296 qui,
1444 1263 1570 1289 durante
1591 1264 1643 1289 linc
1666 1264 1835 1295 interdicto,
1858 1264 1962 1291 divina
1982 1265 2075 1291 officia
2100 1266 2229 1292 celebra-

1222 1315 1344 1341 verant,
1369 1312 1503 1345 injuncta
1529 1312 1571 1338 eis
1596 1313 1796 1346 paenitentia,
1823 1322 1908 1347 super
1932 1315 1984 1339 hoc
2009 1305 2177 1348 dispenset.
2198 1330 2227 1332 —

1223 1360 1309 1391 (Rnc.
1326 1360 1370 1389 20.
1389 1361 1408 1386 f.
1424 1360 1457 1387 18
1473 1364 1516 1390 v'3
1534 1369 1603 1387 ann.
1622 1362 1703 1390 XIV.
1721 1370 1745 1387 c.
1764 1362 1839 1390 105.)

1265 1475 1277 1488 «
1299 1462 1462 1501 G[1·eqori0]
1476 1463 1510 1491 (le
1524 1464 1618 1492 Monte
1629 1464 1735 1500 Longo.
1751 1464 1933 1492 subdiacono
1945 1469 1970 1492 et
1983 1465 2101 1492 notario
2118 1470 2228 1499 nostro,

1223 1517 1386 1553 Apostolice
1401 1517 1485 1545 Sedis
1501 1517 1606 1553 lessam.
1627 1516 1710 1546 Cum
1732 1516 1933 1546 venerabilis
1955 1517 2058 1546 frater
2080 1522 2191 1547 noster
2210 1541 2229 1545 ..

1223 1569 1392 1599 Cumanus
1416 1569 1601 1607 episcopus,
1624 1569 1708 1599 sicut
1726 1578 1762 1599 eo
1779 1570 1965 1607 accepimus
1985 1570 2159 1601 referente.
2184 1570 2231 1599 ci-

1224 1623 1359 1652 vitatem
1379 1623 1562 1653 Cumanam
1579 1622 1616 1652 de
1635 1622 1789 1652 mandato
1804 1627 1858 1652 tuo
1873 1622 2098 1652 ecclesiastico
2115 1632 2231 1660 suppo-

1224 1676 1329 1706 suerit
1344 1675 1530 1706 interdicto.
1552 1676 1580 1705 si
1597 1684 1769 1705 commune
1789 1675 1933 1705 civitatis
1957 1675 2062 1713 ipsius
2078 1675 2230 1705 intende-

1224 1734 1297 1759 rent
1306 1729 1378 1764 Ph„
1389 1729 1512 1759 vicario
1521 1729 1540 1768 [.
1549 1729 1568 1768 .]
1582 1729 1753 1767 potestatis
1764 1738 1888 1759 eorum.
1899 1733 1929 1758 et
1941 1729 2019 1758 dicti
2032 1728 2230 1768 commun[e]

1223 1787 1338 1812 contra
1359 1783 1420 1812 hoc
1443 1782 1650 1820 postmodum
1674 1782 1837 1812 venerint..
1862 1787 1892 1811 et
1918 1781 2070 1811 nonnulli
2086 1782 2230 1811 civitatis

1224 1836 1372 1875 eiusdem
1391 1835 1514 1869 clerici,
1535 1835 1674 1864 durante
1698 1835 1874 1864 interdicto
1895 1834 2096 1873 hujusmodi,
2117 1834 2229 1863 divina

1223 1889 1330 1919 officia
1351 1888 1551 1918 celebrarint
1576 1898 1582 1916 :
1608 1888 1686 1926 quia
1707 1888 1949 1925 subsequenter
1971 1887 2057 1916 idem
2079 1887 2152 1922 Ph.,
2180 1887 2230 1916 di-

1224 1943 1326 1972 misso
1342 1942 1465 1971 vicarie
1482 1941 1600 1975 officio,
1623 1950 1641 1970 a
1661 1941 1807 1979 predicta
1822 1941 1955 1970 civitate
1971 1940 2119 1974 recessit,
2138 1948 2232 1969 man-

1224 1996 1340 2024 damus
1360 2000 1538 2034 quatenus.
1558 1994 1772 2024 interdictum
1792 1994 1878 2023 idem
1895 1993 2058 2027 relaxans.
2077 2002 2151 2022 cum
2167 1993 2233 2022 eis-

1223 2049 1297 2078 dem
1327 2048 1457 2078 clericis
1488 2057 1587 2086 super
1616 2057 1653 2077 eo
1684 2047 1771 2086 quod
1795 2047 1842 2076 sic
1869 2046 2076 2076 celebravere
2106 2046 2230 2077 divina.

1224 2102 1374 2140 injuncta
1404 2102 1452 2130 eis
1482 2110 1538 2139 pro
1566 2101 1661 2130 modo
1689 2100 1783 2138 culpe
1809 2100 1993 2137 penitentia
2019 2099 2230 2136 competenti,

1225 2155 1419 2185 auctoritate
1446 2159 1558 2184 nostra
1579 2154 1768 2192 dispenses,
1794 2158 1889 2192 prout
1917 2153 2040 2182 videris
2067 2152 2230 2190 expedire.

1224 2209 1297 2238 Dat.
1331 2207 1504 2238 Laterani.
1536 2208 1602 2237 IIII
1631 2206 1790 2236 kalendas
1814 2205 1910 2245 julii,
1941 2214 2027 2235 anno
2057 2205 2233 2244 quartode-

1224 2271 1320 2291 cimo.
1344 2274 1356 2287 »

1294 2420 1412 2449 5235

1260 2484 1370 2511 Abbati
1386 2483 1513 2510 Sanctae
1527 2483 1695 2510 Genovefae
1707 2482 1884 2508 Parisiensis
1898 2481 2019 2507 mandat
2032 2483 2174 2513 quatenus
2183 2486 2232 2504 cx-

1225 2532 1505 2559 communicationis
1529 2531 1707 2558 sententiam
1733 2531 1763 2556 in
1784 2531 1921 2561 electum,
1950 2537 2028 2555 nunc
2051 2528 2232 2562 episcopum,

1225 2581 1402 2612 Metensem,
1419 2581 1449 2606 in
1468 2589 1555 2607 causa
1571 2588 1644 2613 quae
1661 2579 1737 2606 inter
1751 2579 1904 2605 ecclesiam
1923 2578 2086 2604 Metensem
2106 2580 2134 2602 et
2150 2584 2233 2609 quos>

1224 2631 1292 2657 «lam
1319 2633 1493 2656 mercatores
1522 2629 1668 2655 Romanos
1693 2628 1873 2655 vertebatur.
1901 2627 1937 2653 ab
1962 2625 2066 2652 abbate
2088 2624 2231 2652 Dervensi

1225 2680 1381 2713 prolatam,
1401 2678 1526 2704 firmiter
1545 2677 1634 2704 faciat
1655 2676 1814 2707 observari,
1835 2679 1861 2702 et
1883 2675 2036 2702 civitatem
2054 2674 2232 2700 Metensem.

1223 2728 1341 2761 aliaque
1356 2728 1417 2753 loca
1434 2726 1578 2753 Metensis
1591 2726 1735 2752 dioecesis
1750 2725 1786 2751 ad
1799 2733 1872 2758 quae
1889 2724 1966 2750 idem
1981 2723 2133 2757 episcopus
2147 2722 2233 2748 deve-

1224 2777 1312 2808 nerit,
1330 2775 1530 2802 ecclesiastico
1546 2774 1706 2801 interdicto
1722 2776 1878 2807 supponat.
1895 2787 1925 2790 —
1941 2772 2027 2803 (Res.
2042 2771 2087 2802 20,
2104 2772 2123 2797 f.
2140 2769 2172 2796 18
2186 2772 2232 2799 v’;

1224 2834 1293 2852 ann.
1320 2825 1402 2856 XIV,
1429 2833 1452 2850 c.
1481 2823 1547 2855 106;
1580 2838 1612 2841 —
1637 2823 1769 2850 Monimo
1796 2822 1874 2854 1193,
1898 2823 1917 2847 l‘.
1943 2821 1993 2851 592
2017 2835 2049 2838 -—
2075 2820 2112 2845 cs.
2136 2825 2232 2850 supra,

1225 2882 1253 2900 n.
1272 2873 1351 2904 ³714,
1370 2873 1449 2903 3877,
1464 2872 1530 2899 4341
1548 2874 1575 2898 et
1591 2871 1684 2902 4834.)

1817 2419 1936 2450 Latrau,
1951 2418 1985 2444 26
2000 2417 2063 2450 Juin
2081 2416 2159 2443 1940.

1266 2987 1278 3001 κ
1299 2975 1436 3003 ..abbati
1459 2974 1565 3003 Sancte
1588 2974 1729 3008 Geizooefe
1751 2971 1944 3000 Parisiensis.
1968 2970 2050 3000 Cum
2073 2968 2151 2997 olim
2174 2975 2235 3005 pro

2083 3035 2109 3057 18
