2553 3526
124 343 180 374 581
914 337 1129 368 REGISTRE
1151 336 1207 366 DE
1230 328 1440 366 Penonsn.
2171 338 2226 367 532

197 406 318 436 (312ss

162 470 345 498 Hominibus
361 469 514 502 cujusdam
532 468 665 495 civitatis
677 467 713 495 ad
731 476 851 494 manum
869 468 1019 493 Romanae
1033 466 1136 493 Eccle-

751 406 888 438 Perouse,
902 406 967 439 juin
984 405 1062 431 1229.

80 547 85 551 ,
125 519 188 547 siae
203 518 336 545 redditae
351 518 417 551 jura
430 525 481 543 sua
495 517 637 547 restituit,
655 517 696 543 ita
707 520 739 543 ut
756 516 809 542 illa
823 516 886 542 sine
903 515 1136 542 contradictione

129 567 264 602 qualibet
279 568 426 593 teneant'.
442 580 474 584 —
491 566 576 597 (Rea.
592 565 667 591 PER.
686 566 705 591 1‘.
719 565 735 591 9
750 570 784 596 r⁰,
802 569 832 590 n⁰
847 564 905 595 26.)

171 667 185 681 «ι
207 677 270 684 .....
289 652 473 692 [pra]vitate
490 652 600 690 aliquo
620 656 764 689 tempore
779 651 958 681 habuistis.
974 651 1068 680 vobis
1086 660 1137 681 re-

127 706 298 738 stituenda
319 714 506 741 censemus,
530 704 725 733 auctoritate
742 703 836 732 vobis
856 703 1063 741 presentium
1084 704 1138 733 in-

127 759 302 798 dulgentes
320 762 367 795 ut,
382 766 455 787 cum
466 757 635 787 civitatem
650 756 755 794 ipsam
771 755 932 785 Dominus
945 756 985 785 ad
1001 765 1134 785 manum

126 812 276 847 Ecclesie
296 813 446 842 Romane
462 810 654 844 reddiderit,
677 809 823 847 predicta
835 809 912 848 jura
928 814 959 839 et
979 809 1138 848 jurisdic-

125 865 236 896 tiones
265 865 337 895 sine
371 863 632 894 contradictione
665 861 834 900 qualibet²
863 862 1016 892 teneatis.
1045 862 1139 892 Nulli

127 927 207 956 ergo
224 922 286 948 etc.
304 918 377 947 Dat.
398 914 672 950 Perusii,‘mense
686 914 787 954 junii,
809 924 894 944 anno
912 916 1020 945 tertio.
1043 927 1056 941 n

199 1062 318 1090 8¹2⁵?

162 1125 346 1151 Potestatem
367 1126 397 1150 et
419 1124 562 1158 populum
582 1123 744 1150 Januenses
764 1126 846 1156 rogat
868 1125 896 1149 et
920 1124 1019 1149 monet
1037 1125 1140 1156 quate-

127 1181 195 1206 nus,
211 1180 279 1199 cum
294 1171 474 1204 Fridericus,
491 1171 589 1198 dictus
600 1171 771 1205 imperator,
787 1170 824 1197 ad
840 1170 1043 1197 invadendum
1061 1171 1139 1198 beati

127 1221 211 1250 Petri
234 1220 448 1256 patrimonium
472 1220 664 1255 prorupisset,
687 1219 765 1246 unde
785 1222 933 1246 meruerat
955 1219 1042 1246 feudo
1062 1220 1138 1254 quod

126 1270 166 1298 ab
185 1270 322 1298 Ecclesia
340 1270 475 1296 Romana
492 1269 623 1301 tenebat,
644 1268 674 1295 id
694 1271 738 1295 est
754 1276 841 1302 regno
858 1268 992 1300 Siciliae,
1014 1269 1138 1302 privari,

127 1319 186 1354 ipsi
202 1327 296 1354 papae
312 1319 471 1346 consilium
489 1321 517 1345 et
532 1318 680 1345 auxilium
698 1317 885 1351 impendant.
904 1331 935 1335 —-
958 1318 1045 1349 (ΗΕΘ,
1062 1318 1137 1345 PER.

127 1370 150 1396 f.
166 1368 183 1396 9
195 1373 231 1401 τ’,
247 1372 279 1394 n⁰
297 1367 356 1399 27.)

752 1061 889 1091 Percuse,
905 1060 970 1094 juin
988 1060 1067 1087 1229.

169 1468 184 1484 (ι
202 1454 250 1494 [..]
266 1455 406 1493 potestati
422 1459 449 1483 et
465 1455 576 1491 populo
590 1454 833 1491 Janumffsibus}
851 1454 971 1483 Notam
993 1458 1024 1484 et
1047 1459 1140 1484 noto-

127 1509 213 1538 riam
229 1507 436 1547 F[rederici].
454 1507 534 1537 dicti
548 1507 770 1544 imperatoris,
790 1506 1068 1544 ingratitudinem
1083 1516 1140 1537 vo-

126 1563 180 1593 his
189 1571 256 1592 non
271 1561 439 1592 credimus
449 1560 490 1590 ab
503 1560 580 1590 aliis
591 1560 828 1598 exponendam,
843 1569 917 1589 cum
933 1569 1005 1589 eam
1015 1561 1141 1598 experti

127 1615 204 1646 sitis
219 1615 255 1645 in
270 1614 386 1645 multis
403 1614 497 1644 vobis
512 1614 552 1643 ab
566 1614 638 1652 ipso
652 1623 710 1652 pro
726 1613 904 1652 multiplici
919 1614 1024 1651 gratia
1039 1618 1070 1643 et
1086 1613 1140 1643 ho-

128 1677 209 1699 nore
229 1667 436 1698 multimodis
461 1667 599 1697 offensis
622 1671 653 1697 et
678 1666 813 1705 injuriis
835 1666 1020 1696 retributis.
1045 1666 1142 1697 Cete-

127 1730 214 1757 rum,
231 1729 307 1751 cum
328 1720 436 1750 dictus
459 1719 694 1760 F[redericus],
712 1723 822 1757 preter
843 1719 927 1749 alias
945 1723 1072 1749 atroces
1088 1720 1141 1748 in-

123 1775 234 1815 jurias
253 1778 285 1804 et
307 1774 486 1804 abusiones
507 1778 660 1804 enormes
679 1772 801 1812 quibus
825 1773 1010 1802 Romanam
1027 1773 1140 1803 Eccle-

129 1828 226 1866 siam,
259 1836 324 1867 que
355 1827 466 1865 ipsum
496 1827 650 1856 nutriens
679 1826 850 1862 exaltarat,
882 1826 1140 1864 dampnabiliter

128 1880 311 1915 lacessivit,
329 1879 453 1910 oblitus
470 1879 595 1918 proprii
611 1879 804 1923 juramenti,
824 1878 876 1908 vel
894 1879 1003 1917 potius
1024 1879 1142 1909 volun-

130 1933 236 1964 tarius
251 1932 404 1968 violator,
419 1941 483 1972 quo
499 1933 738 1970 patrimonium
753 1932 842 1962 beati
860 1932 950 1962 Petri
966 1932 1141 1962 defensare

129 1992 273 2023 tenetur,
291 1992 328 2018 etv
341 1987 463 2017 abusor
480 1986 636 2016 beneficii
655 1995 718 2025 quo
737 1995 877 2023 regnum
901 1986 1015 2016 Sicilie
1037 1996 1055 2016 a
1073 1987 1141 2016 Ro-

130 2049 230 2071 mana
245 2040 394 2070 Ecclesia
416 2044 505 2070 tenet
525 2039 560 2068 in
583 2039 730 2074 feudum,
751 2039 792 2068 ad
807 2038 1030 2068 invadendum
1054 2039 1142 2069 idem

130 2093 381 2132 patrimonium,
396 2093 561 2130 corruptis
577 2092 624 2121 ibi
644 2092 898 2131 quampluribus
916 2087 1051 2130 preti03,
1068 2101 1142 2122 cum

129 2145 326 2176 hominibus
352 2146 471 2184 Regni,
501 2146 559 2184 qui
585 2154 796 2184 nequaquam
817 2150 932 2175 contra
960 2145 1143 2175 Ecclesiam

131 2198 198 2229 Sibi
214 2198 340 2229 servire
364 2202 527 2234 tenentur,
551 2207 625 2228 cum
642 2198 690 2227 nil
710 2198 777 2228 nisi
799 2207 857 2236 per
878 2197 1061 2228 Ecclesiam
1083 2198 1143 2228 ha-

130 2251 208 2282 beat
221 2251 256 2281 in
274 2251 412 2287 eisdem,
425 2251 460 2280 in
476 2251 591 2280 hostili
604 2260 704 2281 manu
719 2251 917 2289 proruperit.
932 2256 1019 2289 patet
1032 2256 1143 2290 aperte

131 2304 220 2344 quod
241 2304 365 2334 meruit
386 2305 486 2334 feudo
509 2305 645 2342 privari.
664 2304 772 2340 Unde,
790 2313 865 2334 cum
885 2305 970 2334 illud
989 2305 1144 2335 intenda-

131 2366 218 2392 mus,
235 2357 334 2387 dante
351 2357 502 2394 Domino,
522 2357 563 2387 ad
578 2366 697 2387 manus
714 2357 861 2387 Ecclesie
874 2366 1038 2393 revocare,
1056 2363 1093 2388 ut
1107 2359 1143 2387 in

132 2419 172 2440 eo
193 2410 281 2449 quod
298 2410 414 2449 inique
435 2410 592 2448 peccavit,
610 2410 798 2449 justissime
821 2411 990 2448 puniatur,
1009 2411 1144 2441 univer-

131 2463 267 2493 sitatem
294 2467 439 2493 vestram
471 2463 676 2500 affect[t10se]
712 2472 867 2501 rogamus
904 2467 936 2493 et
970 2472 1144 2494 monemus

167 2561 187 2588 1.
206 2561 247 2586 De
264 2562 351 2585 meme
368 2568 420 2591 que
436 2561 461 2584 la
477 2561 514 2584 fin
530 2561 602 2584 dela
614 2561 687 2584 bulle
701 2561 876 2591 precedente,
892 2562 917 2584 la
934 2562 1068 2592 premiere
1085 2570 1144 2593 par-

133 2607 172 2630 tie
187 2606 222 2630 de
241 2607 268 2630 la
284 2605 412 2636 presente
433 2605 511 2636 piece
531 2612 663 2635 manque;
684 2605 735 2628 elle
755 2612 785 2628 se
805 2606 925 2629 trouvait
941 2606 956 2629 a
975 2606 1001 2629 la
1021 2607 1058 2630 fin
1080 2607 1143 2630 d'un

134 2651 230 2675 cahier
249 2649 425 2680 auj0urd’hui
446 2649 543 2680 pei-du.
561 2650 654 2672 cahier
673 2649 740 2672 dont
760 2650 800 2672 les
816 2649 940 2673 derniers
956 2654 1026 2674 mots
1043 2651 1145 2675 etaient

134 2702 199 2719 sans
215 2694 300 2718 doute
320 2694 336 2717 a
357 2700 410 2724 peu
429 2693 492 2724 pres
513 2694 619 2717 ceux-ci
638 2695 723 2722 :jura
740 2696 764 2717 el
776 2695 995 2722 jurisdictiones
1010 2702 1063 2724 que
1083 2697 1146 2719 sine

132 2746 196 2768 pra.
212 2738 243 2762 Si
257 2738 388 2761 l’adresse
405 2740 430 2761 et
445 2738 567 2766 l'incipit
582 2738 643 2761 font
659 2737 762 2765 detaut,
775 2744 806 2761 ce
821 2738 868 2768 qui
886 2742 959 2762 reste
977 2739 1011 2762 de
1027 2739 1053 2762 la
1065 2740 1145 2763 lettre

134 2785 240 2813 pei-met
253 2782 290 2805 du
305 2782 394 2806 moins
406 2781 468 2805 d’en
480 2782 646 2805 determiuer
661 2783 686 2805 le
699 2789 763 2806 sens
777 2782 889 2813 general
903 2783 985 2807 d'une
997 2784 1118 2808 maniere
1131 2784 1146 2808 a

133 2833 189 2858 peu
205 2825 268 2857 pres
283 2826 414 2850 certaine.

132 2861 142 2865 -
164 2871 189 2895 2.
206 2873 257 2894 Ms.
275 2879 282 2894 .·
299 2870 401 2900 aliqua,
417 2883 449 2887 —-
467 2870 624 2900 exponetue
645 2875 671 2893 et
692 2870 827 2901 remplace
851 2871 919 2895 dans
941 2872 967 2895 la
989 2879 1081 2903 marge
1098 2881 1146 2903 par

98 2932 100 2934 v
133 2916 269 2946 qualibet.

167 2960 190 2984 3.
206 2958 248 2985 Cf.
263 2966 360 2989 supi-a,
376 2963 406 2982 κν
417 2959 476 2983 6117
490 2966 495 2980 :
513 2968 525 2979 «ι
541 2959 669 2982 civitates
685 2961 712 2982 et
727 2959 830 2990 oppida
845 2966 894 2990 per
908 2960 1108 2985 Patrimonium
1120 2967 1146 2987 et

133 3004 266 3028 ducatum
282 3003 390 3034 Spoleti
404 3003 504 3027 litteris
520 3006 547 3026 et
564 3005 733 3027 muneribus
794 3005 980 3029 sollicitans...
998 3014 1009 3028 »

1218 406 1342 431 attente
1360 401 1517 439 quatinus
1534 401 1567 430 in
1585 401 1656 436 hoc,
1676 401 1781 430 modis
1798 401 1919 440 quibus
1934 403 2094 440 poteritis,
2117 405 2228 433 cousi-

1217 454 1299 483 lium
1330 459 1360 483 et
1390 454 1551 482 auxilium
1585 454 1680 483 nobis
1709 454 1820 483 efficax
1854 454 2064 492 impendatis.
2093 456 2227 493 provide

1219 507 1428 536 attendentes
1451 507 1537 544 quod
1561 516 1628 536 rem
1651 511 1794 536 vestram
1818 507 1944 536 utiliter
1964 508 2078 543 geritis
2103 513 2132 537 et
2155 518 2229 538 ves-

1219 560 1278 588 tris
1296 559 1499 597 profectibus
1515 560 1610 598 quasi
1628 559 1857 597 principaliter
1876 560 2054 595 insudatis,
2075 561 2151 590 dum
2172 571 2229 591 su-

1218 620 1276 650 per
1293 611 1354 641 hoc
1375 611 1471 641 nobis
1488 621 1545 641 vos
1563 611 1729 641 animosos
1746 611 1939 650 impenditis
1956 612 2133 651 adjutores,
2153 622 2226 642 cuin

1187 665 1191 667 ’
1219 664 1267 694 sic
1284 673 1340 694 vos
1357 674 1374 693 a
1391 664 1505 694 multis
1521 664 1793 702 oppressionibus
1809 665 2019 702 preservetis,
2039 670 2069 694 et
2086 665 2230 694 nichilo-

1220 717 1331 746 minus
1348 717 1440 746 vobis
1461 717 1672 746 constituatis
1696 726 1732 746 ex
1757 717 1818 746 hoc
1839 718 2023 747 Romanam
2047 718 2229 748 Ecclesiam

1219 774 1376 808 perpetuo
1393 769 1598 799 debitricem.
1618 771 1692 799 Dat.
1711 775 1747 799 ut
1765 779 1875 808 supra.
1899 783 1911 796 υ

1291 928 1411 956 (3128
1796 927 1957 963 [Perousa]
1973 929 2037 962 juin
2055 928 2156 964 {1229}

1217 1016 1219 1019 ,
1257 990 1401 1016 Potestati
1419 993 1447 1016 et
1461 991 1566 1023 populo
1577 990 1710 1016 Soranis·
1726 989 1828 1016 eadem
1840 991 1899 1016 fere
1910 990 2052 1022 scribens,
2066 999 2139 1024 quae
2150 992 2231 1019 circa,

1221 1038 1300 1064 iden]
1317 1040 1434 1072 tempus
1450 1038 1566 1064 civibus
1585 1038 1756 1065 Suessanis²
1776 1047 1828 1064 nec
1846 1047 1903 1064 non
1926 1039 2042 1065 civibus
2059 1039 2230 1067 Gaietauis³

1221 1086 1378 1117 scribebat,
1395 1086 1543 1120 siguificat
1557 1096 1586 1113 se
1607 1096 1653 1113 eos
1674 1095 1833 1120 eorumque
1853 1087 2007 1114 civitatem
2024 1089 2078 1115 sub
2097 1089 2231 1116 dominio

1222 1138 1250 1162 et
1264 1135 1445 1169 protectione
1459 1135 1643 1169 Apostolicae
1661 1135 1746 1162 Sectis
1760 1135 1918 1169 suscipere,
1935 1136 1978 1162 ita
1993 1137 2068 1170 quod
2084 1137 2120 1164 de
2136 1142 2232 1165 cetero

1222 1184 1338 1210 alienae
1362 1184 1501 1218 potestati
1523 1192 1580 1210 non
1604 1183 1811 1217 subjiciantur.
1838 1199 1870 1202 —
1898 1185 1983 1216 (nm.
2008 1186 2083 1212 PER.
2109 1187 2129 1213 f.
2153 1186 2168 1212 9
2194 1193 2231 1218 1²⁰,

1223 1239 1255 1258 n⁰
1271 1232 1328 1263 28.)

1265 1340 1277 1353 «
1300 1325 1347 1366 [..]
1362 1327 1502 1365 potestati
1517 1332 1543 1355 et
1557 1328 1666 1364 populo
1680 1327 1819 1356 Soranis.
1838 1327 1938 1357 Sedes
1958 1328 2158 1366 Apostolica,
2176 1338 2233 1359 ve-

1222 1379 1283 1409 luti
1303 1381 1390 1417 [etc.,
1414 1383 1450 1408 ut
1471 1379 1506 1408 in
1531 1379 1680 1418 epistolis
1704 1380 1791 1409 circa
1813 1380 1901 1410 idem
1926 1385 2054 1419 tempus
2077 1382 2118 1411 ad
2142 1382 2232 1413 cives

1223 1433 1408 1463 Suessanos
1426 1441 1485 1462 nec
1500 1441 1564 1461 non
1579 1432 1619 1462 ad
1635 1433 1723 1462 cives
1740 1433 1919 1463 Gaietanos
1931 1433 2076 1469 directis,
2090 1444 2196 1474 usque
2211 1437 2231 1473 z]

1222 1491 1357 1524 portans
1368 1485 1496 1515 dolores
1513 1486 1685 1515 hominum
1702 1487 1936 1524 predictorum.
1951 1487 2033 1517 Cum
2048 1488 2160 1525 igitur,
2175 1498 2233 1526 per

1222 1539 1283 1568 Dei
1300 1539 1451 1576 gratiam.
1472 1543 1600 1576 tempus
1618 1539 1800 1573 advenerit,
1819 1540 1933 1578 quoin
1948 1540 2079 1569 solitam
2096 1542 2233 1578 potestis

1222 1591 1359 1629 provehi
1372 1591 1559 1620 libertatem
1571 1596 1600 1620 et
1618 1591 1731 1621 reduci
1746 1591 1785 1620 ad
1799 1591 1992 1621 fidelitatem
2005 1597 2035 1622 et
2047 1593 2231 1623 dominium

1223 1645 1371 1674 Romane
1391 1643 1549 1677 Ecclesie,
1568 1644 1684 1673 matris
1701 1649 1820 1678 vestre,
1839 1644 1879 1673 ad
1893 1654 1992 1683 quam
2009 1654 2073 1675 non
2093 1651 2161 1676 erat
2178 1647 2233 1676 du-

1223 1697 1315 1726 bium
1333 1706 1389 1726 vos
1405 1702 1564 1734 spectare,
1582 1701 1617 1726 ut
1630 1697 1700 1735 jam
1717 1706 1782 1726 non
1799 1697 1891 1727 illius
1909 1698 2021 1736 quein
2040 1699 2233 1729 servitutem

1224 1754 1369 1787 generat,
1390 1750 1447 1779 sed
1463 1749 1588 1780 libere⁴
1608 1749 1669 1778 filii
1689 1750 1851 1785 existatis,
1873 1750 2009 1788 dignum
2025 1757 2072 1781 est
2092 1757 2127 1781 ut
2143 1753 2183 1782 ab
2200 1763 2234 1782 u-

1224 1803 1359 1832 beribus
1378 1803 1616 1833 consolationis
1638 1804 1754 1833 matris
1775 1809 1882 1834 vestre
1901 1805 2046 1843 predicte
2063 1806 2233 1836 ammodor·

1225 1856 1309 1896 [etc.,
1333 1861 1368 1885 ut.
1388 1857 1423 1885 in
1439 1856 1597 1894 predictis
1613 1856 1735 1887 litteris
1755 1857 1794 1886 ad
1811 1858 1996 1888 Suessanos
2013 1858 2159 1891 directis,
2183 1869 2234 1889 us-

1225 1919 1288 1949 que
1298 1910 1317 1949 2]
1334 1909 1537 1939 utilitatibus
1552 1909 1698 1939 filiorum
1712 1910 1880 1946 omnibus,
1896 1911 1935 1940 de
1951 1911 2091 1941 fratrum
2109 1917 2234 1942 nostro-

1224 1971 1298 1992 rum
1315 1971 1466 1997 assensu,
1484 1972 1541 1991 vos
1567 1967 1598 1993 et
1616 1963 1785 1992 civitatem
1801 1968 1956 1998 vestram,
1983 1972 2057 1993 cum
2079 1965 2235 1994 omnibus

1224 2015 1320 2045 bonis
1339 2020 1413 2050 etc.,
1430 2024 1552 2053 usque:
1571 2015 1722 2052 adipisci,
1738 2015 1799 2045 sub
1815 2015 1963 2045 dominio
1979 2025 2016 2045 ac
2031 2017 2235 2054 protectione

1225 2068 1414 2106 Apostolice
1442 2068 1537 2098 Sedis
1562 2072 1593 2098 et
1618 2072 1731 2098 nostra
1758 2069 1961 2106 suscipimus
1986 2073 2060 2104 eto,
2090 2078 2197 2108 usque
2225 2079 2233 2098 :

1225 2122 1481 2156 communimus,
1509 2122 1705 2151 auctoritate
1728 2122 1934 2160 presentium
1963 2127 2147 2152 statuentes
2165 2131 2234 2157 vos,

1226 2175 1313 2204 sicut
1328 2174 1411 2204 alios
1427 2173 1588 2204 vassallos
1602 2178 1633 2204 et
1648 2174 1763 2204 fideles
1779 2175 1928 2204 Romane
1945 2174 2092 2205 Ecclesie
2108 2175 2142 2204 in
2160 2176 2236 2206 fide-

1225 2227 1318 2257 litate
1345 2227 1562 2265 persistentes
1588 2227 1745 2266 ejusdem,
1775 2228 1810 2257 in
1837 2228 1944 2266 ipsius
1971 2229 2175 2266 protectione
2199 2238 2236 2258 ac

1227 2280 1374 2310 dominio
1390 2285 1548 2318 perpetuo
1564 2281 1767 2310 retinendos.
1787 2280 1832 2310 ita
1849 2281 1936 2319 quod
1949 2281 1987 2310 de
2003 2285 2111 2310 cetero
2128 2281 2237 2311 aliene

1261 2387 1280 2409 1.
1303 2386 1346 2410 Cf.
1361 2393 1416 2409 une
1432 2386 1512 2409 lettre
1529 2386 1562 2409 de
1580 2385 1713 2415 Gregoire
1731 2386 1767 2409 lx
1784 2386 1926 2413 adi-essee,
1947 2386 1971 2409 le
1987 2386 2018 2409 29
2032 2387 2097 2409 aout
2112 2387 2237 2414 suivant,

1226 2433 1331 2460 populo
1356 2433 1476 2459 Sor-auo,
1497 2431 1629 2459 fidelibus
1652 2432 1758 2454 nostris
1778 2430 1934 2459 (Po'rrnAsT
1957 2430 2033 2458 84493
2059 2430 2234 2454 Ronnxnizuo
2268 2448 2273 2451 .

1228 2475 1286 2504 401;
1302 2482 1389 2504 supra
1406 2475 1471 2504 337).

1258 2519 1282 2542 ζΖ.
1302 2519 1446 2543 ΡοττΗΑεΤ
1461 2518 1535 2545 8403;
1553 2518 1728 2541 RonsNBi-:nc-
1745 2518 1802 2546 3883
1819 2525 1907 2546 supra
1923 2518 1977 2541 301.
1995 2519 2107 2541 Civibus
2122 2520 2238 2541 Suessa-

1229 2566 1274 2587 ru's
1291 2563 1331 2594 [19
1348 2564 1398 2586 mai
1416 2562 1498 2593 1229]-

1259 2609 1280 2631 3.
1301 2608 1446 2632 PorrnAsr
1461 2607 1554 2633 8422&
1576 2606 1750 2629 Ronesni-:Rc
1767 2606 1824 2631 392:
1844 2613 1930 2635 supra
1948 2606 2004 2630 313.
2031 2609 2143 2630 Civibus
2160 2609 2237 2630 σείε-

1228 2654 1312 2681 tanis,
1329 2652 1460 2680 fidelibus
1479 2652 1591 2677 nostris,
1606 2650 1707 2680 ‘cojuin
1727 2650 1794 2674 1229.

1259 2697 1283 2720 4.
1297 2696 1338 2720 Cf.
1355 2695 1457 2719 GALAT.
1472 2695 1519 2723 lv,
1537 2694 1624 2718 24-2‘6.

1259 2741 1282 2764 5.
1306 2739 1381 2763 Dans
1402 2739 1427 2761 la
1449 2739 1528 2761 lettre
1546 2745 1600 2761 aux
1628 2738 1767 2761 habitants
1793 2738 1826 2761 dc
1852 2738 1956 2762 Suessa
1977 2738 2162 2767 (RoneNBERG
2181 2738 2236 2767 388,

1228 2793 1257 2816 p.
1274 2784 1339 2813 307),
1355 2790 1390 2807 on
1405 2783 1436 2805 lit
1451 2789 1456 2806 :
1474 2791 1486 2805 «
1503 2784 1572 2805 Cum
1587 2784 1674 2811 iqilur
1685 2782 1791 2805 reducti
1803 2783 1863 2806 sitis
1880 2784 1914 2805 ad
1929 2783 2091 2811 fidelitatem
2105 2786 2129 2805 et
2141 2784 2235 2806 domi-

1229 2831 1310 2852 nium
1325 2830 1449 2851 Romane
1460 2828 1593 2856 Ecclesie,
1604 2828 1639 2849 ad
1653 2833 1737 2855 quam
1752 2833 1809 2849 non
1825 2829 1884 2850 erat
1900 2828 2019 2850 dubium
2037 2834 2084 2850 uos
2099 2829 2237 2855 spectare,

1228 2873 1392 2896 adherentes
1408 2872 1479 2894 sicut
1493 2871 1608 2900 subjecti
1621 2874 1647 2894 et
1662 2870 1758 2894 fideles
1769 2870 1902 2901 ejusdem,
1915 2872 1992 2901 cujus
2005 2877 2089 2894 suave
2102 2872 2196 2901 Jugum
2209 2875 2236 2894 ct

1229 2924 1299 2940 onus
1311 2917 1369 2946 eJus
1384 2919 1425 2939 est
1436 2916 1505 2943 leve,
1521 2921 1552 2938 ac
1565 2922 1613 2945 per
1629 2915 1679 2938 hoc
1693 2922 1749 2938 nori
1767 2916 1845 2938 illius
1860 2922 1913 2944 que
1930 2917 1959 2938 in
1973 2917 2137 2938 seruitutem
2153 2922 2237 2944 yeuc-

1229 2964 1280 2989 rai,
1295 2962 1342 2984 sed
1359 2961 1444 2983 libere
1457 2960 1509 2988 filii
1523 2960 1660 2988 existatis,
1677 2959 1798 2988 dignum
1812 2961 1851 2982 est
1868 2962 1897 2982 ui
1913 2960 1946 2982 ab
1958 2960 2091 2982 uberibus
2106 2960 2237 2982 consola·

1230 3006 1316 3028 tionis
1334 3003 1415 3027 Sedis
1434 3003 1602 3034 Apostolice‚
1620 3004 1720 3026 matris
1735 3005 1761 3025 et
1778 3002 1888 3026 domine
1905 3005 1994 3027 vestre
2009 3002 2164 3026 ammodo...
2180 3010 2192 3024 υ
