2553 3526
113 298 171 328 369
924 279 1234 326 QUATORZIEME
1256 279 1416 315 ANNEE.
2163 292 2222 321 370

115 364 196 394 tiam
228 366 305 392 sunt
336 360 460 399 parati,
502 363 597 397 prout
633 358 794 387 hactenus
831 356 903 386 fieri
941 354 1125 384 consuevit.

115 417 224 453 Quare
248 417 450 444 memoratus
474 411 647 450 episcopus
670 409 835 448 provideri
856 408 920 438 sihi
945 416 1044 445 super
1067 406 1127 435 hoc

116 468 289 498 humiliter
304 465 495 505 postulavit.
513 464 598 501 Quia
613 472 689 493 vero
703 462 901 492 intentionis
915 465 1025 490 nostre
1039 459 1124 498 [etc.,

116 526 152 552 ut
171 522 206 550 in
229 518 418 559 precedenti
436 517 586 556 epistola,
604 517 719 555 paucis
738 515 886 548 mutatis,
905 522 1010 552 usque
1031 513 1052 550 :]
1072 512 1128 541 de-

117 576 261 608 fensare,
280 572 475 602 mandamus
493 575 669 610 quatenus,
688 569 716 599 si
736 573 785 598 est
801 568 856 603 ita,
877 565 1033 597 relaxatis
1052 574 1128 595 sen-

117 627 243 661 tentiis,
267 626 295 655 si
321 633 403 664 quas
428 623 615 654 constiterit
642 626 849 652 executorem
871 619 1055 658 predictum
1079 617 1129 647 vel

119 680 190 719 ejus
209 678 441 715 subdelegatos
463 676 573 706 taliter
595 674 833 714 promulgasse.
859 671 1049 710 supradicto
1073 670 1130 699 ab·

118 732 187 762 bati
205 731 400 762 auctoritate
418 734 530 760 nostra
543 736 696 767 expresse
708 727 860 756 inhibere
872 733 1027 764 procures
1043 725 1129 761 [etc.,

120 790 155 816 ut
184 785 218 814 in
250 785 363 814 eadem
394 782 583 822 precedenti
613 780 763 819 epistola.
793 788 898 818 usque
925 777 944 816 :]
969 781 1129 816 pretextu,

121 838 202 868 talia
217 838 252 867 111
269 837 416 876 ejusdem
434 835 578 874 episcopi
603 833 822 873 prejudicium
846 835 1040 870 attemptare
1058 839 1132 868 pre-

122 895 242 926 sumat,
272 893 327 919 aut
355 889 438 919 alias
462 887 732 927 jurisdictionem
761 885 867 924 ipsius
894 883 1053 922 impediat
1082 882 1132 912 vel

121 943 302 983 perturbet.
321 943 394 972 Dat.
415 946 451 971 ut
467 950 578 979 supra.
599 953 611 966 »

191 1121 278 1150 539
283 1121 310 1147 4

158 1183 255 1211 Priori
281 1185 309 1210 et
334 1181 475 1209 fratribus
497 1180 609 1208 heremi
632 1179 735 1207 Sancti
760 1178 920 1211 Matthaei,
944 1178 1135 1204 Florentinae

121 1232 274 1264 dioecesis,
292 1231 353 1266 qui,
371 1232 506 1264 suscepto
526 1229 679 1263 religionis
699 1228 814 1260 habitu,
835 1228 984 1261 elegerant
1005 1234 1018 1252 «
1042 1225 1135 1253 virtu-

121 1288 136 1306 1)
157 1283 220 1307 tum
242 1279 369 1306 Domino
383 1279 437 1305 sub
450 1278 528 1305 beati
544 1277 700 1305 Benedicti
714 1277 815 1310 regula
829 1275 968 1303 famulari
984 1283 1009 1306 »‚
1022 1275 1133 1302 dictam

121 1330 253 1363 regulam
271 1328 407 1355 concedit
428 1327 608 1362 petentibus,
625 1326 661 1352 ab
678 1325 750 1359 ipsis
767 1328 793 1351 et
811 1325 940 1359 ipsorum
963 1324 1135 1351 successori-

121 1377 175 1405 bus
207 1377 237 1404 in
267 1379 441 1412 perpetuum
475 1375 702 1402 observandam,
735 1389 769 1392 —
794 1375 880 1405 (Rae.
909 1373 952 1405 ΞΟ,
978 1375 998 1400 1.
1028 1373 1059 1399 41
1089 1376 1135 1405 v⁰;

122 1435 192 1454 ann.
210 1426 294 1459 XIV,
311 1434 336 1452 c.
353 1425 429 1456 245.)

699 1118 820 1149 Latran,
837 1117 870 1143 13
888 1124 966 1142 mars
982 1116 1061 1142 1241.

166 1539 179 1554 «
199 1550 217 1556 ..
238 1527 339 1564 priori
355 1531 381 1555 et
396 1527 547 1562 fratribus
563 1525 677 1554 heremi
693 1525 798 1553 Sancti
822 1524 942 1558 Mataei,
962 1524 1137 1552 Florentiae

123 1581 257 1616 diocesis,
284 1580 404 1609 ordinis
426 1581 526 1608 sancti
549 1579 712 1608 Benedicti.
738 1577 820 1607 Cum
840 1586 898 1615 pro
919 1576 1068 1606 crucifixi
1086 1594 1135 1605 -—.

125 1635 198 1664 Dat.
216 1637 253 1663 ut
270 1642 381 1671 supra.
400 1645 412 1659 ι)

196 1811 315 1840 5395

161 1872 385 1900 Herefordiensi
401 1874 430 1899 et
446 1872 607 1899 Exoniensi
620 1872 775 1906 episcopis,
789 1874 815 1898 et
829 1872 929 1898 abbati
944 1872 1046 1899 Sancti
1063 1872 1138 1898 Ead-

126 1922 246 1956 mundi,
269 1922 474 1949 Norwicensis
489 1921 646 1953 dioecesis,
667 1922 787 1948 mandat
809 1924 954 1955 quatenus
980 1921 1136 1948 veritatem

124 1970 281 2005 inquirant
297 1978 384 2004 super
400 1970 583 2004 praejudicio
599 1969 674 2003 quod
689 1969 748 2003 regi
761 1969 888 2003 Angliae
902 1969 993 2004 possit
1005 1970 1137 2003 generari

125 2027 161 2047 ex
186 2019 312 2053 quadam
337 2018 552 2052 compositione
573 2026 646 2052 quae
671 2018 749 2045 inter·
769 2018 1001 2045 Batlioniensem
1026 2018 1139 2052 episco-

125 2075 208 2102 pum,
230 2075 265 2094 ex
289 2070 372 2101 parte
395 2075 463 2098 una,
486 2069 514 2093 et
535 2067 693 2093 monachos
715 2066 887 2093 monasterii
909 2066 1138 2099 Gfflstoniensis,

125 2115 339 2143 Bathoniensis
359 2114 513 2146 dioecesis,
531 2123 565 2141 ex
582 2115 685 2148 altera,
707 2115 920 2142 intervenerat.
938 2130 970 2133 —
990 2116 1077 2147 (Rae.
1094 2115 1139 2148 20,

125 2165 146 2192 f.
162 2164 195 2191 41
209 2167 254 2197 v⁰;
270 2172 341 2191 ann.
359 2164 443 2197 XIV,
461 2172 485 2190 c.
502 2163 578 2195 246.)

702 1811 824 1843 Latran,
841 1810 874 1837 13
892 1819 969 1837 mars
986 1811 1064 1837 1241.

167 2277 180 2292 «
197 2265 552 2303 [..]Heresoi·d[i]e11siel
570 2287 589 2293 ,.
605 2266 770 2294 Eroniensz'
782 2267 936 2303 episcopis,
958 2271 983 2294 et
1002 2289 1021 2294 ..
1039 2267 1141 2295 abbati

127 2318 235 2347 Sancti
254 2318 445 2353 Eadmundi,
469 2318 669 2347 Norwz'censis
693 2319 828 2347 diocesis.
851 2319 895 2349 Ex
917 2324 1009 2357 parte
1032 2319 1141 2348 karis-

127 2369 205 2400 simi
221 2370 256 2399 in
274 2370 407 2401 Christo
425 2370 486 2399 tilii
504 2370 609 2399 nostri
631 2394 651 2399 ..
674 2371 761 2408 regis
778 2371 897 2409 Anglie
914 2371 1058 2401 illustris
1078 2372 1142 2401 fuit

126 2423 330 2461 postulatum
347 2432 365 2452 a
383 2423 479 2452 nobis
497 2427 542 2457 ut,
563 2432 648 2459 curn,
666 2424 790 2453 dudum
810 2424 898 2454 inter
915 2425 1141 2455 venerabilem

126 2476 264 2506 fratrem
281 2480 432 2506 nostrum
451 2499 470 2504 ..
493 2475 753 2506 Bathoniensem
772 2477 973 2515 episcopum,
996 2486 1033 2507 ex
1051 2482 1142 2515 parte

126 2537 204 2564 una,
236 2532 268 2558 et
293 2528 473 2558 monachos
504 2529 700 2559 monasterii
728 2529 986 2565 Glastoniensis,
1018 2530 1142 2560 Batho-

127 2581 256 2611 niensis
273 2581 428 2616 diocesis,
447 2590 483 2611 ex
503 2581 617 2616 altera,
639 2583 823 2621 superjure
841 2588 1036 2621 patronatus
1057 2583 1144 2622 quod

126 2634 215 2664 idem
233 2634 407 2673 episcopus
425 2635 458 2664 in
477 2635 679 2665 monasterio
702 2636 773 2674 ipso
794 2645 828 2665 se
851 2636 973 2666 habere
999 2637 1140 2671 dicebat,

128 2687 167 2718 de
186 2688 387 2719 Cranemere
407 2693 438 2718 et
459 2689 658 2727 quibusdam
683 2689 758 2719 aliis
781 2690 954 2723 maneriis,
983 2699 1020 2720 ae
1042 2690 1142 2720 rebus

127 2739 204 2771 aliis
221 2741 396 2780 questione
414 2742 550 2771 suborta
567 2747 597 2771 et
615 2742 776 2772 ventilata
794 2743 931 2777 diutius,
951 2743 1143 2773 intervene-

127 2793 170 2823 rit
187 2794 320 2824 tandem
345 2803 444 2832 super
469 2794 536 2824 hiis
566 2795 760 2833 compositio
784 2795 872 2826 inter
895 2805 962 2830 eos,
987 2805 1087 2834 super
1106 2805 1144 2826 ea

127 2846 335 2877 observanda
351 2847 430 2877 hinc
446 2847 524 2877 inde
542 2848 681 2887 prestito
695 2849 896 2888 juramento,
916 2853 946 2879 et
962 2858 999 2879 ex
1017 2858 1144 2887 compo-

128 2899 250 2930 sitione
266 2899 460 2939 hujusmodi
480 2910 600 2931 corone
618 2901 708 2939 regie
729 2911 827 2940 grave
848 2902 1069 2941 prejudicium
1088 2912 1144 2940 ge-

128 2956 273 2988 neretur,
304 2953 477 2990 providere
503 2953 538 2982 in
566 2953 627 2984 hac
652 2958 745 2993 parte
771 2954 913 2985 sollicite
937 2964 1143 2985 curaremus.

253 3011 439 3042 sanceias
459 3019 505 3048 1x,
528 3022 547 3043 t.
567 3019 615 3044 111.

1210 351 1372 388 Quocirca
1403 352 1599 381 mandamus
1626 357 1790 390 quatenus
1815 353 1994 391 inquiratis
2027 364 2125 393 super
2148 356 2222 393 hoc,

1211 409 1276 434 tam
1303 414 1359 442 per
1383 405 1546 442 predictos
1572 404 1751 435 monachos
1776 414 1874 444 quam
1902 406 1984 436 alios
2007 407 2068 438 fide
2092 409 2219 446 dignos,

1211 457 1406 494 diligentius
1431 459 1615 491 veritatem,
1635 459 1723 496 ipsos
1747 459 1786 488 ad
1805 459 1848 494 id,
1868 459 1895 488 si
1911 462 2104 498 oportuerit,
2123 463 2223 492 eccle-

1213 509 1348 540 siastica
1361 519 1511 546 censura,
1530 511 1749 549 appellatione
1762 512 1955 550 postposita,
1970 514 2222 551 compellentes;

1213 562 1371 601 quicquid
1384 563 1593 598 inveneritis,
1613 564 1707 593 nobis
1723 564 1864 594 fideliter
1881 565 2105 601 rescribendo,
2125 571 2171 601 ut,
2187 577 2224 597 ex

1212 615 1372 645 relatione
1395 621 1504 645 vestra
1525 616 1691 651 instructi,
1716 617 1867 647 securius
1886 618 2113 655 procedamus.
2132 620 2226 656 Quod

1213 667 1240 696 si
1260 676 1326 697 non
1342 677 1457 697 omnes
1474 672 1534 698 etc.
1553 670 1625 698 Dat.
1648 670 1812 704 Laterani,
1833 671 1881 699 III
1899 670 1974 700 idus
1993 671 2116 707 martii,
2137 680 2226 702 anno

1215 721 1475 759 quartodecimo.
1497 733 1508 747 »

1287 887 1406 914 5396
1794 888 1917 919 Latran,
1932 889 1964 914 13
1982 897 2059 915 mars
2073 889 2152 916 1241.

1252 949 1391 975 Generali
1409 949 1547 976 ministro
1563 952 1591 976 et
1612 949 1761 976 universis
1783 949 1924 976 iratribus
1944 950 2058 977 ordinis
2074 950 2226 978 Minorum

1216 997 1362 1031 significat
1385 1006 1414 1024 se
1433 998 1569 1025 inhibere
1589 1006 1624 1024 ne
1645 998 1710 1032 quis
1731 1006 1765 1024 ex
1785 998 1926 1032 praelatis
1945 999 2136 1026 ecclesiarum
2159 999 2227 1026 abs-

1217 1054 1272 1080 que
1290 1046 1430 1073 mandato
1455 1046 1540 1073 Sedis
1556 1047 1744 1080 Apostolicae
1765 1047 1887 1080 speciali
1908 1046 1945 1073 ab
1965 1047 2006 1073 eis
2027 1048 2226 1075 obedientiam

1217 1095 1387 1120 manualem
1401 1097 1571 1128 praesumat
1585 1095 1710 1128 exigere.
1724 1110 1755 1113 —-
1770 1096 1857 1126 (REO.
1868 1095 1912 1127 20,
1926 1097 1945 1121 f.
1960 1096 1991 1122 41
2005 1099 2048 1128 v⁰;
2061 1104 2130 1122 ann.
2144 1096 2228 1128 XIV,

1217 1151 1241 1169 c.
1259 1142 1325 1175 247;
1344 1157 1375 1161 —
1390 1143 1547 1170 POTTHAST
1560 1143 1689 1175 109901.)

1261 1256 1272 1270 α
1294 1267 1312 1273 ..
1331 1245 1468 1281 yenerczli
1488 1245 1632 1274 ministro
1647 1250 1672 1273 et
1692 1245 1845 1273 universis
1863 1246 2014 1281 fratribus
2029 1247 2150 1275 ordinis
2163 1247 2231 1282 fra-

1220 1303 1300 1327 trum
1319 1299 1484 1326 1111001001.
1510 1297 1704 1327 Inducimur
1727 1297 1778 1336 pie
1800 1298 2063 1328 conversationis
2082 1316 2130 1328 —.
2156 1300 2227 1328 Dat.

1220 1355 1254 1380 ut
1272 1360 1383 1388 supra.
1405 1363 1417 1376 »

1293 1518 1410 1545 539¹?
1800 1519 1920 1549 Lati-an,
1939 1518 1972 1544 19
1990 1526 2066 1544 mars
2081 1518 2159 1545 1241.

1256 1581 1374 1607 Decano
1398 1580 1602 1606 Suessionensi
1627 1580 1781 1606 confirmat
1811 1580 1986 1606 Remensem
2010 1580 2232 1613 cancellariam,

1222 1629 1278 1663 ipsi
1295 1629 1404 1655 decano
1421 1637 1438 1655 a
1454 1629 1649 1655 Praenestino
1663 1629 1810 1663 episeopo,
1824 1628 2013 1663 Apostolicae
2026 1629 2111 1655 Sedis
2125 1630 2232 1662 legato,

1222 1678 1346 1705 ecclesia
1360 1678 1498 1704 Remensi
1517 1681 1652 1711 vacante,
1674 1687 1854 1705 concessam.
1871 1693 1902 1696 —
1919 1679 2003 1705 (Rae.
2024 1677 2067 1710 20,
2092 1679 2111 1704 f.
2134 1679 2164 1704 41
2188 1681 2233 1710 v⁰;

1221 1735 1291 1753 ann.
1315 1726 1398 1758 XIV,
1419 1735 1444 1752 c.
1469 1726 1545 1757 248.)

1264 1841 1276 1854 (ι
1302 1851 1321 1857 ..
1349 1829 1459 1857 decano
1481 1828 1702 1857 Suessionensi.
1731 1827 1868 1857 Sincera
1893 1827 2022 1856 devotio
2052 1836 2149 1865 quam
2183 1845 2231 1857 —.

1222 1882 1295 1910 Dat.
1315 1880 1481 1915 Laterani,
1504 1881 1605 1910 XIIII
1627 1879 1787 1910 kalendas
1805 1879 1932 1918 aprilis,
1954 1889 2039 1909 anno
2059 1880 2236 1918 quartode-

1222 1943 1319 1963 (ἹΠἹΟ.
1340 1946 1352 1960 1)

1293 2101 1412 2129 5398
1807 2100 1929 2132 Latran,
1946 2100 1979 2126 14
1996 2108 2075 2126 mars
2087 2100 2168 2126 1241.

1257 2163 1476 2190 Archidiacono
1493 2161 1704 2190 Cantuariensi
1723 2162 1845 2188 mandat
1862 2164 2018 2195 quatenus,
2036 2161 2151 2188 sublato
2167 2169 2240 2195 quo—

1225 2212 1294 2239 libet
1312 2212 1539 2246 impedimento,
1558 2212 1656 2238 Petro.
1678 2211 1770 2244 ipsius
1792 2219 1884 2244 papae
1901 2210 2080 2237 subdiacono
2097 2211 2238 2243 01031101-

1223 2263 1301 2292 lano,
1319 2261 1367 2295 qui
1386 2270 1436 2295 per
1451 2270 1481 2287 se
1497 2270 1529 2287 ac
1547 2269 1612 2287 suos
1631 2260 1782 2287 Ecclesiae
1801 2260 1952 2286 Romanae
1970 2259 2119 2293 obsequiis
2140 2259 2237 2285 inces-

1223 2314 1323 2337 santer
1346 2310 1512 2343 insistebat,
1535 2310 1565 2336 in
1587 2310 1687 2343 aliqua
1710 2309 1873 2343 parochiali
1896 2309 1942 2335 vel
1965 2308 2025 2335 alia
2045 2308 2236 2334 ecclesiarum

1224 2359 1454 2390 Lincolnionsis,
1469 2361 1520 2385 aut
1535 2358 1770 2390 W'intoniensis,
1788 2358 1835 2383 vel
1851 2357 2054 2383 Norwicensis
2070 2365 2119 2382 seu
2136 2356 2237 2383 Ellen-

1224 2409 1263 2435 sis
1277 2408 1435 2434 civitatum
1448 2408 1494 2434 vel
1504 2407 1695 2439 dioecesium,
1707 2405 1911 2433 Lincolniensi
1924 2405 2088 2432 cathedrali
2101 2408 2235 2438 excepta,

1225 2457 1255 2483 in
1272 2457 1412 2483 beneficio
1429 2456 1504 2490 quod
1519 2456 1554 2482 ad
1573 2456 1672 2481 miuus
1693 2454 1847 2488 sexaginta
1870 2462 1983 2480 marcas
2005 2453 2236 2486 sterlinguorum

1225 2505 1380 2532 annuatim
1398 2506 1507 2536 valeat,
1525 2504 1548 2531 si
1565 2506 1651 2530 vacat
1673 2504 1720 2529 vel
1742 2510 1830 2536 quam
1853 2502 1949 2536 primo
1966 2501 2128 2533 vacaverit,
2145 2504 2173 2527 et
2190 2501 2237 2527 in—

1225 2554 1311 2580 terim
1325 2562 1341 2580 a
1351 2553 1463 2580 duobus
1475 2552 1633 2579 abbatibus
1643 2551 1811 2585 aliquarum
1826 2550 1984 2576 civitatum
1998 2550 2044 2576 vel
2059 2549 2238 2575 dioecesium

1225 2603 1443 2637 praedictarum
1471 2601 1501 2627 in
1527 2609 1627 2627 annua
1651 2600 1793 2634 pensione
1818 2598 1928 2632 viginti
1952 2605 2119 2624 marcarum
2145 2596 2239 2624 faciat

1226 2651 1387 2685 provideri.
1403 2665 1434 2668 —
1450 2651 1536 2682 (Res.
1560 2649 1604 2682 20,
1632 2650 1651 2675 f.
1673 2649 1705 2675 41
1730 2652 1774 2680 ν“;
1791 2656 1861 2674 ann.
1876 2647 1959 2679 XIV,
1974 2655 1998 2673 c.
2013 2646 2088 2677 249.)

1268 2764 1279 2778 «
1302 2774 1322 2780 ,.
1340 2751 1558 2780 archidiacono
1575 2750 1806 2780 Cantuczriensi.
1826 2748 1860 2779 Si
1872 2747 2042 2787 quantitas
2056 2746 2174 2785 premii
2190 2762 2238 2775 —.

1260 2871 1280 2894 1.
1301 2871 1374 2894 Ανο0
1396 2870 1421 2893 la
1443 2869 1506 2893 date
1530 2871 1568 2893 IX
1593 2871 1728 2893 kalendas
1753 2869 1849 2891 martii
1871 2867 1911 2897 (=
1932 2866 1959 2890 2¹1
1986 2866 2109 2895 sevrier)‚
2130 2863 2237 2894 d'apres

1228 2915 1380 2944 WAnmNe,
1397 2918 1472 2938 Ann.
1489 2916 1601 2944 Μίηοη,
1618 2914 1667 2943 III,
1684 2913 1800 2941 415-416,
1815 2917 1843 2936 n⁰
1860 2912 1899 2941 30,
1915 2913 1941 2935 et
1958 2911 2115 2938 SBARALEA,
2129 2910 2236 2932 Bullar.

1227 2961 1383 2987 Francisc.‚
1401 2959 1422 2988 1,
1438 2958 1493 2987 2¹90,
1509 2961 1536 2981 n*
1552 2958 1605 2982 332.

2081 3010 2111 3034 ‘24
